[
    {
        "product_url": "https://www.heinemann-shop.com/en/global/freia/non-stop-xxl-400g/p/000000000001024455/",
        "brand_name": "Freia",
        "brand_url": "https://www.heinemann-shop.com/en/global/freia/c/BRAND_1378/",
        "product_name": "Non Stop XXL 400g",
        "quantity": "0.4\u00a0kg",
        "price": "\u20ac9.30",
        "price_per_quantity": "(\u20ac23.25 / 1 kg)",
        "stock_availability": "In stock, immediately available",
        "description": "A Nordic favourite - delicious dark chocolate pieces in an assortment of colourful, crispy shells, each color with it's own unique fruit flavour. Now available in travel exclusive XXL bag.",
        "primary_image": "https://www.heinemann-shop.com/medias/527Wx527H-null?context=bWFzdGVyfGltYWdlc3w3Mjg2N3xpbWFnZS9qcGVnfGFEQmxMMmhtWWk4eE1ERXpNREV5TXprME9EQTJNaTgxTWpkWGVEVXlOMGhmYm5Wc2JBfDJlNjYyYzUxZDIyYzU5MThmMjczZjE1NTNjZTE2ZjY0MzZjZmE1NDYyZTgwM2QxNDNiMDFkMzU5ZTUwOTM3YTU&v=1703021775915",
        "images": []
    },
    {
        "product_url": "https://www.heinemann-shop.com/en/global/karl-fazer/karl-fazer-milk-chocolate-with-salty-toffee-brittles-250g/p/000000000001176593/",
        "brand_name": "Karl Fazer",
        "brand_url": "https://www.heinemann-shop.com/en/global/karl-fazer/c/BRAND_5434/",
        "product_name": "Karl Fazer Milk chocolate with salty toffee brittles 250g",
        "quantity": "0.25\u00a0kg",
        "price": "\u20ac5.50",
        "price_per_quantity": "(\u20ac22.00 / 1 kg)",
        "stock_availability": "In stock, immediately available",
        "description": "A delicious combination of sweet and salty. Karl Fazer milk chocolate, toffee crunch and a pinch of salt.",
        "primary_image": "https://www.heinemann-shop.com/medias/527Wx527H-null?context=bWFzdGVyfGltYWdlc3w0MjE5MnxpbWFnZS9qcGVnfGFEZGtMMmhqWVM4eE1UYzROak00TmpFME5UTXhNQzgxTWpkWGVEVXlOMGhmYm5Wc2JBfGQ5NGZjNjhmNzM5N2IyOGI3MDI2ZjZhOGIzYzEyZjY5MThiNjIyMTY5OWVlMjRiZDg2NmUwOWUwNzg3OTVkMTk&v=1739914474846",
        "images": []
    },
    {
        "product_url": "https://www.heinemann-shop.com/en/global/lindt/lindt-lindor-tube-assorted-chocolates-with-salted-caramel/p/000000000001672974/",
        "brand_name": "Lindt",
        "brand_url": "https://www.heinemann-shop.com/en/global/lindt/c/BRAND_1486/",
        "product_name": "Lindt LINDOR Tube assorted chocolates with salted caramel",
        "quantity": "0.387\u00a0kg",
        "price": "\u20ac23.90",
        "price_per_quantity": "(\u20ac61.76 / 1 kg)",
        "stock_availability": "In stock, immediately available",
        "description": "Discover LINDOR and enjoy a moment that is yours. When you break LINDOR's delicate shell, the irresistibly smooth filling starts tomelt, gently caressing all your senses and taking you to a place where chocolate dreams come true. This attractive blue LINDOR tubecontains an assortment of five different varieties of irresistibly smooth LINDOR Balls: Milk, White, Dark, Milk Hazelnut and the new addition Milk Salted Caramel. Taste this limited edition flavour with an irresistibly soft melting filling, a hint of sea salt, and crunchy bits of caramel.",
        "primary_image": "https://www.heinemann-shop.com/medias/527Wx527H-null?context=bWFzdGVyfGltYWdlc3w3MTE2OXxpbWFnZS9qcGVnfGFEUTFMMmd3TkM4eE1UTXdNekF4TlRZME5USXhOQzgxTWpkWGVEVXlOMGhmYm5Wc2JBfGI2YjU2ZTY1NTkyZGU3MWRmM2Y2Y2ZhMTJhMzQ5Mzk0MzFkZGUxNzRmNzJhOGU0MzY3NGY1M2IyZjJkNjViNDM&v=1729631355524",
        "images": []
    },
    {
        "product_url": "https://www.heinemann-shop.com/en/global/ritter-sport/ritter-sport-dark-chocolate-50vol-100g/p/000000000000020270/",
        "brand_name": "Ritter Sport",
        "brand_url": "https://www.heinemann-shop.com/en/global/ritter-sport/c/BRAND_0476/",
        "product_name": "Ritter Sport Dark Chocolate 50%, 100g",
        "quantity": "0.1\u00a0kg",
        "price": "\u20ac3.70",
        "price_per_quantity": "(\u20ac37.00 / 1 kg)",
        "stock_availability": "In stock",
        "description": "Ritter Sport Dark Chocolate is a genuine fifties phenomenon. This chocolate, which contains at least 50% cocoa, has been around since exactly 1950. Plus, even now it simply cannot get enough of cocoa. The best fine cocoas, choice beans, and full-bodied cocoa results in a blend that is 100% first-class. Fruity, full-bodied, rich cocoa flavours combine with a mild, tangy note to become a full, fine, and bittersweet chocolate.",
        "primary_image": "https://www.heinemann-shop.com/medias/527Wx527H-null?context=bWFzdGVyfGltYWdlc3w1Njg5M3xpbWFnZS9qcGVnfGFHWTNMMmhpTUM4eE1USTROREF3TmpBeE1Ea3hNQzgxTWpkWGVEVXlOMGhmYm5Wc2JBfGUyMzZlNzZkMWE4NDFmZDY5ZTBjOGM3YWM4MjYxY2YyYzcyMWQyNjg3MWRlNmM4MWNhZTA5YTExNGMzNTM2OWY&v=1729287254463",
        "images": []
    },
    {
        "product_url": "https://www.heinemann-shop.com/en/global/be-kind/be-kind-protein-bar-with-peanuts-almonds-and-dark-chocolate-50g/p/000000000001625490/",
        "brand_name": "BE-KIND",
        "brand_url": "https://www.heinemann-shop.com/en/global/be-kind/c/BRAND_A065/",
        "product_name": "Be-Kind protein bar with peanuts, almonds and dark chocolate 50g",
        "quantity": "0.05\u00a0kg",
        "price": "",
        "price_per_quantity": "(\u20ac66,000.00 / 1000 kg)",
        "stock_availability": "",
        "description": "Double up on taste with this rich blend of delicious dark chocolate, crunchy whole nuts and 12g of protein per 50g bar.",
        "primary_image": "https://www.heinemann-shop.com/medias/527Wx527H-null?context=bWFzdGVyfGltYWdlc3wzODUzOHxpbWFnZS9qcGVnfGFESTBMMmd4WlM4eE1EWXdNVE0wT1Rrd05qUTJNaTgxTWpkWGVEVXlOMGhmYm5Wc2JBfDZjZTMxZDAyYjdlNTQ3MTk0Y2IzY2Q4OTRiNDliYzI0ZmE0MzA4NDEyODA5MmFkMmExYzMyM2QyNDY1MjEyMzA&v=1714144352377",
        "images": []
    },
    {
        "product_url": "https://www.heinemann-shop.com/en/global/ritter-sport/ritter-sport-extra-fine-milk-chocolate-35vol-100g/p/000000000000020280/",
        "brand_name": "Ritter Sport",
        "brand_url": "https://www.heinemann-shop.com/en/global/ritter-sport/c/BRAND_0476/",
        "product_name": "Ritter Sport Extra Fine Milk Chocolate 35%, 100g",
        "quantity": "0.1\u00a0kg",
        "price": "\u20ac3.70",
        "price_per_quantity": "(\u20ac37.00 / 1 kg)",
        "stock_availability": "In stock",
        "description": "Ritter Sport Milk Chocolate a true classic: it\u2019s been melting the hearts of cocoa beans and chocolate lovers alike since 1934. The Milk Chocolate\u2019s classic taste results from the rich tones of West African cocoa. A generous portion of fresh German milk perfects this delicious chocolate mass. Each piece of chocolate not only includes 35% cocoa, but the taste of fresh milk and the enjoyment of chocolate slowly melting in your mouth.",
        "primary_image": "https://www.heinemann-shop.com/medias/527Wx527H-null?context=bWFzdGVyfGltYWdlc3w1OTM3OHxpbWFnZS9qcGVnfGFERmpMMmhpWWk4eE1USTROREF3TmpNd05UZ3lNaTgxTWpkWGVEVXlOMGhmYm5Wc2JBfDlhYzRjODJjYWQxN2Y5YjU3NzA0NWVlOWNjNGNkY2QwNTZjYTdiNTIzYjIzMjg2YmYyMWUzZGUzMGM0MTUwNDc&v=1729287272146",
        "images": []
    },
    {
        "product_url": "https://www.heinemann-shop.com/en/global/godiva/godiva-carres-milk-36pcs-190g/p/000000000000863651/",
        "brand_name": "Godiva",
        "brand_url": "https://www.heinemann-shop.com/en/global/godiva/c/BRAND_0818/",
        "product_name": "Godiva Carr\u00e9s Milk 36pcs 190g",
        "quantity": "0.19\u00a0kg",
        "price": "\u20ac21.90",
        "price_per_quantity": "(\u20ac115.26 / 1 kg)",
        "stock_availability": "In stock",
        "description": "For lovers of plain solid chocolates. Carr\u00e9s feature the exclusive Godiva taste and texture. The ideal end to a perfect meal, enjoyed with coffee or tea.",
        "primary_image": "https://www.heinemann-shop.com/medias/527Wx527H-null?context=bWFzdGVyfGltYWdlc3wzNTYzN3xpbWFnZS9qcGVnfGFEbGlMMmczTXk4NU56VTVORGc0T0RZNE16Z3lMelV5TjFkNE5USTNTRjl1ZFd4c3xjMWI2ODFlODgyN2FlOWZkZjBjYzYxYjcxMjM4NDRiYTQ2NGU4YWQ5OWYzMzM0N2ZiOGI4MGJjYTE2ZWM5OGNj&v=1682629265637",
        "images": []
    },
    {
        "product_url": "https://www.heinemann-shop.com/en/global/marabou/marabou-blak-saltlakrits-220g/p/000000000001618364/",
        "brand_name": "Marabou",
        "brand_url": "https://www.heinemann-shop.com/en/global/marabou/c/BRAND_0481/",
        "product_name": "MARABOU BLAK SALTLAKRITS 220G",
        "quantity": "0.22\u00a0kg",
        "price": "\u20ac6.50",
        "price_per_quantity": "(\u20ac29.55 / 1 kg)",
        "stock_availability": "In stock, immediately available",
        "description": "Discover Marabou Black Saltakrits, an innovative mix of smooth milk chocolate and salty liquorice pieces. Comes in a King size format exclusively available in travel retail. Ideal for Marabou lovers.",
        "primary_image": "https://www.heinemann-shop.com/medias/527Wx527H-null?context=bWFzdGVyfGltYWdlc3w0MDkzOXxpbWFnZS9qcGVnfGFEQTNMMmhtTWk4eE1EZzVOelV5TURNMk1UVXdNaTgxTWpkWGVEVXlOMGhmYm5Wc2JBfGFjZTJmNmU1NGQzNDEzMDJlMWI5NTljOWY4OWFjNTJjODI1NzNiOTA4YTk3ZjllN2QzM2ViY2M3OGEyNzIxNjg&v=1721338092134",
        "images": []
    },
    {
        "product_url": "https://www.heinemann-shop.com/en/global/fisherman-s-friend/fisherman-s-friend-original-menthol-eucalyptus-no-added-sugar-4x25g/p/000000000001128400/",
        "brand_name": "Fisherman's Friend",
        "brand_url": "https://www.heinemann-shop.com/en/global/fisherman-s-friend/c/BRAND_0493/",
        "product_name": "Fisherman's Friend Original Menthol & Eucalyptus no added sugar 4x25g",
        "quantity": "0.1\u00a0kg",
        "price": "\u20ac6.70",
        "price_per_quantity": "(\u20ac67.00 / 1 kg)",
        "stock_availability": "In stock, immediately available",
        "description": "Menthol & Eucalyptus Flavour Lozenges No Added Sugar - With Sweetener. Contains naturally occurring sugars. The Fisherman's Friend product was originally developed in 1865 for fishermen working in extreme conditions of the Icelandic deep-sea fishing grounds.",
        "primary_image": "https://www.heinemann-shop.com/medias/527Wx527H-null?context=bWFzdGVyfGltYWdlc3w4MDUzN3xpbWFnZS9qcGVnfGFETmlMMmhsWkM4NU9EQXdPRGt4TVRNNE1EYzRMelV5TjFkNE5USTNTRjl1ZFd4c3wyODVjMmJiOTQ5ODMzNDg0NmNjNGU1NzcxZWU1YmQwNzEzYjNhODZlODE0NGEzZmI5ZjBjOWNkNjcxNzhlODZm&v=1691471115385",
        "images": []
    },
    {
        "product_url": "https://www.heinemann-shop.com/en/global/be-kind/be-kind-almonds-bar-with-caramel-flavoured-coating-and-sea-salt-40g/p/000000000001624844/",
        "brand_name": "BE-KIND",
        "brand_url": "https://www.heinemann-shop.com/en/global/be-kind/c/BRAND_A065/",
        "product_name": "Be-Kind almonds bar with caramel flavoured coating and sea salt 40g",
        "quantity": "0.04\u00a0kg",
        "price": "",
        "price_per_quantity": "(\u20ac82,500.00 / 1000 kg)",
        "stock_availability": "",
        "description": "Our Caramel Almond & Sea Salt bar is a sweet and salty combination of caramel & sea salt drizzled over whole almonds.",
        "primary_image": "https://www.heinemann-shop.com/medias/527Wx527H-null?context=bWFzdGVyfGltYWdlc3wzNDI4OHxpbWFnZS9qcGVnfGFHRmhMMmcxTlM4eE1EWXdNVE0wT0RZeU9EVXhNQzgxTWpkWGVEVXlOMGhmYm5Wc2JBfDEzZjNlYzA3ZjA1M2I5ZDQ1M2QxYmNlOGJkNmU5NTQyZTVhNjMzODM4ZmUxNGY4YWZiNmIyMWEzM2RmODBiOTU&v=1714144297272",
        "images": []
    },
    {
        "product_url": "https://www.heinemann-shop.com/en/global/lakrids-by-buelow/mixed-liquorice-with-chocolate/p/000000000001683726/",
        "brand_name": "Lakrids by B\u00fclow",
        "brand_url": "https://www.heinemann-shop.com/en/global/lakrids-by-buelow/c/BRAND_7902/",
        "product_name": "Mixed liquorice with chocolate",
        "quantity": "0.45\u00a0kg",
        "price": "\u20ac39.90",
        "price_per_quantity": "(\u20ac88.67 / 1 kg)",
        "stock_availability": "In stock, immediately available",
        "description": "Celebrate all those heart-shaped moments with a sumptuous selection of everything the heart could desire. Our heart-shaped LOVE SELECTION BOX offers a mix of classic and limited editions: B - PASSION FRUIT, PEACHES, STRAWBERRIES & CREAM, A - THE ORIGINAL, D - SALT & CARAMEL, F - DARK & SEA SALT and CLASSIC CARAMEL, making it the perfect way to show someone you care.",
        "primary_image": "https://www.heinemann-shop.com/medias/527Wx527H-null?context=bWFzdGVyfGltYWdlc3w1ODUyNHxpbWFnZS9qcGVnfGFERmxMMmhpWmk4eE1UYzJPVGcyT0RZNE1USTBOaTgxTWpkWGVEVXlOMGhmYm5Wc2JBfDgxMDlmMmZmYjNiODgwM2M5YmJiZTE4ZjVjMWNkYWU2NTIxYTA4MjAzNzY3N2JjNjJmOTM1ZGJkY2UyYjI5MmQ&v=1739570049583",
        "images": []
    },
    {
        "product_url": "https://www.heinemann-shop.com/en/global/cavendish-harvey/cavendish-harvey-sour-english-winegums-for-connoisseurs-800g/p/000000000001623072/",
        "brand_name": "Cavendish & Harvey",
        "brand_url": "https://www.heinemann-shop.com/en/global/cavendish-harvey/c/BRAND_0437/",
        "product_name": "Cavendish & Harvey Sour English Winegums for Connoisseurs 800g",
        "quantity": "0.8\u00a0kg",
        "price": "\u20ac12.90",
        "price_per_quantity": "(\u20ac16.12 / 1 kg)",
        "stock_availability": "In stock, immediately available",
        "description": "Juicy. Fruity. Yummy! Cavendish & Harvey Sour English Winegums for Connoisseurs are the perfect snack and satisfy every craving. With the varieties Lemon, Orange, Apple, Raspberry, Blackcurrant and Pineapple, there is a favourite flavour for everyone.",
        "primary_image": "https://www.heinemann-shop.com/medias/527Wx527H-null?context=bWFzdGVyfGltYWdlc3w1NDI1MnxpbWFnZS9qcGVnfGFEazVMMmcyTmk4eE1ESTFORFF3TnpFM01qRXlOaTgxTWpkWGVEVXlOMGhmYm5Wc2JBfGJjNzMyNTAyMTAyOTM5YjU1ZjYzZjk1ODE2Yzk1NGViZTI4ZGQ0OWRlZDZhODQxYTE0NDYwYjAxMTMyMzAyOGU&v=1706135131638",
        "images": []
    },
    {
        "product_url": "https://www.heinemann-shop.com/en/global/toblerone/toblerone-milk-100g/p/000000000001487717/",
        "brand_name": "Toblerone",
        "brand_url": "https://www.heinemann-shop.com/en/global/toblerone/c/BRAND_0485/",
        "product_name": "Toblerone Milk 100g",
        "quantity": "0.1\u00a0kg",
        "price": "",
        "price_per_quantity": "(\u20ac39.00 / 1 kg)",
        "stock_availability": "",
        "description": "Enjoy Toblerone, the iconic triangular chocolate from Switzerland with Honey and Almond Nougat. This pack contains 100g Toblerone Milk Chocolate - an ideal treat for sharing and snacking while traveling or at home. Made in Switzerland.",
        "primary_image": "https://www.heinemann-shop.com/medias/527Wx527H-null?context=bWFzdGVyfGltYWdlc3wzODU4NHxpbWFnZS9qcGVnfGFEVmtMMmhsTXk4NU9EQXhNVEkxTkRrME9ERTBMelV5TjFkNE5USTNTRjl1ZFd4c3wwNDlkNzZiYWRjMGI0NmU5NGRjMTAyYmUzMzg3NDRlYWY0MzAyMDY0MGM3NzU2YmI0NmI4ZDA1MTllMzMwMGYx&v=1691500525889",
        "images": []
    },
    {
        "product_url": "https://www.heinemann-shop.com/en/global/confiserie-felicitas/felicitas-bar-caramel-chocolate-salt-berlin-100g/p/000000000001447744/",
        "brand_name": "Confiserie Felicitas",
        "brand_url": "https://www.heinemann-shop.com/en/global/confiserie-felicitas/c/BRAND_2939/",
        "product_name": "Felicitas+bar caramel chocolate salt Berlin+100g",
        "quantity": "0.1\u00a0kg",
        "price": "\u20ac6.90",
        "price_per_quantity": "(\u20ac69.00 / 1 kg)",
        "stock_availability": "In stock",
        "description": "A fine interplay of sweet and salty components for a special taste experience. In order to create the extraordinary taste of our gold caramel chocolate, no additional sugar is added to the chocolate, but the sugar already contained in the chocolate is caramelized during the processing process.",
        "primary_image": "",
        "images": []
    },
    {
        "product_url": "https://www.heinemann-shop.com/en/global/frozen/frozen-ii-light-and-sound-wand-with-candy-15g/p/000000000001621242/",
        "brand_name": "Frozen",
        "brand_url": "https://www.heinemann-shop.com/en/global/frozen/c/BRAND_4837/",
        "product_name": "Frozen II Light and Sound Wand with Candy 15g",
        "quantity": "0.015\u00a0kg",
        "price": "",
        "price_per_quantity": "(\u20ac766.00 / 1 kg)",
        "stock_availability": "",
        "description": "Press the button to hear Elsa talk as the base lights up. In the handle you will find 15g fruit flavoured pressed dextrose candy (Canadian origin).",
        "primary_image": "https://www.heinemann-shop.com/medias/527Wx527H-null?context=bWFzdGVyfGltYWdlc3wzNDU4OXxpbWFnZS9qcGVnfGFHRTVMMmc0T0M4eE1ESTFOREl5T1RFM05qTTFNQzgxTWpkWGVEVXlOMGhmYm5Wc2JBfGE2NzdjYjY2MTY2ZDI5ZTdiMzM0NjBiNTFlZmUxOWQyN2Q5Y2YyZDVjMDdjNzYyZDE1OWIxZGQ3OGYzOTEyYjE&v=1706134661744",
        "images": []
    },
    {
        "product_url": "https://www.heinemann-shop.com/en/global/feodora/feodora-minibar-bigpack-450g/p/000000000000540425/",
        "brand_name": "Feodora",
        "brand_url": "https://www.heinemann-shop.com/en/global/feodora/c/BRAND_1267/",
        "product_name": "Feodora Minibar Bigpack 450g",
        "quantity": "0.45\u00a0kg",
        "price": "\u20ac24.90",
        "price_per_quantity": "(\u20ac55.33 / 1 kg)",
        "stock_availability": "In stock, immediately available",
        "description": "This stylish transparent pack is filled with 60 superior miniature chocolate bars with three different cocoa intensities: Premium Milk Chocolate with 37% cocoa as well as Superior Dark with 60% and 75% cocoa. The finest chocolate miniature bars from Feodora in a high-quality, resealable pack are an ideal gift.",
        "primary_image": "https://www.heinemann-shop.com/medias/527Wx527H-null?context=bWFzdGVyfGltYWdlc3w1MTY2OHxpbWFnZS9qcGVnfGFEUTJMMmcxTmk4NU56ZzJOamcxTkRnNU1UZ3lMelV5TjFkNE5USTNTRjl1ZFd4c3w2ZGNhYzQwOTQyZDc3YmM0Mzk1ZjZhMDI3MDljYTJiNjM2YjYxY2YzY2QxZGQ3YTdiNzc5MDk1MmI3ZjExMDlk&v=1689246637777",
        "images": []
    },
    {
        "product_url": "https://www.heinemann-shop.com/en/global/ritter-sport/ritter-sport-vegan-chocolate-bar-with-roasted-whole-almonds/p/000000000001568809/",
        "brand_name": "Ritter Sport",
        "brand_url": "https://www.heinemann-shop.com/en/global/ritter-sport/c/BRAND_0476/",
        "product_name": "Ritter Sport vegan chocolate bar with roasted whole almonds",
        "quantity": "0.1\u00a0kg",
        "price": "\u20ac5.90",
        "price_per_quantity": "(\u20ac59.00 / 1 kg)",
        "stock_availability": "In stock",
        "description": "Vegan",
        "primary_image": "https://www.heinemann-shop.com/medias/527Wx527H-null?context=bWFzdGVyfGltYWdlc3w1MjExMHxpbWFnZS9qcGVnfGFEQTFMMmcyWWk4eE1USTRORGt6T0RNeU5qQTBOaTgxTWpkWGVEVXlOMGhmYm5Wc2JBfDVkY2YwMmRjYzcyMGNkNTNhZGM4ODVmNTVhYzJjYWUxOGM3YWI4ZGY2Mzg5MGIwYzViZGZlMjljZTY3ZWMyYjI&v=1729303502401",
        "images": []
    },
    {
        "product_url": "https://www.heinemann-shop.com/en/global/ritter-sport/ritter-sport-whole-hazelnuts-100-g/p/000000000001187566/",
        "brand_name": "Ritter Sport",
        "brand_url": "https://www.heinemann-shop.com/en/global/ritter-sport/c/BRAND_0476/",
        "product_name": "Ritter Sport Whole Hazelnuts 100 g",
        "quantity": "0.1\u00a0kg",
        "price": "",
        "price_per_quantity": "(\u20ac39.00 / 1 kg)",
        "stock_availability": "",
        "description": "Crunchy roasted hazelnuts in milk chocolate make Ritter Sport Whole Hazelnuts the absolute favourite in our range. Is it the extra-high quality standards we set for our nuts? Or simply that they hit the spot for anyone with real bite?",
        "primary_image": "https://www.heinemann-shop.com/medias/527Wx527H-null?context=bWFzdGVyfGltYWdlc3w1OTU4NnxpbWFnZS9qcGVnfGFEQTVMMmc1WXk4eE1USTRORFU0TnpBMU16QTROaTgxTWpkWGVEVXlOMGhmYm5Wc2JBfDFmNTZhMTEwNjY0OTBjNGMxMTg5OWRlZDFjNDZhN2RhYjMyN2I0ODI4ZDBlOGQ5Y2VhOTY3NGE4Yjg3OTdlNTE&v=1729293815990",
        "images": []
    },
    {
        "product_url": "https://www.heinemann-shop.com/en/global/marabou/marabou-croquant-orange-220g/p/000000000001618366/",
        "brand_name": "Marabou",
        "brand_url": "https://www.heinemann-shop.com/en/global/marabou/c/BRAND_0481/",
        "product_name": "MARABOU CROQUANT ORANGE 220g",
        "quantity": "0.22\u00a0kg",
        "price": "\u20ac6.50",
        "price_per_quantity": "(\u20ac29.55 / 1 kg)",
        "stock_availability": "In stock, immediately available",
        "description": "A unique combination of smooth and creamy orange flavored milk chocolate with crunchy caramel in a king size format. Different but delicious!",
        "primary_image": "https://www.heinemann-shop.com/medias/527Wx527H-null?context=bWFzdGVyfGltYWdlc3wzODk1NHxpbWFnZS9qcGVnfGFETTFMMmhsTUM4eE1EZzVOelV4TWpjNU1qQTVOQzgxTWpkWGVEVXlOMGhmYm5Wc2JBfDhhN2I3NDAyNGJhM2I2NjhlOGMyMDE2NWNkNjlkOGNiN2ZhYjEyMGUxYWIwYWJiNmNjNzE1MWVkZDM1MmM4NGQ&v=1721337793234",
        "images": []
    },
    {
        "product_url": "https://www.heinemann-shop.com/en/global/kitkat/kitkat-chunky-milk-40g/p/000000000001447583/",
        "brand_name": "KitKat",
        "brand_url": "https://www.heinemann-shop.com/en/global/kitkat/c/BRAND_5024/",
        "product_name": "KitKat CHUNKY Milk 40g",
        "quantity": "0.04\u00a0kg",
        "price": "",
        "price_per_quantity": "(\u20ac72.50 / 1 kg)",
        "stock_availability": "",
        "description": "Enjoy sharing these classic, crisp wafer bars covered in delicious milk chocolate.",
        "primary_image": "https://www.heinemann-shop.com/medias/527Wx527H-null?context=bWFzdGVyfGltYWdlc3wzMDYwOHxpbWFnZS9qcGVnfGFHSmtMMmcyWmk4eE1USTROVGcyTXpVek1EVXlOaTgxTWpkWGVEVXlOMGhmYm5Wc2JBfGY0NWMzZDhlMjk3N2VlMjExYjUyMjRiNTdmZmE2NzdlNWJiZjhiNTM5MzgzMmVjNTEyMDllNGMyZmU1MGI3OTU&v=1729320028558",
        "images": []
    },
    {
        "product_url": "https://www.heinemann-shop.com/en/global/leonidas/pralines-assortment/p/000000000001618836/",
        "brand_name": "Leonidas",
        "brand_url": "https://www.heinemann-shop.com/en/global/leonidas/c/BRAND_2451/",
        "product_name": "Pralines assortment",
        "quantity": "0.5\u00a0kg",
        "price": "\u20ac27.90",
        "price_per_quantity": "(\u20ac55.80 / 1 kg)",
        "stock_availability": "",
        "description": "\"With the lovely retro ballotin, Leonidas dips into his rich history. A lovely image of the streetscape of 110 years ago embellishes this metal ballotin.",
        "primary_image": "https://www.heinemann-shop.com/medias/527Wx527H-null?context=bWFzdGVyfGltYWdlc3w0NjM1N3xpbWFnZS9qcGVnfGFHVTFMMmhtWXk4eE1EZzBNamM1TXprek5EZzNPQzgxTWpkWGVEVXlOMGhmYm5Wc2JBfDE3NjA4YWNjMDA1YmRkMGNlNDQ2MDRlMzAwODYzNDY3MWYzMGNiMDE2YTBhMzM1MDJmZTI2NTUzZDU1M2U5YTI&v=1720125751996",
        "images": []
    },
    {
        "product_url": "https://www.heinemann-shop.com/en/global/mentos/mentos-sugar-free-chewing-gum-with-sweeteners-and-spearmint-flavour/p/000000000001568776/",
        "brand_name": "Mentos",
        "brand_url": "https://www.heinemann-shop.com/en/global/mentos/c/BRAND_2323/",
        "product_name": "Mentos sugar free chewing gum with sweeteners and spearmint flavour",
        "quantity": "0.068\u00a0kg",
        "price": "\u20ac4.90",
        "price_per_quantity": "(\u20ac72.06 / 1 kg)",
        "stock_availability": "In stock, immediately available",
        "description": "A classic spear mint flavoured chewing gum with a liquid filling made from natural green tea. Each bottle contains 34 pieces of gum.",
        "primary_image": "https://www.heinemann-shop.com/medias/527Wx527H-null?context=bWFzdGVyfGltYWdlc3w2MzI1NnxpbWFnZS9qcGVnfGFHSmhMMmd3Tmk4eE1USTROakkzTURBeE56VTJOaTgxTWpkWGVEVXlOMGhmYm5Wc2JBfDg3NDI0MjY1MTUzMTNkYmQ3OWIzMzdhNTdmZDAyZThlNjVlN2FiYjAyYzE0M2JlOWY2ZGY0NzRmOTE2ZDM1ZDE&v=1729322718281",
        "images": []
    },
    {
        "product_url": "https://www.heinemann-shop.com/en/global/ritter-sport/ritter-sport-cocoamousse-100g/p/000000000001021654/",
        "brand_name": "Ritter Sport",
        "brand_url": "https://www.heinemann-shop.com/en/global/ritter-sport/c/BRAND_0476/",
        "product_name": "Ritter Sport Cocoamousse, 100g",
        "quantity": "0.1\u00a0kg",
        "price": "\u20ac3.70",
        "price_per_quantity": "(\u20ac37.00 / 1 kg)",
        "stock_availability": "In stock",
        "description": "If you can\u2019t believe your eyes when you see the extra-large pieces of our new Cocoa Mousse, you can definitely depend on your sense of taste. The delicious filling consists of lightly whipped cocoa mousse, which perfectly harmonises with the typical honey-caramel flavour of Ritter Sport Alpine Milk Chocolate. A treat that is just as impressive as the new extra-large chocolate pieces.",
        "primary_image": "https://www.heinemann-shop.com/medias/527Wx527H-null?context=bWFzdGVyfGltYWdlc3w2MzExMHxpbWFnZS9qcGVnfGFHTTJMMmd6WWk4eE1USTRORFUyT0RRME1EZzJNaTgxTWpkWGVEVXlOMGhmYm5Wc2JBfGM2NTZhZmRmNjAxZjgwN2UzMzcxMjRjNzU4ZDA0YTJhMjQ5MjRlM2UwZTlhNmU4NmFkMGUyNzIwNTg3NzRjNzY&v=1729291976014",
        "images": []
    },
    {
        "product_url": "https://www.heinemann-shop.com/en/global/windel/bag-with-rabbit-ears-filled-with-fruit-gums-chocolate-eggs-and-chocolate-pieces-with-milk-cream-fillings-118g/p/000000000001656651/",
        "brand_name": "Windel",
        "brand_url": "https://www.heinemann-shop.com/en/global/windel/c/BRAND_0875/",
        "product_name": "Bag with rabbit ears, filled with fruit gums, chocolate eggs and chocolate pieces with milk cream fillings (118g)",
        "quantity": "0.118\u00a0kg",
        "price": "\u20ac13.50",
        "price_per_quantity": "(\u20ac114.41 / 1 kg)",
        "stock_availability": "In stock, immediately available",
        "description": "Bag with rabbit ears, filled with fruit gums, chocolate eggs and chocolate pieces with milk cream fillings (118g)",
        "primary_image": "https://www.heinemann-shop.com/medias/527Wx527H-null?context=bWFzdGVyfGltYWdlc3w2OTQ5NHxpbWFnZS9qcGVnfGFEZGpMMmcyTnk4eE1UUTBNRFEwTmpBeE16UTNNQzgxTWpkWGVEVXlOMGhmYm5Wc2JBfDY3ODk4NWMzNmRhOTgyMTcxNzliNDhkMzk4MDFjMTE1YWEyOWMzMmIzMjk4YTAyNDFlNjZmZGNjNTZiMjQ2ZmE&v=1732572566039",
        "images": [
            "https://www.heinemann-shop.com/medias/527Wx527H-null?context=bWFzdGVyfGltYWdlc3w2OTQ5NHxpbWFnZS9qcGVnfGFEZGpMMmcyTnk4eE1UUTBNRFEwTmpBeE16UTNNQzgxTWpkWGVEVXlOMGhmYm5Wc2JBfDY3ODk4NWMzNmRhOTgyMTcxNzliNDhkMzk4MDFjMTE1YWEyOWMzMmIzMjk4YTAyNDFlNjZmZGNjNTZiMjQ2ZmE&v=1732572566039",
            "https://www.heinemann-shop.com/medias/527Wx527H-null?context=bWFzdGVyfGltYWdlc3w3MzE3MnxpbWFnZS9qcGVnfGFHUm1MMmhoWmk4eE1UUTBNRFEwT0RZMk56WTNPQzgxTWpkWGVEVXlOMGhmYm5Wc2JBfDQ3MjI2ZWQ0YjhmZjZkNzNmNTVmNTk2MzAzYzEyNWFmODA1ZWIwMDg5NTEwZWVlNTZmMjQ4MTM2YTRmMjdmNWE&v=1732572767455"
        ]
    },
    {
        "product_url": "https://www.heinemann-shop.com/en/global/milka/zartherbe-alpenmilch-schokolade-90g/p/000000000001688840/",
        "brand_name": "Milka",
        "brand_url": "https://www.heinemann-shop.com/en/global/milka/c/BRAND_0831/",
        "product_name": "Zartherbe Alpenmilch Schokolade 90g",
        "quantity": "0.09\u00a0kg",
        "price": "\u20ac3.30",
        "price_per_quantity": "(\u20ac36.67 / 1 kg)",
        "stock_availability": "In stock, immediately available",
        "description": "90g Milka tablet, a high quality dark chocolate made with 100% Alpine Milk",
        "primary_image": "https://www.heinemann-shop.com/medias/527Wx527H-null?context=bWFzdGVyfGltYWdlc3wzODUwN3xpbWFnZS9qcGVnfGFEQTBMMmhoTnk4eE1UYzVORGsxTVRZek5EazNOQzgxTWpkWGVEVXlOMGhmYm5Wc2JBfDczNzY0NTc1NzQyNTA2ZjlmYWY1ZmE4OGMwNTZhOGE0Y2Q5ODEzN2I1MTJlMGFhOWJjNGQ2MThkZDYyZGFkYzI&v=1740086208579",
        "images": []
    },
    {
        "product_url": "https://www.heinemann-shop.com/en/global/niederegger/niederegger-marzipan-cake-in-a-hamburg-tin/p/000000000001634773/",
        "brand_name": "Niederegger",
        "brand_url": "https://www.heinemann-shop.com/en/global/niederegger/c/BRAND_1439/",
        "product_name": "Niederegger marzipan cake in a Hamburg Tin",
        "quantity": "0.185\u00a0kg",
        "price": "\u20ac12.50",
        "price_per_quantity": "(\u20ac67.57 / 1 kg)",
        "stock_availability": "In stock",
        "description": "A fabilous souvenir: our classic marzipan cake in an exclusive, stylishly designed gift tin featuring a city's characteristic landmarks and symbols.",
        "primary_image": "https://www.heinemann-shop.com/medias/527Wx527H-null?context=bWFzdGVyfGltYWdlc3w0MjMxMHxpbWFnZS9qcGVnfGFHRTJMMmhpWmk4eE1UYzRPVGc1TlRRNU9UZ3dOaTgxTWpkWGVEVXlOMGhmYm5Wc2JBfDYyNmI1ZjFkOTIyYTM3YjQ1ZjBkNzY0YWY3OWM5MjRlOGJlMTRmNzNhZjBjMDYwNTQ4YTE0OTA5MDkzOTBjNzc&v=1740000892300",
        "images": []
    },
    {
        "product_url": "https://www.heinemann-shop.com/en/global/guylian/guylian-temptations-mix-jewel-box-easter-175g/p/000000000001658834/",
        "brand_name": "Guylian",
        "brand_url": "https://www.heinemann-shop.com/en/global/guylian/c/BRAND_1409/",
        "product_name": "Guylian Temptations Mix Jewel Box Easter 175g",
        "quantity": "0.175\u00a0kg",
        "price": "\u20ac13.50",
        "price_per_quantity": "(\u20ac77.14 / 1 kg)",
        "stock_availability": "In stock, immediately available",
        "description": "Share the joy with family and friends, discover our Guylian's Temptations, now in festive and playful Easter design, perfect for a gift. Our iconic seahorses are individually wrapped for an ideal sharing experience and come in 3 popular flavours, ranging from our iconic Original pralin\u00e9, Dark Pralin\u00e9 and Caramel. Our Temptations are made with premium Belgian chocolate from 100% Fairtrade Cocoa and the highest quality ingredients of 100% natural origin.",
        "primary_image": "https://www.heinemann-shop.com/medias/527Wx527H-null?context=bWFzdGVyfGltYWdlc3w3MTkyNXxpbWFnZS9qcGVnfGFEazNMMmhqTmk4eE1UUTBNRFExTURNd05qQTNPQzgxTWpkWGVEVXlOMGhmYm5Wc2JBfDA3Nzk1ZjA2ZjE4OTgwZDgwMGM4YzY0MTcwZGIzYzUxOTAzMmRiYzk3ZTliYjQ3ZWFiMTQzYjg0ODBmN2RlYWE&v=1732572851032",
        "images": [
            "https://www.heinemann-shop.com/medias/527Wx527H-null?context=bWFzdGVyfGltYWdlc3w3MTkyNXxpbWFnZS9qcGVnfGFEazNMMmhqTmk4eE1UUTBNRFExTURNd05qQTNPQzgxTWpkWGVEVXlOMGhmYm5Wc2JBfDA3Nzk1ZjA2ZjE4OTgwZDgwMGM4YzY0MTcwZGIzYzUxOTAzMmRiYzk3ZTliYjQ3ZWFiMTQzYjg0ODBmN2RlYWE&v=1732572851032",
            "https://www.heinemann-shop.com/medias/527Wx527H-null?context=bWFzdGVyfGltYWdlc3w2NzEyM3xpbWFnZS9qcGVnfGFHUmxMMmhrT0M4eE1UUTBNRFExTVRBNU1qVXhNQzgxTWpkWGVEVXlOMGhmYm5Wc2JBfDYyYjQ3ZjM4MThlZTliMWViZjE3NzcxZTUwNmJkMDUyMDcyN2I4MGFjNmM3NWQxYzcwZWE4YThjOTI1MTVlOWI&v=1732572885766"
        ]
    },
    {
        "product_url": "https://www.heinemann-shop.com/en/global/chocome/chocome-coconut-disc-enrobed-with-dark-chocolate-and-raspberry-couverture/p/000000000001657045/",
        "brand_name": "ChocoMe",
        "brand_url": "https://www.heinemann-shop.com/en/global/chocome/c/BRAND_3312/",
        "product_name": "chocoMe Coconut disc enrobed with dark chocolate and raspberry couverture",
        "quantity": "0.12\u00a0kg",
        "price": "\u20ac12.50",
        "price_per_quantity": "(\u20ac104.17 / 1 kg)",
        "stock_availability": "",
        "description": "The dried, organically grown coconut\u00a0from Sri Lanka\u00a0is mixed with puffed rice, rice syrup and poured into a disc\u00a0shape\u00a0mould and\u00a0toasted.\u00a0Then\u00a0we enrobe\u00a0it with two layers, first with\u00a0dark chocolate then raspberry couverture and\u00a0we\u00a0finish\u00a0it\u00a0by rolling them into\u00a0a pile of coconut shavings.",
        "primary_image": "https://www.heinemann-shop.com/medias/527Wx527H-null?context=bWFzdGVyfGltYWdlc3w1MjI1MHxpbWFnZS9qcGVnfGFEQXlMMmd4Tmk4eE1UUTBNRFEwTlRjMU1UTXlOaTgxTWpkWGVEVXlOMGhmYm5Wc2JBfDIzYjIzN2JjZGViNjk2ZjE0YTAyMDRhZjc1NzdkZDliNDNkYjE3MTdiODgyZjU0N2VhMWEwMWQ2OWU2YjhhYWQ&v=1732572554213",
        "images": []
    },
    {
        "product_url": "https://www.heinemann-shop.com/en/global/cavendish-harvey/cavendish-harvey-english-winegums-for-connoisseurs-800g/p/000000000001623071/",
        "brand_name": "Cavendish & Harvey",
        "brand_url": "https://www.heinemann-shop.com/en/global/cavendish-harvey/c/BRAND_0437/",
        "product_name": "Cavendish & Harvey English Winegums for Connoisseurs 800g",
        "quantity": "0.8\u00a0kg",
        "price": "\u20ac12.90",
        "price_per_quantity": "(\u20ac16.12 / 1 kg)",
        "stock_availability": "In stock, immediately available",
        "description": "Juicy. Fruity. Yummy! Cavendish & Harvey English Winegums for Connoisseurs are the perfect snack and satisfy every craving. With the varieties Lemon, Orange, Apple, Raspberry, Blackcurrant and Pineapple, there is a favourite flavour for everyone.",
        "primary_image": "https://www.heinemann-shop.com/medias/527Wx527H-null?context=bWFzdGVyfGltYWdlc3w1NDkyM3xpbWFnZS9qcGVnfGFEVmlMMmd4Tnk4eE1ESTFORFF3Tmprd09UazRNaTgxTWpkWGVEVXlOMGhmYm5Wc2JBfDk3YzYxOTUxM2Y4NGNlZGJlMDhmNTJkOTFiZjZkMDMzYzFhNGM2MzI5YzQ2MmY3ODE5ZmFlMTFlYTdmMmJjODQ&v=1706135122743",
        "images": []
    },
    {
        "product_url": "https://www.heinemann-shop.com/en/global/neuhaus/neuhaus-bonbon-on-the-go-10pcs-95g/p/000000000001327439/",
        "brand_name": "Neuhaus",
        "brand_url": "https://www.heinemann-shop.com/en/global/neuhaus/c/BRAND_1376/",
        "product_name": "Neuhaus Bonbon on the go 10pcs 95g",
        "quantity": "0.095\u00a0kg",
        "price": "\u20ac15.90",
        "price_per_quantity": "(\u20ac167.37 / 1 kg)",
        "stock_availability": "In stock, immediately available",
        "description": "A collection of 5 refined chocolate treats each with a delicious and classic filling and individually wrapped in brightly coloured aluminium foil. The special on-the-go packaging contains 10 Bonbons.",
        "primary_image": "https://www.heinemann-shop.com/medias/527Wx527H-null?context=bWFzdGVyfGltYWdlc3wyODkwNnxpbWFnZS9qcGVnfGFEVTNMMmd6TUM4NU9EQXdPVFF4TWpjek1URTRMelV5TjFkNE5USTNTRjl1ZFd4c3xiM2MwOTM0ZGJjNGEwNmYzMDFhYzJkZTE1ZjhjY2UwY2RiMjZlNWI3OTc4YmE0OGVmOWEzM2I5NTUzMzE1YjNj&v=1691484634617",
        "images": []
    },
    {
        "product_url": "https://www.heinemann-shop.com/en/global/hachez/hachez-co-d-arriba-150g-tin/p/000000000000540973/",
        "brand_name": "Hachez",
        "brand_url": "https://www.heinemann-shop.com/en/global/hachez/c/BRAND_1268/",
        "product_name": "Hachez Co.D'Arriba 150g Tin",
        "quantity": "0.15\u00a0kg",
        "price": "\u20ac13.50",
        "price_per_quantity": "(\u20ac90.00 / 1 kg)",
        "stock_availability": "",
        "description": "Cocoa d\u2019Arriba with 77% cocoa is the mild bittersweet chocolate from HACHEZ. Composed with select premium cocoa varieties from Ecuador, it provides for an exquisite taste experience. Packed in a high-quality box, these classic miniature bars are a special delight for every chocolate connoisseur.",
        "primary_image": "https://www.heinemann-shop.com/medias/527Wx527H-null?context=bWFzdGVyfGltYWdlc3wzMjg1OXxpbWFnZS9qcGVnfGFEUTNMMmd6TWk4eE1USTROVE16T1RRek9URXpOQzgxTWpkWGVEVXlOMGhmYm5Wc2JBfDMzNDYxZGNmNDhiNmU2M2ZiNDRmNGQzZDA3YjU0NDVkNzVkNDA0MmRlY2YzMWQ1MmM4YjBiMTY5YzFmOWY2NmU&v=1729312963925",
        "images": []
    },
    {
        "product_url": "https://www.heinemann-shop.com/en/global/toblerone/toblerone-dark-100g/p/000000000000021090/",
        "brand_name": "Toblerone",
        "brand_url": "https://www.heinemann-shop.com/en/global/toblerone/c/BRAND_0485/",
        "product_name": "Toblerone, dark, 100g",
        "quantity": "0.1\u00a0kg",
        "price": "",
        "price_per_quantity": "(\u20ac39.00 / 1 kg)",
        "stock_availability": "",
        "description": "Enjoy Toblerone, the iconic triangular chocolate from Switzerland with Honey and Almond Nougat. This pack contains 100g Toblerone Dark Chocolate - an ideal treat for sharing and snacking while traveling or at home. Made in Switzerland.",
        "primary_image": "https://www.heinemann-shop.com/medias/527Wx527H-null?context=bWFzdGVyfGltYWdlc3wzNTk3MXxpbWFnZS9qcGVnfGFHRmtMMmd3TXk4NU9EQXdOall3T1RFd01URXdMelV5TjFkNE5USTNTRjl1ZFd4c3xlYWJkYzA5YzA2NzMxZTFkYzhiZTE2YmIzYWMzZDNkNWM2ZTUwMjQ3MGJkZjZhYzcwYTM1MmEzMmJhNDA2ZTk2&v=1691441110077",
        "images": []
    },
    {
        "product_url": "https://www.heinemann-shop.com/en/global/suesse-heimat-hamburg/hamburg-gift-glas-filled-with-fruit-sweets-in-the-shape-of-lemon-and-orange-wedges/p/000000000001639348/",
        "brand_name": "S\u00fc\u00dfe Heimat Hamburg",
        "brand_url": "https://www.heinemann-shop.com/en/global/suesse-heimat-hamburg/c/BRAND_A197/",
        "product_name": "Hamburg gift glas filled with fruit sweets in the shape of lemon and orange wedges",
        "quantity": "0.1\u00a0kg",
        "price": "\u20ac6.90",
        "price_per_quantity": "(\u20ac69.00 / 1 kg)",
        "stock_availability": "In stock",
        "description": "Hamburg gift glas filled with fruit sweets in the shape of lemon and orange wedges",
        "primary_image": "",
        "images": []
    },
    {
        "product_url": "https://www.heinemann-shop.com/en/global/reber/reber-constanze-mozart-kugel-gift-bag-200g/p/000000000001372202/",
        "brand_name": "Reber",
        "brand_url": "https://www.heinemann-shop.com/en/global/reber/c/BRAND_2097/",
        "product_name": "Reber Constanze Mozart-Kugel Gift bag 200g",
        "quantity": "0.2\u00a0kg",
        "price": "\u20ac9.30",
        "price_per_quantity": "(\u20ac46.50 / 1 kg)",
        "stock_availability": "",
        "description": "The genuine Constanze\u00ae Mozart-Kugeln, exquisitely filled with fine pistachio marzipan made of fresh, green pistachios and almonds and smooth melting hazelnut praline made of freshly rosasted hazelnuts, enrobed twice with fine milk chocolate.",
        "primary_image": "https://www.heinemann-shop.com/medias/527Wx527H-null?context=bWFzdGVyfGltYWdlc3wxMjcyMzl8aW1hZ2UvanBlZ3xhREkxTDJnM1pTODVOell4TVRVNE5qWXdNVEkyTHpVeU4xZDROVEkzU0Y5dWRXeHN8ZmU3OWFlOTQ2ZWE0MTc0NWFmZWEzMGJlNDcyMGI0MTRiODM5NjA1NjE4ZGZkMWZlOGQ3ODk1ZmRmMjBhZDkwOQ&v=1683173115451",
        "images": []
    },
    {
        "product_url": "https://www.heinemann-shop.com/en/global/lindt/lindor-mini-tube-assorted-175g/p/000000000001372248/",
        "brand_name": "Lindt",
        "brand_url": "https://www.heinemann-shop.com/en/global/lindt/c/BRAND_1486/",
        "product_name": "Lindor Mini Tube Assorted 175g",
        "quantity": "0.175\u00a0kg",
        "price": "\u20ac16.90",
        "price_per_quantity": "(\u20ac96.57 / 1 kg)",
        "stock_availability": "In stock, immediately available",
        "description": "Enjoy an irresistibly smooth moment of bliss with the new Lindor Mini Tubes - perfect to treat yourself on the way or to surprise a loved one. Available in premium gold with the most popular flavors Lindor Milk, White, Hazelnut and Dark.",
        "primary_image": "https://www.heinemann-shop.com/medias/527Wx527H-null?context=bWFzdGVyfGltYWdlc3w2MjY3MXxpbWFnZS9qcGVnfGFERTVMMmczTWk4eE1USTROVGcxTURnNE1qQTNPQzgxTWpkWGVEVXlOMGhmYm5Wc2JBfDcwYTY3ZmJhNTI2MTI5NDJmMjQxZGYyZDNiZjI0YjQ0MmE5MWRiMzg5OGUyZTAwNDFjZTYzZGJjM2M2MTIxOTk&v=1729319249760",
        "images": []
    },
    {
        "product_url": "https://www.heinemann-shop.com/en/global/suesse-heimat-hamburg/hamburg-bonsche-tin-filled-with-fruit-candy-in-the-shape-of-lemon-and-orange-wedges/p/000000000001639343/",
        "brand_name": "S\u00fc\u00dfe Heimat Hamburg",
        "brand_url": "https://www.heinemann-shop.com/en/global/suesse-heimat-hamburg/c/BRAND_A197/",
        "product_name": "Hamburg Bonsche tin filled with fruit candy in the shape of lemon and orange wedges",
        "quantity": "0.05\u00a0kg",
        "price": "\u20ac4.90",
        "price_per_quantity": "(\u20ac98.00 / 1 kg)",
        "stock_availability": "In stock",
        "description": "Hamburg Bonsche tin filled with fruit candy in the shape of lemon and orange wedges",
        "primary_image": "https://www.heinemann-shop.com/medias/527Wx527H-null?context=bWFzdGVyfGltYWdlc3w2NjMzNHxpbWFnZS9qcGVnfGFEbGpMMmczWVM4eE1UY3dPVFV6TmpVd01UYzVNQzgxTWpkWGVEVXlOMGhmYm5Wc2JBfDE2ZmVjZDExNjA0Njk3NDkzZWZlODMzMjllZTliYmMyNzBlZTE1NjQ1MjViNDMwYjFjZWJkMWVkZjlhMGNmYmQ&v=1738361490057",
        "images": []
    },
    {
        "product_url": "https://www.heinemann-shop.com/en/global/suesse-heimat-hamburg/hamburg-gift-glas-filled-with-candy-strawberry-cream-flavour/p/000000000001639349/",
        "brand_name": "S\u00fc\u00dfe Heimat Hamburg",
        "brand_url": "https://www.heinemann-shop.com/en/global/suesse-heimat-hamburg/c/BRAND_A197/",
        "product_name": "Hamburg gift glas filled with candy strawberry cream flavour",
        "quantity": "0.1\u00a0kg",
        "price": "\u20ac6.90",
        "price_per_quantity": "(\u20ac69.00 / 1 kg)",
        "stock_availability": "In stock",
        "description": "Hamburg gift glas filled with candy strawberry cream flavour",
        "primary_image": "https://www.heinemann-shop.com/medias/527Wx527H-null?context=bWFzdGVyfGltYWdlc3w3MTcxOHxpbWFnZS9qcGVnfGFEUXlMMmhqTUM4eE1UY3dPVFV6T1RRNE16WTNPQzgxTWpkWGVEVXlOMGhmYm5Wc2JBfGRjNGZkYTk4OTBmMzJjZGJiODllODg1OGJkZjA4NTEyNjJhMjg0MjcwNzkyY2NkNzIxYTMzZWE1OTk5ZmViNDk&v=1738361611925",
        "images": [
            "https://www.heinemann-shop.com/medias/527Wx527H-null?context=bWFzdGVyfGltYWdlc3w3MTcxOHxpbWFnZS9qcGVnfGFEUXlMMmhqTUM4eE1UY3dPVFV6T1RRNE16WTNPQzgxTWpkWGVEVXlOMGhmYm5Wc2JBfGRjNGZkYTk4OTBmMzJjZGJiODllODg1OGJkZjA4NTEyNjJhMjg0MjcwNzkyY2NkNzIxYTMzZWE1OTk5ZmViNDk&v=1738361611925",
            "https://www.heinemann-shop.com/medias/527Wx527H-null?context=bWFzdGVyfGltYWdlc3w3NzMyMHxpbWFnZS9qcGVnfGFEWTVMMmhrWkM4eE1UY3dPVFUwT0RNMk16Z3dOaTgxTWpkWGVEVXlOMGhmYm5Wc2JBfGVmMjMyYTNlOTI3NjE1ZTQwODk1Nzk1ODAwYTc3MGI2MWNkNTA1ZGE0Yjg3NjYyNWJiZmFlNDFlNDRlYjFkMzc&v=1738362007671"
        ]
    },
    {
        "product_url": "https://www.heinemann-shop.com/en/global/neuhaus/neuhaus-collection-discovery-box-dark-144g/p/000000000001494469/",
        "brand_name": "Neuhaus",
        "brand_url": "https://www.heinemann-shop.com/en/global/neuhaus/c/BRAND_1376/",
        "product_name": "Neuhaus Collection Discovery Box Dark 144g",
        "quantity": "0.144\u00a0kg",
        "price": "\u20ac23.90",
        "price_per_quantity": "(\u20ac165.97 / 1 kg)",
        "stock_availability": "In stock, immediately available",
        "description": "The Neuhaus Collection Dark Box contains a selection of 12 timeless Neuhaus chocolats noirs filled chocolates. A contemporary, colourful and elegant gift box hand-filled with smooth fresh creams, pralin\u00e9s, ganaches, giandujas and caramels. We carefully select every ingredient, ensuring that every Neuhaus praline is of the highest quality and of 100% natural origin. All our products are made without GMOs and without palm oil. The perfect gift for any occasion or to keep for yourself.",
        "primary_image": "https://www.heinemann-shop.com/medias/527Wx527H-null?context=bWFzdGVyfGltYWdlc3w1MTUyNHxpbWFnZS9qcGVnfGFHTmxMMmc0Tmk4NU9EQXhNVEk1TXpZeE5ETTRMelV5TjFkNE5USTNTRjl1ZFd4c3w1NzQxODIwMTllMTc2OWI5N2RjMmZiODMyMmVjZmY5ZTdhMTRhOWExMjU5NDFkZjU4MWZiOTZlN2NlYWUwZTg2&v=1691501136181",
        "images": []
    },
    {
        "product_url": "https://www.heinemann-shop.com/en/global/anthon-berg/anthon-berg-white-nougat-208g/p/000000000001305152/",
        "brand_name": "Anthon Berg",
        "brand_url": "https://www.heinemann-shop.com/en/global/anthon-berg/c/BRAND_0604/",
        "product_name": "Anthon Berg White Nougat 208g",
        "quantity": "0.208\u00a0kg",
        "price": "\u20ac9.30",
        "price_per_quantity": "(\u20ac44.71 / 1 kg)",
        "stock_availability": "In stock, immediately available",
        "description": "White Nougat with soft caramel and roasted hazelnuts covered in milk chocolate",
        "primary_image": "https://www.heinemann-shop.com/medias/527Wx527H-null?context=bWFzdGVyfGltYWdlc3wzNTg3M3xpbWFnZS9qcGVnfGFHRXdMMmcwWlM4NU56ZzNNRGswTkRZMk5Ua3dMelV5TjFkNE5USTNTRjl1ZFd4c3wyNjE5MmFjNzVkY2M0MDFmNGI2NjQ4ZmMyZGE2YmVjMTIwMzQ4OWI5ZTJhZWY2ZDA3ZWM1ZTAxMDE3YWQ3ZjU5&v=1689283520887",
        "images": []
    },
    {
        "product_url": "https://www.heinemann-shop.com/en/global/heindl/heindl-mozartherzen-200g/p/000000000000552015/",
        "brand_name": "Heindl",
        "brand_url": "https://www.heinemann-shop.com/en/global/heindl/c/BRAND_2733/",
        "product_name": "Heindl Mozartherzen 200g",
        "quantity": "0.2\u00a0kg",
        "price": "\u20ac12.99",
        "price_per_quantity": "(\u20ac64.95 / 1 kg)",
        "stock_availability": "",
        "description": "Our delicious Mozart hearts make the hearts of connoisseurs beat faster: The finest marzipan on nougat cream is covered in the finest milk chocolate",
        "primary_image": "https://www.heinemann-shop.com/medias/552015-527Wx527H?context=bWFzdGVyfGltYWdlc3w3MzIwOHxpbWFnZS9qcGVnfGFEUXhMMmhoWXk4NU5qWXpOakUzTVRBMU9UVXdMelUxTWpBeE5WODFNamRYZURVeU4wZ3xhZjFiOTg5OTUxNjAwZGZiNzc4MDM3NTI3YTQ5NmY4OTAwMmJhMmIzYmI4Nzg5NTliNDNkZjg4YmFmY2IxNjcz&v=1646946928486",
        "images": []
    },
    {
        "product_url": "https://www.heinemann-shop.com/en/global/suesse-heimat-hamburg/fruit-gum-fishes-in-resealable-packaging/p/000000000001639346/",
        "brand_name": "S\u00fc\u00dfe Heimat Hamburg",
        "brand_url": "https://www.heinemann-shop.com/en/global/suesse-heimat-hamburg/c/BRAND_A197/",
        "product_name": "Fruit gum fishes in resealable packaging",
        "quantity": "0.1\u00a0kg",
        "price": "\u20ac4.90",
        "price_per_quantity": "(\u20ac49.00 / 1 kg)",
        "stock_availability": "In stock",
        "description": "Fruit gum fishes in resealable packaging",
        "primary_image": "https://www.heinemann-shop.com/medias/527Wx527H-null?context=bWFzdGVyfGltYWdlc3w1MjE3OXxpbWFnZS9qcGVnfGFHVmhMMmcxTlM4eE1UY3dPVFV6T0RRek5URXdNaTgxTWpkWGVEVXlOMGhmYm5Wc2JBfDE2NjM2YzljY2E0ZTcxMGQ1NmJiNzkyZTgxY2Q5ZTU4OTA0NTQyMWUzMjM4NmZkMTQxODE4ZDU2Zjk5NjM3M2U&v=1738361568544",
        "images": [
            "https://www.heinemann-shop.com/medias/527Wx527H-null?context=bWFzdGVyfGltYWdlc3w1MjE3OXxpbWFnZS9qcGVnfGFHVmhMMmcxTlM4eE1UY3dPVFV6T0RRek5URXdNaTgxTWpkWGVEVXlOMGhmYm5Wc2JBfDE2NjM2YzljY2E0ZTcxMGQ1NmJiNzkyZTgxY2Q5ZTU4OTA0NTQyMWUzMjM4NmZkMTQxODE4ZDU2Zjk5NjM3M2U&v=1738361568544",
            "https://www.heinemann-shop.com/medias/527Wx527H-null?context=bWFzdGVyfGltYWdlc3w1NjEwMnxpbWFnZS9qcGVnfGFEaGlMMmhqT1M4eE1UY3dPVFUwTnpnek9UVXhPQzgxTWpkWGVEVXlOMGhmYm5Wc2JBfGU3NTY1MTZiODc4MGJkYTRiYjAxMjE5NWIxNjEwZTE0NGE4NmI2N2RjNjBjNzlkZDk3ZmVmZjBmYjQzYzZkMzk&v=1738361986456"
        ]
    },
    {
        "product_url": "https://www.heinemann-shop.com/en/global/marabou/marabou-milk-220g/p/000000000001618368/",
        "brand_name": "Marabou",
        "brand_url": "https://www.heinemann-shop.com/en/global/marabou/c/BRAND_0481/",
        "product_name": "MARABOU MILK 220G",
        "quantity": "0.22\u00a0kg",
        "price": "\u20ac6.50",
        "price_per_quantity": "(\u20ac29.55 / 1 kg)",
        "stock_availability": "In stock, immediately available",
        "description": "Deliciously smooth and creamy Marabou milk chocolate with a hint of caramel in a king size format.",
        "primary_image": "https://www.heinemann-shop.com/medias/527Wx527H-null?context=bWFzdGVyfGltYWdlc3w0MTAyMXxpbWFnZS9qcGVnfGFHSmlMMmhsTUM4eE1EZzVOelV5TURnNE5UYzVNQzgxTWpkWGVEVXlOMGhmYm5Wc2JBfGVlOTAxMzA4YzJjNWQyYTRiNjQ0NmVlMjk2NTMwZjgyNTJmMjMxYTE4MGJmMzE2ZjVkMTgxZTU3YTU3MzEyNTY&v=1721338114289",
        "images": []
    },
    {
        "product_url": "https://www.heinemann-shop.com/en/global/lindt/lindt-gold-white-chocolate-bar-with-cocoa-chips-and-rice-crispies-300g/p/000000000001618404/",
        "brand_name": "Lindt",
        "brand_url": "https://www.heinemann-shop.com/en/global/lindt/c/BRAND_1486/",
        "product_name": "Lindt Gold white chocolate bar with cocoa chips and rice crispies 300g",
        "quantity": "0.3\u00a0kg",
        "price": "",
        "price_per_quantity": "(\u20ac59.67 / 1 kg)",
        "stock_availability": "",
        "description": "The limited Lindt Gold Bar White Stracciatella 300g combines finest white chocolate with slivers of cocoa. It offers an impressive,exquisite and highest quality chocolate experience. Presented in a golden premium packaging, it is the perfect gift for any occasion, as well as an extra-special treat to buy for oneself.",
        "primary_image": "https://www.heinemann-shop.com/medias/527Wx527H-null?context=bWFzdGVyfGltYWdlc3wzMjMxNnxpbWFnZS9qcGVnfGFEVmlMMmhtWmk4eE1USTROakk0TlRjeE16UXpPQzgxTWpkWGVEVXlOMGhmYm5Wc2JBfGI1MWVhZDNlZjIyZGJmNGIxZmIxZDc4OWNlMzFlN2U1NzQzYmUxMjA1MDc1MmU2MTNiZDE3ZTA4NzMwOWQ5ZWM&v=1729323637892",
        "images": []
    },
    {
        "product_url": "https://www.heinemann-shop.com/en/global/frozen/frozen-fanimation-with-candy-8g/p/000000000001621241/",
        "brand_name": "Frozen",
        "brand_url": "https://www.heinemann-shop.com/en/global/frozen/c/BRAND_4837/",
        "product_name": "Frozen Fanimation with Candy 8g",
        "quantity": "0.008\u00a0kg",
        "price": "",
        "price_per_quantity": "(\u20ac1,737.50 / 1 kg)",
        "stock_availability": "",
        "description": "Brand new technology lets you have an animated LED show right in your hand! Press the button and watch the Frozen characters run and play in the LED video. In the handle you will find 8g fruit flavoured pressed dextrose candy (Canadian origin).",
        "primary_image": "https://www.heinemann-shop.com/medias/527Wx527H-null?context=bWFzdGVyfGltYWdlc3w0NDY2M3xpbWFnZS9qcGVnfGFEZG1MMmd6T1M4eE1ESTFOREl5T0RreE5ESXdOaTgxTWpkWGVEVXlOMGhmYm5Wc2JBfGIxZmEwYWIyYTkzZWU5ZjZkM2U0NjA4MTMzODU3NDRhOTBmNWU3NjY3NzQwOWZjOWViZjQ3MWU3ZDY0NWE0NTY&v=1706134652866",
        "images": []
    },
    {
        "product_url": "https://www.heinemann-shop.com/en/global/suesse-heimat-hamburg/premium-fruit-gum-in-the-shape-of-the-hamburger-michel/p/000000000001639344/",
        "brand_name": "S\u00fc\u00dfe Heimat Hamburg",
        "brand_url": "https://www.heinemann-shop.com/en/global/suesse-heimat-hamburg/c/BRAND_A197/",
        "product_name": "Premium fruit gum in the shape of the Hamburger Michel",
        "quantity": "0.11\u00a0kg",
        "price": "\u20ac4.90",
        "price_per_quantity": "(\u20ac44.55 / 1 kg)",
        "stock_availability": "In stock",
        "description": "Premium fruit gum in the shape of the Hamburger Michel",
        "primary_image": "https://www.heinemann-shop.com/medias/527Wx527H-null?context=bWFzdGVyfGltYWdlc3w1NjkyNnxpbWFnZS9qcGVnfGFEWmlMMmd4Tnk4eE1UY3dPVFV6TnpNeU1EazVNQzgxTWpkWGVEVXlOMGhmYm5Wc2JBfGMyMzlhMWU4NGQxOTc4YjNlZTgwMzdmYjQ2MTgzMGJmZjFlYjg1YzYzNzEwYmE4YmI4Y2EyMTk5Nzg2ODQyMjk&v=1738361523834",
        "images": []
    },
    {
        "product_url": "https://www.heinemann-shop.com/en/global/guylian/guylian-temptations-mix-pouch-pack-standard-522g/p/000000000001246151/",
        "brand_name": "Guylian",
        "brand_url": "https://www.heinemann-shop.com/en/global/guylian/c/BRAND_1409/",
        "product_name": "Guylian Temptations Mix Pouch Pack Standard 522g",
        "quantity": "0.522\u00a0kg",
        "price": "\u20ac19.90",
        "price_per_quantity": "(\u20ac38.12 / 1 kg)",
        "stock_availability": "In stock, immediately available",
        "description": "Guylian launched a completely revamped assortment in their Guylian\u2019s Temptations range. Adding three new flavours - soft Caramel, Crunchy Biscuit and Latte Macchiato - to the current range, the brand promises the consumer an even richer Guylian experience. Each wrapper has been designed so you can easily spot your favourite flavour. The newest pouch contains 54 pieces.",
        "primary_image": "https://www.heinemann-shop.com/medias/527Wx527H-null?context=bWFzdGVyfGltYWdlc3w3MTk4MHxpbWFnZS9qcGVnfGFETTFMMmcwWkM4eE1UYzROak00T0RjMk5qYzFNQzgxTWpkWGVEVXlOMGhmYm5Wc2JBfDVhMDdjYTQ3ZGYzYmQxMGQ3OTBmYzlhM2JmZTY5ZTY3ZmQ1NDFhNjViZDIxZTNlZWVkZDFmODAxZDVlNDRkNjQ&v=1739914613687",
        "images": []
    },
    {
        "product_url": "https://www.heinemann-shop.com/en/global/m-m/m-m-s-peanut-party-pack-1000g/p/000000000001000682/",
        "brand_name": "M&M",
        "brand_url": "https://www.heinemann-shop.com/en/global/m-m/c/BRAND_2969/",
        "product_name": "M&M's Peanut Party Pack 1000g",
        "quantity": "1\u00a0kg",
        "price": "\u20ac23.50",
        "price_per_quantity": "(\u20ac23.50 / 1 kg)",
        "stock_availability": "",
        "description": "These world-famous chocolates in a colourful candy shell are instantly recognisable all over the globe. With this kilo pouch of M&M's Choco, you have enough to share with your friends and family.",
        "primary_image": "https://www.heinemann-shop.com/medias/527Wx527H-null?context=bWFzdGVyfGltYWdlc3w1MzYxOHxpbWFnZS9qcGVnfGFETTRMMmcyWWk4NU9EQXdPREU0T1RVd01UYzBMelV5TjFkNE5USTNTRjl1ZFd4c3xiYzdlM2ViM2Q3NmMwMzc5YWQyOTc3ODFiMmNmOGVlNmViNDM4ODgwODRjZDJhZWJiYTg3MzQzZTNlZTg0NzQ1&v=1691463961463",
        "images": []
    },
    {
        "product_url": "https://www.heinemann-shop.com/en/global/fisherman-s-friend/fisherman-s-friend-original-menthol-eucalyptus-4x25g/p/000000000001128388/",
        "brand_name": "Fisherman's Friend",
        "brand_url": "https://www.heinemann-shop.com/en/global/fisherman-s-friend/c/BRAND_0493/",
        "product_name": "Fisherman's Friend Original Menthol & Eucalyptus 4x25g",
        "quantity": "0.1\u00a0kg",
        "price": "\u20ac6.70",
        "price_per_quantity": "(\u20ac67.00 / 1 kg)",
        "stock_availability": "In stock, immediately available",
        "description": "Menthol & Eucalyptus Flavour Lozenges. The Fisherman's Friend product was originally developed in 1865 for fishermen working in extreme conditions of the Icelandic deep-sea fishing grounds.",
        "primary_image": "https://www.heinemann-shop.com/medias/527Wx527H-null?context=bWFzdGVyfGltYWdlc3w3ODQ2MXxpbWFnZS9qcGVnfGFHRmpMMmd3WWk4NU9EQXdPRGt6TlRZeU9URXdMelV5TjFkNE5USTNTRjl1ZFd4c3xlZmQ3NzE3ZWNkNDI2NTNjMzc0ZjU3OTJiZTJiYjBmOWQ1MTZhZTFjZjQwNTM0NDhjM2IyMDIxM2E3MGZjM2Fk&v=1691471727482",
        "images": []
    },
    {
        "product_url": "https://www.heinemann-shop.com/en/global/heindl/heindl-spezialitaeten-aus-oesterreich-355g/p/000000000000803370/",
        "brand_name": "Heindl",
        "brand_url": "https://www.heinemann-shop.com/en/global/heindl/c/BRAND_2733/",
        "product_name": "Heindl Spezialit\u00e4ten aus \u00d6sterreich 355g",
        "quantity": "0.355\u00a0kg",
        "price": "\u20ac21.99",
        "price_per_quantity": "(\u20ac61.94 / 1 kg)",
        "stock_availability": "",
        "description": "This exquisite composition takes you on an enjoyable journey through Austria. Enjoy these fine confectionery specialties: Mozart Balls, Graz Clock Tower, Golden Nougat, Wiener Riesenrad, Sissi Veilchen, Sissi Taler and Schloss Orth Balls. Our specialties from Austria ensure great pleasure long after your visit to the land of mountains!",
        "primary_image": "https://www.heinemann-shop.com/medias/803370-527Wx527H?context=bWFzdGVyfGltYWdlc3w2MzE0MnxpbWFnZS9qcGVnfGFEVTVMMmc0WlM4NU5qWXpOakl6TmpreU16RTRMemd3TXpNM01GODFNamRYZURVeU4wZ3wyMDZiZDJlMmM3ODg3YmFmYjAwZDViODFlMDkxZmJhNjhhYTFkNzg5YzBmODQxOWMyNmFkNDhkZDlmN2ViOTNk&v=1646946985891",
        "images": []
    },
    {
        "product_url": "https://www.heinemann-shop.com/en/global/fazermint/fazermint-travel-box-300g/p/000000000001020938/",
        "brand_name": "Fazermint",
        "brand_url": "https://www.heinemann-shop.com/en/global/fazermint/c/BRAND_5421/",
        "product_name": "Fazermint Travel Box 300g",
        "quantity": "0.3\u00a0kg",
        "price": "\u20ac10.90",
        "price_per_quantity": "(\u20ac36.33 / 1 kg)",
        "stock_availability": "In stock, immediately available",
        "description": "Fazermint combines unique taste with timeless elegance. Blend of cool and creamy peppermint filling combined with dreamy dark chocolate makes this delicious praline a regular guest at special occasions.",
        "primary_image": "https://www.heinemann-shop.com/medias/527Wx527H-null?context=bWFzdGVyfGltYWdlc3w0NDkwMHxpbWFnZS9qcGVnfGFEYzJMMmcxWkM4eE1UYzROak0zTlRZNU1qTXhPQzgxTWpkWGVEVXlOMGhmYm5Wc2JBfGY0MWFiZDM3NzA5MTE0MjliZDI1ZjdlMTg0ODc2MmU5NTNjZTk1NDI2NmZkM2Q0ZTgzMzk1YTBiODhlZTkzNzU&v=1739913842552",
        "images": []
    },
    {
        "product_url": "https://www.heinemann-shop.com/en/global/heindl/heindl-sissi-mugs-with-mozart-hearts-and-sissi-thalers-139g/p/000000000001133905/",
        "brand_name": "Heindl",
        "brand_url": "https://www.heinemann-shop.com/en/global/heindl/c/BRAND_2733/",
        "product_name": "Heindl Sissi mugs with Mozart hearts and Sissi thalers 139g",
        "quantity": "0.139\u00a0kg",
        "price": "\u20ac19.99",
        "price_per_quantity": "(\u20ac143.81 / 1 kg)",
        "stock_availability": "",
        "description": "Charming greetings from Vienna - \"sweeten up\" with delicious Sissi thalers and exquisite Mozart hearts - always freshly manufactured in our Viennese production.",
        "primary_image": "https://www.heinemann-shop.com/medias/1133905-527Wx527H?context=bWFzdGVyfGltYWdlc3w1NTYzN3xpbWFnZS9qcGVnfGFEZGxMMmhsWVM4NU5qWXpOakUyTVRVMU5qYzRMekV4TXpNNU1EVmZOVEkzVjNnMU1qZEl8Yjk3NWM3NTkyMmVmZjM2MWJlZGE5Mzc2MDAwZTJiMzFlMzY5ODRjZTY2NDM5MjVhYTc0ZjlkZTJhOTBkYTVmZA&v=1646946921514",
        "images": []
    },
    {
        "product_url": "https://www.heinemann-shop.com/en/global/guylian/guylian-seashells-250g/p/000000000000039644/",
        "brand_name": "Guylian",
        "brand_url": "https://www.heinemann-shop.com/en/global/guylian/c/BRAND_1409/",
        "product_name": "Guylian Seashells 250g",
        "quantity": "0.25\u00a0kg",
        "price": "\u20ac9.90",
        "price_per_quantity": "(\u20ac39.60 / 1 kg)",
        "stock_availability": "In stock, immediately available",
        "description": "Our Original Belgian Chocolate Sea Shells are sure to give you the ultimate chocolate experience. Each one is carefully crafted with a blend of delicious white, milk or dark Belgian chocolate filled with the delicious Guylian roasted hazelnut praline and awarded 3 stars by the International Quality & Taste Institute (ITQI).",
        "primary_image": "https://www.heinemann-shop.com/medias/527Wx527H-null?context=bWFzdGVyfGltYWdlc3w2Mzk2NXxpbWFnZS9qcGVnfGFEZ3lMMmhoTmk4eE1UYzROVGd3TnpVNU16VXdNaTgxTWpkWGVEVXlOMGhmYm5Wc2JBfDkzYzI0NDU2YmQ3ZmNjZWY1NjU4OGNjODY1ZGMxZmZmMzI0ODcyMmRjYjE4ZWZkNGY3MDczYzU3MzZkY2VhYjI&v=1739913313238",
        "images": [
            "https://www.heinemann-shop.com/medias/527Wx527H-null?context=bWFzdGVyfGltYWdlc3w2Mzk2NXxpbWFnZS9qcGVnfGFEZ3lMMmhoTmk4eE1UYzROVGd3TnpVNU16VXdNaTgxTWpkWGVEVXlOMGhmYm5Wc2JBfDkzYzI0NDU2YmQ3ZmNjZWY1NjU4OGNjODY1ZGMxZmZmMzI0ODcyMmRjYjE4ZWZkNGY3MDczYzU3MzZkY2VhYjI&v=1739913313238",
            "https://www.heinemann-shop.com/medias/527Wx527H-null?context=bWFzdGVyfGltYWdlc3w0NDMzNnxpbWFnZS9qcGVnfGFHVTNMMmc0Tmk4eE1UYzROVGd4TURJME56Y3hNQzgxTWpkWGVEVXlOMGhmYm5Wc2JBfDljMGYzMzM4ZThkY2IyMjkzODViMzM5YWM2Y2NkMTQ1M2RhNzU0YWMxY2NkNTU0ZDljNGYwMTdjMThlMDYwNmQ&v=1739913435355"
        ]
    },
    {
        "product_url": "https://www.heinemann-shop.com/en/global/werther-s/wo-cream-candies-1000g/p/000000000001577211/",
        "brand_name": "Werther's",
        "brand_url": "https://www.heinemann-shop.com/en/global/werther-s/c/BRAND_5472/",
        "product_name": "WO Cream Candies 1000g",
        "quantity": "1\u00a0kg",
        "price": "\u20ac13.90",
        "price_per_quantity": "(\u20ac13.90 / 1 kg)",
        "stock_availability": "In stock, immediately available",
        "description": "The classic caramel candies, made with real butter and fresh cream.",
        "primary_image": "https://www.heinemann-shop.com/medias/527Wx527H-null?context=bWFzdGVyfGltYWdlc3w3MDEwMnxpbWFnZS9qcGVnfGFESm1MMmhpTVM4eE1USTROakkzTXpNMU9Ua3dNaTgxTWpkWGVEVXlOMGhmYm5Wc2JBfDdlZjIxMGIyNWY4N2RkYmYyNjJmYTE3NWZmNTkxZjc1NjBmYWU2NjMzYzEwY2M0YzhjZmY0YzZhMWU1ZWY4ZmE&v=1729322942913",
        "images": []
    },
    {
        "product_url": "https://www.heinemann-shop.com/en/global/felber/felber-dark-chocolate-filled-with-nougat-cream-70g/p/000000000001135316/",
        "brand_name": "Felber",
        "brand_url": "https://www.heinemann-shop.com/en/global/felber/c/BRAND_3771/",
        "product_name": "Felber dark chocolate filled with nougat cream 70g",
        "quantity": "0.07\u00a0kg",
        "price": "\u20ac5.49",
        "price_per_quantity": "(\u20ac78.43 / 1 kg)",
        "stock_availability": "",
        "description": "Gorgeous chocolate compositons from high quality ingredients and premium materials. We prefer to use products from our country.",
        "primary_image": "https://www.heinemann-shop.com/medias/1135316-527Wx527H?context=bWFzdGVyfGltYWdlc3w3NTM4NnxpbWFnZS9qcGVnfGFXMWhaMlZ6TDJoaFpTOW9NV0l2T1RNek9ETTFPRE01T1RBd05pNXFjR2N8ZWQ3ZWM5OTc5ZDk3ZTBjMTk0ZGRiYzM5YjMxNTgwYmQzZGNjOGFhMjgyZWE2YTRhOTA1YmJiMDFmZGZmNjVkOQ&v=1576758214112",
        "images": []
    },
    {
        "product_url": "https://www.heinemann-shop.com/en/global/guylian/guylian-seashells-original-praline-375g/p/000000000001564720/",
        "brand_name": "Guylian",
        "brand_url": "https://www.heinemann-shop.com/en/global/guylian/c/BRAND_1409/",
        "product_name": "Guylian Seashells Original Pralin\u00e9 375g",
        "quantity": "0.375\u00a0kg",
        "price": "\u20ac14.90",
        "price_per_quantity": "(\u20ac39.73 / 1 kg)",
        "stock_availability": "In stock, immediately available",
        "description": "Guylian\u2019s number 1 product, created by our founders as a souvenir of the Belgian coast and taking over the world ever since. Every elegantly crafted Seashell chocolate is filled with our original hazelnut pralin\u00e9 filling, which is still made according to the original recipe, now with 100% Fairtrade cocoa. Savour an indulgent taste sensation and spoil your senses. Each 375g box contains 33 delicious Belgian Chocolate Seashells.",
        "primary_image": "https://www.heinemann-shop.com/medias/527Wx527H-null?context=bWFzdGVyfGltYWdlc3w0MjM2NnxpbWFnZS9qcGVnfGFHRTVMMmd3TXk4eE1UYzROak01TWpZd01EWXdOaTgxTWpkWGVEVXlOMGhmYm5Wc2JBfGFiNmY3YjdhZjU3YzljNWVjZjRjMjMwNWM1M2I3Mjg1MmUyYTRiOTc5YjY3YTY5YWIyYTE0OWUyN2Y5ZDAzNDc&v=1739914978795",
        "images": []
    },
    {
        "product_url": "https://www.heinemann-shop.com/en/global/ferrero-rocher/ferrero-rocher-tablet-milk-original-270g/p/000000000001496493/",
        "brand_name": "Ferrero Rocher",
        "brand_url": "https://www.heinemann-shop.com/en/global/ferrero-rocher/c/BRAND_5430/",
        "product_name": "Ferrero Rocher Tablet Milk Original 270g",
        "quantity": "0.27\u00a0kg",
        "price": "\u20ac13.70",
        "price_per_quantity": "(\u20ac50.74 / 1 kg)",
        "stock_availability": "In stock, immediately available",
        "description": "The world-famous Ferrero Rocher praline reinterpreted in a unique chocolate tablet shape, to take consumers\u2019 taste buds on a delicious chocolatey journey. An exclusive pack format dedicated to Travel Retail, reflecting a premium look and feel and containing 3 delicious Milk Chocolate Tablets.",
        "primary_image": "https://www.heinemann-shop.com/medias/527Wx527H-null?context=bWFzdGVyfGltYWdlc3w4MDU5MHxpbWFnZS9qcGVnfGFEUTBMMmd6Tnk4eE1UY3dOVFV5TXpFME1qWTROaTgxTWpkWGVEVXlOMGhmYm5Wc2JBfDYyNTAyZmY5OGI2MTE4MTdhYzM1NGExMzdmNjgxMzI0NTI0NGU5MWExZWM3NzVlYjA3MjdhODUzODUwZGQxZTM&v=1738284399276",
        "images": []
    },
    {
        "product_url": "https://www.heinemann-shop.com/en/global/anthon-berg/anton-berg-marzipan-collection-325g/p/000000000001512167/",
        "brand_name": "Anthon Berg",
        "brand_url": "https://www.heinemann-shop.com/en/global/anthon-berg/c/BRAND_0604/",
        "product_name": "Anton Berg Marzipan Collection 325g",
        "quantity": "0.325\u00a0kg",
        "price": "\u20ac15.50",
        "price_per_quantity": "(\u20ac47.69 / 1 kg)",
        "stock_availability": "In stock, immediately available",
        "description": "Single Wrapped Bars and Fruit in Marzipan",
        "primary_image": "https://www.heinemann-shop.com/medias/527Wx527H-null?context=bWFzdGVyfGltYWdlc3w2ODQ3OXxpbWFnZS9qcGVnfGFEVTRMMmc0Wmk4NU56ZzNNell4TURZM01ETTRMelV5TjFkNE5USTNTRjl1ZFd4c3w0OGJkZTgzY2MzOTMxNTEyZWM3OTFkOGE1MzdhODc2NjBmZGEyMGJlNjQxM2EzNWY0ZTNkN2Q1NzNmODJhMGQw&v=1689313529586",
        "images": []
    },
    {
        "product_url": "https://www.heinemann-shop.com/en/global/niederegger/niederegger-vegan-chocolate-almond-brownie-100g/p/000000000001562776/",
        "brand_name": "Niederegger",
        "brand_url": "https://www.heinemann-shop.com/en/global/niederegger/c/BRAND_1439/",
        "product_name": "Niederegger Vegan Chocolate Almond Brownie, 100g",
        "quantity": "0.1\u00a0kg",
        "price": "\u20ac5.90",
        "price_per_quantity": "(\u20ac59.00 / 1 kg)",
        "stock_availability": "In stock, immediately available",
        "description": "Vegan meets brownie and almond! The perfect harmony of crunchy almonds and chocolatey brownie can be combined in the vegan almond brownie classics from Niederegger.",
        "primary_image": "https://www.heinemann-shop.com/medias/527Wx527H-null?context=bWFzdGVyfGltYWdlc3w1MzY1M3xpbWFnZS9qcGVnfGFHUTRMMmhrWVM4eE1UYzRPVGc1TmpNeE9UQXdOaTgxTWpkWGVEVXlOMGhmYm5Wc2JBfGVjMTE5OGUwYmEzMGQ4YmFmYzlmMzJkMzU5ZWI2NmYxYjZjNzNkMjNmNDY1YzlhMmZhMjQ1NTRhZTExYzBmMzE&v=1740000928274",
        "images": []
    },
    {
        "product_url": "https://www.heinemann-shop.com/en/global/suesse-heimat-hamburg/original-typical-hamburg-sweets-in-brown-resealable-packaging/p/000000000001639347/",
        "brand_name": "S\u00fc\u00dfe Heimat Hamburg",
        "brand_url": "https://www.heinemann-shop.com/en/global/suesse-heimat-hamburg/c/BRAND_A197/",
        "product_name": "Original typical hamburg sweets in brown resealable packaging",
        "quantity": "0.1\u00a0kg",
        "price": "\u20ac4.90",
        "price_per_quantity": "(\u20ac49.00 / 1 kg)",
        "stock_availability": "In stock",
        "description": "Original typical hamburg sweets in brown resealable packaging",
        "primary_image": "https://www.heinemann-shop.com/medias/527Wx527H-null?context=bWFzdGVyfGltYWdlc3w1NDAxOHxpbWFnZS9qcGVnfGFHVTNMMmhsTkM4eE1UY3dPVFUwT0RFd01UWTJNaTgxTWpkWGVEVXlOMGhmYm5Wc2JBfGJkMDQ0NGNhODdjOTljNjMwMzBkNmJiYTlkMWEzOGIyOTJlZGZkYmE4NTliN2YyMzhlNTA2MDc3ZTNkYTg0YjQ&v=1738361997046",
        "images": []
    },
    {
        "product_url": "https://www.heinemann-shop.com/en/global/godiva/godiva-truffles-collection-195g/p/000000000001463678/",
        "brand_name": "Godiva",
        "brand_url": "https://www.heinemann-shop.com/en/global/godiva/c/BRAND_0818/",
        "product_name": "Godiva Truffles Collection 195g",
        "quantity": "0.45\u00a0kg",
        "price": "",
        "price_per_quantity": "(\u20ac54.44 / 1 kg)",
        "stock_availability": "",
        "description": "Discover Godiva's ever-popular Napolitains in elegant signature wrappers. Inside await pure Godiva chocolate perfection in four flavors: milk chocolate, dark chocolate, milk chocolate hazelnut, and milk chocolate pistachio. Presented in a handy tower gift box so you can take your Godiva with you anywhere you go.",
        "primary_image": "https://www.heinemann-shop.com/medias/527Wx527H-null?context=bWFzdGVyfGltYWdlc3w1MjYzNHxpbWFnZS9qcGVnfGFETTBMMmd6TVM4NU56VTVOVFExTmpJeU5UVTRMelV5TjFkNE5USTNTRjl1ZFd4c3w5MzdiYTg5MDgwZmE5NTY4YWU0NTMzZWE2ZDBlOGUxYzRkNWNlODI5MGIyYjkxMGE0Zjc4OWIyNTMzZGJmYWZl&v=1682646030328",
        "images": []
    },
    {
        "product_url": "https://www.heinemann-shop.com/en/global/hachez/hachez-chez-berlin-125g/p/000000000001407516/",
        "brand_name": "Hachez",
        "brand_url": "https://www.heinemann-shop.com/en/global/hachez/c/BRAND_1268/",
        "product_name": "Hachez Chez Berlin 125g",
        "quantity": "0.125\u00a0kg",
        "price": "\u20ac10.90",
        "price_per_quantity": "(\u20ac87.20 / 1 kg)",
        "stock_availability": "In stock, immediately available",
        "description": "Chocolates covered with whole milk and white chocolate. Non-alcoholic confiserie pralines",
        "primary_image": "https://www.heinemann-shop.com/medias/527Wx527H-null?context=bWFzdGVyfGltYWdlc3w2MTcxNnxpbWFnZS9qcGVnfGFHUmpMMmhqTUM4eE1USTROVGcxTXpVMk9UQTFOQzgxTWpkWGVEVXlOMGhmYm5Wc2JBfDZlODU5NmYyMGVhYTRmZmE0MjEwYjBkMGViMTNmMTExYmM2YjEzMjlhOTljMWVhZDlkNTk5Yjc0OGE2N2MwNjI&v=1729319438319",
        "images": []
    },
    {
        "product_url": "https://www.heinemann-shop.com/en/global/anthon-berg/anton-berg-heart-shaped-gold-box-9x155g/p/000000000001512166/",
        "brand_name": "Anthon Berg",
        "brand_url": "https://www.heinemann-shop.com/en/global/anthon-berg/c/BRAND_0604/",
        "product_name": "Anton Berg Heart Shaped Gold Box 9x155g",
        "quantity": "0.155\u00a0kg",
        "price": "\u20ac11.90",
        "price_per_quantity": "(\u20ac76.77 / 1 kg)",
        "stock_availability": "",
        "description": "Chocolate Pralines",
        "primary_image": "https://www.heinemann-shop.com/medias/527Wx527H-null?context=bWFzdGVyfGltYWdlc3wyNTQ4M3xpbWFnZS9qcGVnfGFERmxMMmczWVM4NU56ZzNNelV6TlRrMU9UTTBMelV5TjFkNE5USTNTRjl1ZFd4c3w0NTQ3NDkzNjI2ZDhkNjhjZWY2YTNhMzY1M2RjNDdjYTM3YzU1MTUxOGY2ZjI0YWZkMmE4ZDRmMGE3MTExOTRk&v=1689312626414",
        "images": []
    },
    {
        "product_url": "https://www.heinemann-shop.com/en/global/niederegger/niederegger-vegan-nougat-crispy-wafer-100g/p/000000000001562775/",
        "brand_name": "Niederegger",
        "brand_url": "https://www.heinemann-shop.com/en/global/niederegger/c/BRAND_1439/",
        "product_name": "Niederegger Vegan Nougat Crispy wafer, 100g",
        "quantity": "0.1\u00a0kg",
        "price": "\u20ac5.90",
        "price_per_quantity": "(\u20ac59.00 / 1 kg)",
        "stock_availability": "In stock, immediately available",
        "description": "Vegan, delicate and crunchy at the same time. The vegan nougat from Niederegger is a unique creation made of a delicate nougat layer and crunchy wafer pieces.",
        "primary_image": "https://www.heinemann-shop.com/medias/527Wx527H-null?context=bWFzdGVyfGltYWdlc3w1ODcyNHxpbWFnZS9qcGVnfGFHWmtMMmhsTkM4eE1UYzRPVGc1TmpBeU5EQTVOQzgxTWpkWGVEVXlOMGhmYm5Wc2JBfDFmOGVmYWI5ZjM1ZmZkNWE5NTkyZjVhMjFiZmQyOTlmZjAyYWNkYmYyZmYwYmE4ZTU0MmZiYWM2NDE3MjRkZjM&v=1740000915491",
        "images": []
    },
    {
        "product_url": "https://www.heinemann-shop.com/en/global/confiserie-felicitas/felicitas-bar-dark-chocolate-chili-berlin-100g/p/000000000001447736/",
        "brand_name": "Confiserie Felicitas",
        "brand_url": "https://www.heinemann-shop.com/en/global/confiserie-felicitas/c/BRAND_2939/",
        "product_name": "Felicitas+bar dark chocolate chili Berlin+100g",
        "quantity": "0.1\u00a0kg",
        "price": "\u20ac6.90",
        "price_per_quantity": "(\u20ac69.00 / 1 kg)",
        "stock_availability": "In stock",
        "description": "The perfect combination of sharp and bitter components. Bright red chilli flakes in dark chocolate with a cocoa content of 70%.",
        "primary_image": "",
        "images": []
    },
    {
        "product_url": "https://www.heinemann-shop.com/en/global/confiserie-felicitas/felicitas-chocolate-box-bears-german-colours-175g/p/000000000001396668/",
        "brand_name": "Confiserie Felicitas",
        "brand_url": "https://www.heinemann-shop.com/en/global/confiserie-felicitas/c/BRAND_2939/",
        "product_name": "Felicitas chocolate box bears german colours 175g",
        "quantity": "0.175\u00a0kg",
        "price": "\u20ac26.50",
        "price_per_quantity": "(\u20ac151.43 / 1 kg)",
        "stock_availability": "In stock",
        "description": "Congratulations! You make a great decision by choosing a product with high quality from Felicitas, fabricated in Brandenburg (germany). This chocolate candy is produced with caring hands, free of preservatives and contains only biological ingredients. You can collect more information about our factory by visiting our SchokoLadenLand. www.schokoladenland.de",
        "primary_image": "",
        "images": []
    },
    {
        "product_url": "https://www.heinemann-shop.com/en/global/lindt/mini-pralines-box-gold-155g/p/000000000001350770/",
        "brand_name": "Lindt",
        "brand_url": "https://www.heinemann-shop.com/en/global/lindt/c/BRAND_1486/",
        "product_name": "Mini Pralines Box Gold 155g",
        "quantity": "0.155\u00a0kg",
        "price": "\u20ac23.90",
        "price_per_quantity": "(\u20ac154.19 / 1 kg)",
        "stock_availability": "In stock, immediately available",
        "description": "Surprise your loved ones with the new LINDT MINI PRALINES passionately created by the LINDT Ma\u00eetres Chocolatiers. The MINI PRALINES combine a fine selection of 32 miniature pralines, half the size but just as sophisticated. Available in premium gold and filled with 7 different pralines recipes.",
        "primary_image": "https://www.heinemann-shop.com/medias/527Wx527H-null?context=bWFzdGVyfGltYWdlc3w1MzkyMHxpbWFnZS9qcGVnfGFEVm1MMmcyT0M4eE1USTROVGcwTnpVd05qazNOQzgxTWpkWGVEVXlOMGhmYm5Wc2JBfGZmMjBmYjg0MDVjOWE5YTNkZjM0NDhhZGNkZGRmNTU3NTkzYmI0MjM1ZGNhZmM5YWRkZTIyYjM2MjNiOTU1NWI&v=1729319050723",
        "images": []
    },
    {
        "product_url": "https://www.heinemann-shop.com/en/global/hanuta/mini-hanuta-200g/p/000000000001026857/",
        "brand_name": "Hanuta",
        "brand_url": "https://www.heinemann-shop.com/en/global/hanuta/c/BRAND_4644/",
        "product_name": "Mini Hanuta 200g",
        "quantity": "0.2\u00a0kg",
        "price": "\u20ac6.70",
        "price_per_quantity": "(\u20ac33.50 / 1 kg)",
        "stock_availability": "In stock, immediately available",
        "description": "Hanuta is a chocolate and hazelnut crispy wafer presented in a pouch format containing 19 mini, an ideal format easy to carry around and perfect for a little snack.",
        "primary_image": "https://www.heinemann-shop.com/medias/527Wx527H-null?context=bWFzdGVyfGltYWdlc3w3OTg5NnxpbWFnZS9qcGVnfGFEZGpMMmhoTWk4eE1USTVOemd5T0RVMk9URXhPQzgxTWpkWGVEVXlOMGhmYm5Wc2JBfDUzMmZkZGJjNmNhNTMyMDNhYjIyOThjN2NiMmZiNmEzMzk4YjdlYjVhOWNmZDIxOTUxODE4YjRjMDgwNWY5NDM&v=1729544522373",
        "images": []
    },
    {
        "product_url": "https://www.heinemann-shop.com/en/global/lindt/lindor-mini-tube-milk-175g/p/000000000001372249/",
        "brand_name": "Lindt",
        "brand_url": "https://www.heinemann-shop.com/en/global/lindt/c/BRAND_1486/",
        "product_name": "Lindor Mini Tube Milk 175g",
        "quantity": "0.175\u00a0kg",
        "price": "\u20ac16.90",
        "price_per_quantity": "(\u20ac96.57 / 1 kg)",
        "stock_availability": "In stock, immediately available",
        "description": "Enjoy an irresistibly smooth moment of bliss with the new Lindor Mini Tubes - perfect to treat yourself on the way or to surprise a loved one. Available in classic red with the most popular flavor Lindor Milk.",
        "primary_image": "https://www.heinemann-shop.com/medias/527Wx527H-null?context=bWFzdGVyfGltYWdlc3w3MTY5NHxpbWFnZS9qcGVnfGFHWTJMMmd5TUM4eE1USTROVGcxTVRFeE1UUTFOQzgxTWpkWGVEVXlOMGhmYm5Wc2JBfGU5ZDA2ODMyNDc4NDUzYTQ1YmY5NjYxNmU0YzdmOGQwODQ1MWFjNDMwYWE0NTMzZWI0YTQ1MzFhODQwODMxMjM&v=1729319270675",
        "images": []
    },
    {
        "product_url": "https://www.heinemann-shop.com/en/global/fisherman-s-friend/fisherman-s-friend-sugarfree-mint-4x25g/p/000000000001128386/",
        "brand_name": "Fisherman's Friend",
        "brand_url": "https://www.heinemann-shop.com/en/global/fisherman-s-friend/c/BRAND_0493/",
        "product_name": "Fisherman's Friend Sugarfree Mint 4x25g",
        "quantity": "0.1\u00a0kg",
        "price": "\u20ac6.70",
        "price_per_quantity": "(\u20ac67.00 / 1 kg)",
        "stock_availability": "In stock, immediately available",
        "description": "Mint Flavour Lozenges Sugar Free - With Sweeteners. The Fisherman's Friend product was originally developed in 1865 for fishermen working in extreme conditions of the Icelandic deep-sea fishing grounds.",
        "primary_image": "https://www.heinemann-shop.com/medias/527Wx527H-null?context=bWFzdGVyfGltYWdlc3w4MzQ0NXxpbWFnZS9qcGVnfGFEbGpMMmczTWk4NU9EQXdPRGt5TmpFeU5qTTRMelV5TjFkNE5USTNTRjl1ZFd4c3w4NmU3ODg1MDZlMjYwMDNiZTZjZjExMDJmNGU4NDVhYzYyYzNmZWJlZDNlYWI3MmI3OThjN2U2Y2E3NjIzZWNk&v=1691471457700",
        "images": []
    },
    {
        "product_url": "https://www.heinemann-shop.com/en/global/confiserie-felicitas/felicitas-bar-ruby-chocolate-berlin-100g/p/000000000001447746/",
        "brand_name": "Confiserie Felicitas",
        "brand_url": "https://www.heinemann-shop.com/en/global/confiserie-felicitas/c/BRAND_2939/",
        "product_name": "Felicitas+bar ruby chocolate Berlin+100g",
        "quantity": "0.1\u00a0kg",
        "price": "\u20ac6.90",
        "price_per_quantity": "(\u20ac69.00 / 1 kg)",
        "stock_availability": "In stock",
        "description": "Immerse yourself in a world of natural, pink color and intense fruit taste with a slightly sour note. With its breathtaking color and unique taste, the new chocolate variety Ruby satisfies an unprecedented desire for exceptional enjoyment for all the senses.",
        "primary_image": "",
        "images": []
    },
    {
        "product_url": "https://www.heinemann-shop.com/en/global/baratti-milano/baratti-milano-gianduiotti-ballotin-180g/p/000000000000490042/",
        "brand_name": "Baratti & Milano",
        "brand_url": "https://www.heinemann-shop.com/en/global/baratti-milano/c/BRAND_2506/",
        "product_name": "Baratti & Milano Gianduiotti Ballotin 180g",
        "quantity": "0.18\u00a0kg",
        "price": "\u20ac14.90",
        "price_per_quantity": "(\u20ac82.78 / 1 kg)",
        "stock_availability": "In stock, immediately available",
        "description": "Gianduiotto: An expert mixture of the best varieties of cocoa with the precious sweetness of the \u201cTonde e Gentili\u201d hazelnuts, with their unmistakable shape of an overturned boat.",
        "primary_image": "https://www.heinemann-shop.com/medias/527Wx527H-null?context=bWFzdGVyfGltYWdlc3w0Nzg0OHxpbWFnZS9qcGVnfGFEVTBMMmc1TWk4eE1ERTRNRGc1T0RNeU5EVXhNQzgxTWpkWGVEVXlOMGhmYm5Wc2JBfDI4NjQ5ZGFjZjhhYzNlMDc1MDE2OTQ1YzZjYmE5YTQ3NjNhYzhjY2I0ZDM1ODZiNjZhYTIxM2I4ODkyZTE2OWM&v=1704321261018",
        "images": []
    },
    {
        "product_url": "https://www.heinemann-shop.com/en/global/reber/reber-mozart-edition-24-pcs-luxury-tin/p/000000000000737832/",
        "brand_name": "Reber",
        "brand_url": "https://www.heinemann-shop.com/en/global/reber/c/BRAND_2097/",
        "product_name": "Reber Mozart edition 24 pcs. luxury tin",
        "quantity": "0.48\u00a0kg",
        "price": "\u20ac34.90",
        "price_per_quantity": "(\u20ac72.71 / 1 kg)",
        "stock_availability": "In stock, immediately available",
        "description": "You are looking for a festive present idea? Reber makes it easy for you with the unique, exclusive Mozart-Edition\u00ae Luxury Tin - exclusively designed and filled with 24 Genuine Reber Mozart-Kugeln\u00ae, exclusively filled with fine pistachio marzipan from fresh, green pistachios, almonds and smooth melting hazelnut-praline, covered with fine dark and milk chocolate - a special highlight - not only for Mozart lovers and admirer.",
        "primary_image": "https://www.heinemann-shop.com/medias/527Wx527H-null?context=bWFzdGVyfGltYWdlc3wxMzA2Mjd8aW1hZ2UvanBlZ3xhREV6TDJnNFpTOHhNREUxT0RBNE5qTXlOREkxTkM4MU1qZFhlRFV5TjBoZmJuVnNiQXw0ZjM4YzIyYzgxYTNlYTE3ZmM5YzBjYjk4Mjc0NTBkYjIyYmRhZTRkMzA1MGRhZDEzZmE2ZjczNjE0Mjk0NjUy&v=1703712851315",
        "images": []
    },
    {
        "product_url": "https://www.heinemann-shop.com/en/global/paw-patrol/paw-patrol-zaini-surprise-egg-3-pack-60g/p/000000000001443478/",
        "brand_name": "Paw Patrol",
        "brand_url": "https://www.heinemann-shop.com/en/global/paw-patrol/c/BRAND_7802/",
        "product_name": "Paw Patrol Zaini surprise egg 3-pack 60g",
        "quantity": "0.06\u00a0kg",
        "price": "",
        "price_per_quantity": "(\u20ac96.50 / 1 kg)",
        "stock_availability": "",
        "description": "Fine milk chocolate eggs each with a nice LOL Surprise collectable figurine inside",
        "primary_image": "https://www.heinemann-shop.com/medias/527Wx527H-null?context=bWFzdGVyfGltYWdlc3w1MDE1OXxpbWFnZS9qcGVnfGFESm1MMmhqTnk4NU56WTFNRFk1Tnpnek1EY3dMelV5TjFkNE5USTNTRjl1ZFd4c3xiODgyZTdlNGUyNjJjNjU5NDk1ZDAyNjA3MTA0MTAyZjgwMWY4YTlmYjNiNDJkMWU3Yzk0OTFjZWVhZGRiYWYz&v=1684281938334",
        "images": []
    },
    {
        "product_url": "https://www.heinemann-shop.com/en/global/confiserie-felicitas/felicitas-bar-white-chocolate-berlin-100g/p/000000000001447732/",
        "brand_name": "Confiserie Felicitas",
        "brand_url": "https://www.heinemann-shop.com/en/global/confiserie-felicitas/c/BRAND_2939/",
        "product_name": "Felicitas+bar white chocolate Berlin+100g",
        "quantity": "0.1\u00a0kg",
        "price": "\u20ac6.90",
        "price_per_quantity": "(\u20ac69.00 / 1 kg)",
        "stock_availability": "In stock",
        "description": "Tenderly melting white chocolate consisting mainly of milk from Belgian cows and sugar from locally grown sugar beet. It has a lovely taste with pronounced milky, creamy notes.",
        "primary_image": "",
        "images": []
    },
    {
        "product_url": "https://www.heinemann-shop.com/en/global/confiserie-felicitas/felicitas-bar-dark-chocolateberlin-100g/p/000000000001447731/",
        "brand_name": "Confiserie Felicitas",
        "brand_url": "https://www.heinemann-shop.com/en/global/confiserie-felicitas/c/BRAND_2939/",
        "product_name": "Felicitas+bar dark chocolateBerlin+100g",
        "quantity": "0.1\u00a0kg",
        "price": "\u20ac6.90",
        "price_per_quantity": "(\u20ac69.00 / 1 kg)",
        "stock_availability": "In stock",
        "description": "Pure enjoyment! Dark chocolate with 55% cocoa. Tender melting chocolate according to the Belgian purity law. Without replacement fats, but with pure cocoa butter.",
        "primary_image": "",
        "images": []
    },
    {
        "product_url": "https://www.heinemann-shop.com/en/global/confiserie-felicitas/felicitas-bar-milk-chocolate-berlin-100g/p/000000000001447599/",
        "brand_name": "Confiserie Felicitas",
        "brand_url": "https://www.heinemann-shop.com/en/global/confiserie-felicitas/c/BRAND_2939/",
        "product_name": "Felicitas+bar milk chocolate Berlin+100g",
        "quantity": "0.1\u00a0kg",
        "price": "\u20ac6.90",
        "price_per_quantity": "(\u20ac69.00 / 1 kg)",
        "stock_availability": "In stock",
        "description": "The classic chocolate with 33% cocoa. Tender melting milk chocolate according to the Belgian purity law. Without replacement fats, but with pure cocoa butter.",
        "primary_image": "",
        "images": []
    },
    {
        "product_url": "https://www.heinemann-shop.com/en/global/confiserie-felicitas/felicitas-bar-chocolate-sao-thome-berlin-100g/p/000000000001447734/",
        "brand_name": "Confiserie Felicitas",
        "brand_url": "https://www.heinemann-shop.com/en/global/confiserie-felicitas/c/BRAND_2939/",
        "product_name": "Felicitas+bar chocolate Sao Thome Berlin+100g",
        "quantity": "0.1\u00a0kg",
        "price": "\u20ac6.90",
        "price_per_quantity": "(\u20ac69.00 / 1 kg)",
        "stock_availability": "In stock",
        "description": "Premium dark chocolate with a cocoa content of 70%. Intense dark chocolate with the full-bodied taste of cocoa and the subtle fruit aromas. This chocolate is made exclusively with Amelonado cocoa beans from the island of Sao Tom\u00e9, one of the \"Chocolate Islands\".",
        "primary_image": "",
        "images": []
    },
    {
        "product_url": "https://www.heinemann-shop.com/en/global/confiserie-felicitas/felicitas-chocolate-box-bears-mixed-175g/p/000000000001396667/",
        "brand_name": "Confiserie Felicitas",
        "brand_url": "https://www.heinemann-shop.com/en/global/confiserie-felicitas/c/BRAND_2939/",
        "product_name": "Felicitas Chocolate box bears mixed 175g",
        "quantity": "0.175\u00a0kg",
        "price": "\u20ac26.50",
        "price_per_quantity": "(\u20ac151.43 / 1 kg)",
        "stock_availability": "In stock",
        "description": "Congratulations! You make a great decision by choosing a product with high quality from Felicitas, fabricated in Brandenburg (germany). This chocolate candy is produced with caring hands, free of preservatives and contains only biological ingredients. You can collect more information about our factory by visiting our SchokoLadenLand. www.schokoladenland.de",
        "primary_image": "",
        "images": []
    },
    {
        "product_url": "https://www.heinemann-shop.com/en/global/confiserie-felicitas/felicitas-bar-white-chocolate-with-cacao-splits-berlin-100g/p/000000000001447738/",
        "brand_name": "Confiserie Felicitas",
        "brand_url": "https://www.heinemann-shop.com/en/global/confiserie-felicitas/c/BRAND_2939/",
        "product_name": "Felicitas+bar white chocolate with cacao splits Berlin+100g",
        "quantity": "0.1\u00a0kg",
        "price": "\u20ac6.90",
        "price_per_quantity": "(\u20ac69.00 / 1 kg)",
        "stock_availability": "In stock",
        "description": "Delicious white chocolate peppered with crispy cocoa chips.",
        "primary_image": "",
        "images": []
    },
    {
        "product_url": "https://www.heinemann-shop.com/en/global/confiserie-felicitas/felicitas-bar-milk-chocolate-caramelcrisp-hamburg-100g/p/000000000001447739/",
        "brand_name": "Confiserie Felicitas",
        "brand_url": "https://www.heinemann-shop.com/en/global/confiserie-felicitas/c/BRAND_2939/",
        "product_name": "Felicitas+bar milk chocolate caramelcrisp Hamburg+100g",
        "quantity": "0.1\u00a0kg",
        "price": "\u20ac6.90",
        "price_per_quantity": "(\u20ac69.00 / 1 kg)",
        "stock_availability": "In stock",
        "description": "Tenderly melting, mild whole milk chocolate with a cocoa content of 33% refined with crispy crispy pearls in a caramel coat.",
        "primary_image": "https://www.heinemann-shop.com/medias/527Wx527H-null?context=bWFzdGVyfGltYWdlc3w0ODk2N3xpbWFnZS9qcGVnfGFEZzBMMmhoTVM4eE1UY3dPVFV6TkRBM05qazFPQzgxTWpkWGVEVXlOMGhmYm5Wc2JBfDIyZWVhY2EyZjI4MDIwZjdhMzBmZWYzN2M3Mjg5NGQyYWZjOWFkZjk3MjBhNjMzMWI2MzBiOWE1MTMwYzhhNjE&v=1738361395037",
        "images": []
    },
    {
        "product_url": "https://www.heinemann-shop.com/en/global/heindl/heindl-mozart-kugeln-200g/p/000000000000753138/",
        "brand_name": "Heindl",
        "brand_url": "https://www.heinemann-shop.com/en/global/heindl/c/BRAND_2733/",
        "product_name": "Heindl Mozart Kugeln 200g",
        "quantity": "0.2\u00a0kg",
        "price": "\u20ac12.99",
        "price_per_quantity": "(\u20ac64.95 / 1 kg)",
        "stock_availability": "",
        "description": "Even today, famous works by the composer Wolfgang Amadeus Mozart such as \u201cThe Magic Flute\u201d and \u201cLa nozze de Figaro Pho\u201d enchant an international audience. We pay tribute to Mozart with an exquisite composition of the finest marzipan on nougat cream covered in delicate dark chocolate",
        "primary_image": "https://www.heinemann-shop.com/medias/753138-527Wx527H?context=bWFzdGVyfGltYWdlc3w2ODkzMnxpbWFnZS9qcGVnfGFETTBMMmhqTUM4NU5qWXpOakl3TVRnMk1UUXlMemMxTXpFek9GODFNamRYZURVeU4wZ3xiNTk0MmMzMTQ3Y2RkMTAxZWJhNDI3YzUwNWQ3NjY4OGE2MTljMmZlZjVjMTcyY2U4Zjg0MGM5Y2UyNjNiY2Vi&v=1646946954261",
        "images": []
    },
    {
        "product_url": "https://www.heinemann-shop.com/en/global/lindt/gold-bar-milk-almond-pistachio-300g/p/000000000001372244/",
        "brand_name": "Lindt",
        "brand_url": "https://www.heinemann-shop.com/en/global/lindt/c/BRAND_1486/",
        "product_name": "Gold Bar Milk Almond Pistachio 300g",
        "quantity": "0.3\u00a0kg",
        "price": "\u20ac16.90",
        "price_per_quantity": "(\u20ac56.33 / 1 kg)",
        "stock_availability": "In stock, immediately available",
        "description": "Discover the new delicious chocolate delight for all lovers of almonds and pistachios. The limited Lindt 300g Tablet Milk Almond Pistachio combines finest Swiss milk chocolate with whole aromatically roasted almonds as well as whole subtly salted and well roasted pistachios.",
        "primary_image": "https://www.heinemann-shop.com/medias/527Wx527H-null?context=bWFzdGVyfGltYWdlc3wzMzYyM3xpbWFnZS9qcGVnfGFERXhMMmc0TUM4eE1USTROVGcxTURRMU5qQTVOQzgxTWpkWGVEVXlOMGhmYm5Wc2JBfDRlZTkxNmRiOTFhZmExOTNiYWY3MTQ5YjNmZTg4ZTY1NTQ2MzkyNDkwNTAxNGI3NTA5OGM2NTE1Yzc1YzE0ZDA&v=1729319225917",
        "images": []
    },
    {
        "product_url": "https://www.heinemann-shop.com/en/global/baratti-milano/baratti-milano-confezione-cafe-storico-128g/p/000000000000502038/",
        "brand_name": "Baratti & Milano",
        "brand_url": "https://www.heinemann-shop.com/en/global/baratti-milano/c/BRAND_2506/",
        "product_name": "Baratti & Milano Confezione Cafe storico 128g",
        "quantity": "0.128\u00a0kg",
        "price": "",
        "price_per_quantity": "(\u20ac136.72 / 1 kg)",
        "stock_availability": "",
        "description": "Gianduiotto: An expert mixture of the best varieties of cocoa with the precious sweetness of the \u201cTonde e Gentili\u201d hazelnuts, with their unmistakable shape of an overturned boat. Cremino: An historic product of Baratti&Milano, this amazing three-layer praline, known to this day as \u201cCremino\u201d is renowned for its delicate flavour and remarkably creamy texture. It is an harmonius blend of chocolate with the smooth velvety cream of the \u201cTonda e Gentile\u201d hazelnut.",
        "primary_image": "https://www.heinemann-shop.com/medias/527Wx527H-null?context=bWFzdGVyfGltYWdlc3w0NzA1OXxpbWFnZS9qcGVnfGFEWTVMMmc0WlM4NU56WXhNVEEyTVRZMU56a3dMelV5TjFkNE5USTNTRjl1ZFd4c3wxNDdjMTdlNzQwYTRjYmMyNTBkMzVmOGUxNGI2ZWU1MzJlNzExM2RhZDYwMTJiNDM4MTY4ZmFiYTNkOThiMTU1&v=1683149129848",
        "images": []
    },
    {
        "product_url": "https://www.heinemann-shop.com/en/global/cavendish-harvey/cavendish-harvey-fruit-candies-175g/p/000000000001312603/",
        "brand_name": "Cavendish & Harvey",
        "brand_url": "https://www.heinemann-shop.com/en/global/cavendish-harvey/c/BRAND_0437/",
        "product_name": "Cavendish & Harvey Fruit Candies 175g",
        "quantity": "0.175\u00a0kg",
        "price": "\u20ac3.50",
        "price_per_quantity": "(\u20ac20.00 / 1 kg)",
        "stock_availability": "In stock, immediately available",
        "description": "This delicious berry mix of fine raspberries, blackberries and blueberries is simply too good to resist. Made with real fruit juice, dusted with icing sugar and sealed in a premium gold tin for the highest quality freshness.",
        "primary_image": "https://www.heinemann-shop.com/medias/527Wx527H-null?context=bWFzdGVyfGltYWdlc3w2OTU5OHxpbWFnZS9qcGVnfGFESmxMMmhtTlM4NU56WXhNVFV5TnprME5qVTBMelV5TjFkNE5USTNTRjl1ZFd4c3xhYjlhNDU2M2FjNTlhMjdhZDA4NThkYmY4M2VjZTBkNWMxMWEyZjBjMzgzZmQ2NDExNzU3MGRkNGU0YTg1OTdi&v=1683170708145",
        "images": []
    },
    {
        "product_url": "https://www.heinemann-shop.com/en/global/mars/mars-bar-51g/p/000000000000556815/",
        "brand_name": "Mars",
        "brand_url": "https://www.heinemann-shop.com/en/global/mars/c/BRAND_0707/",
        "product_name": "Mars Bar, 51g",
        "quantity": "0.051\u00a0kg",
        "price": "",
        "price_per_quantity": "(\u20ac37.25 / 1 kg)",
        "stock_availability": "",
        "description": "The original chocolate bar created by Forrest Mars in 1932. A delicious fusion of chocolate, caramel and nougat has been rewarding and restoring people for generations",
        "primary_image": "https://www.heinemann-shop.com/medias/527Wx527H-null?context=bWFzdGVyfGltYWdlc3wyOTM1N3xpbWFnZS9qcGVnfGFESTVMMmhsWmk4eE1EUXdOelE0TWpjeU1ESTROaTgxTWpkWGVEVXlOMGhmYm5Wc2JBfGRjZDBmNzdmNGI3MjFkM2RlOWViNzQ1NTM5MWVmZDhkMDEwNjM0MjQ5MjEwY2IyMmU2MGNlNmRiZjlkZmQ4NWU&v=1709588161269",
        "images": []
    },
    {
        "product_url": "https://www.heinemann-shop.com/en/global/cadbury/cadbury-fruit-nut-tablet-300g/p/000000000001087379/",
        "brand_name": "Cadbury",
        "brand_url": "https://www.heinemann-shop.com/en/global/cadbury/c/BRAND_0822/",
        "product_name": "Cadbury Fruit & Nut Tablet 300g",
        "quantity": "0.3\u00a0kg",
        "price": "\u20ac8.90",
        "price_per_quantity": "(\u20ac29.67 / 1 kg)",
        "stock_availability": "In stock, immediately available",
        "description": "Enjoy Cadbury Dairy Milk Fruit & Nut. A delicious Cadbury Dairy Milk chocolate bar filled with raisins and almonds in 300g tablet format, available in Travel Retail only.",
        "primary_image": "https://www.heinemann-shop.com/medias/527Wx527H-null?context=bWFzdGVyfGltYWdlc3wzMzYwNXxpbWFnZS9qcGVnfGFETXlMMmhqTmk4eE1EQTVNVEEzT0RrME1qYzFNQzgxTWpkWGVEVXlOMGhmYm5Wc2JBfDc1NmNjODZjZTNlZjM5Mjk0NGYwYmNlMzBiODEwZmVhZDdmN2NhOTI3M2JjNDQ0YWQyNzkyMGM5OGFiMjE1Yzc&v=1702071593257",
        "images": []
    },
    {
        "product_url": "https://www.heinemann-shop.com/en/global/geisha/geisha-chocolates-160g/p/000000000001185213/",
        "brand_name": "Geisha",
        "brand_url": "https://www.heinemann-shop.com/en/global/geisha/c/BRAND_5431/",
        "product_name": "Geisha chocolates 160g",
        "quantity": "0.16\u00a0kg",
        "price": "\u20ac6.30",
        "price_per_quantity": "(\u20ac39.38 / 1 kg)",
        "stock_availability": "In stock, immediately available",
        "description": "Delicious Geisha pralines now in a convenient bag. Premium Fazer milk chocolate with a soft, yet crispy hazelnut filling.",
        "primary_image": "https://www.heinemann-shop.com/medias/527Wx527H-null?context=bWFzdGVyfGltYWdlc3w1NDI1NXxpbWFnZS9qcGVnfGFERTVMMmczTmk4eE1UYzROak00TXpBMk5URXhPQzgxTWpkWGVEVXlOMGhmYm5Wc2JBfDcyMmE1MjEwNTQ0NTMwM2M1YTRhMTY0NDY2ZWI4MGJkYjdmOTVmMmMzNTE4MTc0ZmVkMjUzMWE3OWIxZDY1YTM&v=1739914331142",
        "images": []
    },
    {
        "product_url": "https://www.heinemann-shop.com/en/global/hachez/hachez-greetings-from-germany-2x200g/p/000000000001229953/",
        "brand_name": "Hachez",
        "brand_url": "https://www.heinemann-shop.com/en/global/hachez/c/BRAND_1268/",
        "product_name": "Hachez Greetings from Germany 2x200g",
        "quantity": "0.4\u00a0kg",
        "price": "\u20ac41.90",
        "price_per_quantity": "(\u20ac104.75 / 1 kg)",
        "stock_availability": "In stock, immediately available",
        "description": "Exquisite pralines in an elegant pack \u2013 with this selection of truffles and pralines you can never go wrong.",
        "primary_image": "https://www.heinemann-shop.com/medias/527Wx527H-null?context=bWFzdGVyfGltYWdlc3w2MTc4MHxpbWFnZS9qcGVnfGFHSmpMMmhrWWk4eE1USTROVFk0TXpRM01ETTJOaTgxTWpkWGVEVXlOMGhmYm5Wc2JBfDBmN2YzNzJmNzA3ZTk5YjZhYzIxNWMwOTUzNDQ3ZDA2MGY5OTVmMWE4OTUxM2M3MzM5MGVlMTUzN2RmYzNjYzQ&v=1729317167358",
        "images": []
    },
    {
        "product_url": "https://www.heinemann-shop.com/en/global/lindt/lindt-silver-bar-dark-300g/p/000000000000163796/",
        "brand_name": "Lindt",
        "brand_url": "https://www.heinemann-shop.com/en/global/lindt/c/BRAND_1486/",
        "product_name": "Lindt Silver Bar Dark 300g",
        "quantity": "0.3\u00a0kg",
        "price": "\u20ac16.90",
        "price_per_quantity": "(\u20ac56.33 / 1 kg)",
        "stock_availability": "In stock, immediately available",
        "description": "Experience pure chocolate pleasure with this smooth dark chocolate from LINDT. Made from aromatic high-quality cocoa, the Silver Tablet Surfin offers a delicious taste experience for all dark chocolate lovers.",
        "primary_image": "https://www.heinemann-shop.com/medias/527Wx527H-null?context=bWFzdGVyfGltYWdlc3wzMTM5OHxpbWFnZS9qcGVnfGFERXdMMmcwWlM4eE1USTROVE0wTWpJeU5EUXhOQzgxTWpkWGVEVXlOMGhmYm5Wc2JBfGZlYjQ5MzY0OTAwMzFiZTA3OTgyYWFhNDA2NWQyOTcwZjkzYTEzNTcwMWEyZjRhNDM4NTlkYjQ3ODY1NDA5MmM&v=1729313315090",
        "images": []
    },
    {
        "product_url": "https://www.heinemann-shop.com/en/global/cartwright-butler/c-b-triple-choclolate-biscuit-200g/p/000000000001259556/",
        "brand_name": "Cartwright & Butler",
        "brand_url": "https://www.heinemann-shop.com/en/global/cartwright-butler/c/BRAND_6725/",
        "product_name": "C&B Triple Choclolate Biscuit 200g",
        "quantity": "0.2\u00a0kg",
        "price": "",
        "price_per_quantity": "(\u20ac89.95 / 1 kg)",
        "stock_availability": "",
        "description": "These delicious, luxury biscuits are versatile enough for every occasion from elevenses to after dinner. Presented in a beautiful, reusable gift tin with a kilner style lid.",
        "primary_image": "https://www.heinemann-shop.com/medias/527Wx527H-null?context=bWFzdGVyfGltYWdlc3w2NDAzNnxpbWFnZS9qcGVnfGFHWXdMMmhsTkM4NU56WXpNVGN6TnpZeE1EVTBMelV5TjFkNE5USTNTRjl1ZFd4c3wxMTNjZTFmMWFhNGFjYThmMzMzNDE4MDAwZGZmZjQxYTRmNDE0YzhlZGYxZjQ0OGZkYjg4ODg1ZDU3ZjUxNGZh&v=1683782716328",
        "images": []
    },
    {
        "product_url": "https://www.heinemann-shop.com/en/global/anthon-berg/anthon-berg-apricot-in-brandy-220g/p/000000000001187270/",
        "brand_name": "Anthon Berg",
        "brand_url": "https://www.heinemann-shop.com/en/global/anthon-berg/c/BRAND_0604/",
        "product_name": "Anthon Berg Apricot in Brandy 220g",
        "quantity": "0.22\u00a0kg",
        "price": "\u20ac7.90",
        "price_per_quantity": "(\u20ac35.91 / 1 kg)",
        "stock_availability": "Low stock",
        "description": "Anthon Berg Chocolate with marzipan and filling with Apricot in Brandy.",
        "primary_image": "https://www.heinemann-shop.com/medias/527Wx527H-null?context=bWFzdGVyfGltYWdlc3w1MDY5MXxpbWFnZS9qcGVnfGFERmtMMmhoTXk4NU56ZzNNRFk1TnpJMk56VXdMelV5TjFkNE5USTNTRjl1ZFd4c3xkMDZmMjY4ZTUxMjI1ZTY3ZGQxMDVlMWU5YTUzMWE3ZTA2YjZlMjhhZjQxYTFlOGYxMTdkZjcxZGEzNTAyN2Zj&v=1689276020482",
        "images": []
    },
    {
        "product_url": "https://www.heinemann-shop.com/en/global/cartwright-butler/cartwright-butler-butter-fudge-in-tin-175g/p/000000000001259561/",
        "brand_name": "Cartwright & Butler",
        "brand_url": "https://www.heinemann-shop.com/en/global/cartwright-butler/c/BRAND_6725/",
        "product_name": "Cartwright & Butler Butter Fudge in Tin 175g",
        "quantity": "0.175\u00a0kg",
        "price": "",
        "price_per_quantity": "(\u20ac77.09 / 1 kg)",
        "stock_availability": "",
        "description": "Divine caramel fudge infused with sea salt. No additives or preservatives.",
        "primary_image": "https://www.heinemann-shop.com/medias/527Wx527H-null?context=bWFzdGVyfGltYWdlc3w1NDgyM3xpbWFnZS9qcGVnfGFHSXdMMmhpWWk4NU56WXpNVGMwTkRRNU1UZ3lMelV5TjFkNE5USTNTRjl1ZFd4c3xlMDBjMzYxODk5MzlhMGUyYzg3OTVhZDNlMjI1NjY1NWFhMTY0MGI1ODQ2YTNhOWEzNGFmNzM1YTc4NzEyM2Rm&v=1683782726526",
        "images": []
    },
    {
        "product_url": "https://www.heinemann-shop.com/en/global/milka/milka-triolade-tablet-280g/p/000000000001278434/",
        "brand_name": "Milka",
        "brand_url": "https://www.heinemann-shop.com/en/global/milka/c/BRAND_0831/",
        "product_name": "Milka Triolade Tablet 280g",
        "quantity": "0.28\u00a0kg",
        "price": "\u20ac6.90",
        "price_per_quantity": "(\u20ac24.64 / 1 kg)",
        "stock_availability": "In stock, immediately available",
        "description": "A triumphant trio of tastes! Big size Milka tablet with layers of dark, white and Alpine Milk chocolate. A completely different taste experience for Milka lovers.",
        "primary_image": "https://www.heinemann-shop.com/medias/527Wx527H-null?context=bWFzdGVyfGltYWdlc3w0MjMzNXxpbWFnZS9qcGVnfGFEaG1MMmd6TWk4NU9EQXdPVEkwTWpBd09Ua3dMelV5TjFkNE5USTNTRjl1ZFd4c3w3MmNkODdhNTBlYmRkNDk4NTBmZDAxNDAxMWYzNDM3MDIwZDIxZWM2MTgwMGM2MTM2ZjVmOWU2MDQyZTJkMDE5&v=1691479515403",
        "images": []
    },
    {
        "product_url": "https://www.heinemann-shop.com/en/global/lindt/lindt-silver-bar-dark-hazelnut-300g/p/000000000000163797/",
        "brand_name": "Lindt",
        "brand_url": "https://www.heinemann-shop.com/en/global/lindt/c/BRAND_1486/",
        "product_name": "Lindt Silver Bar Dark Hazelnut 300g",
        "quantity": "0.3\u00a0kg",
        "price": "\u20ac16.90",
        "price_per_quantity": "(\u20ac56.33 / 1 kg)",
        "stock_availability": "In stock, immediately available",
        "description": "Discover smooth dark chocolate from LINDT with finest whole roasted hazelnuts. Made from aromatic high-quality cocoa, the Silver Tablet Dark Hazelnut offers a delicious and crunchy taste experience for all dark chocolate lovers.",
        "primary_image": "https://www.heinemann-shop.com/medias/527Wx527H-null?context=bWFzdGVyfGltYWdlc3wzMjEwN3xpbWFnZS9qcGVnfGFEVTVMMmd6WXk4eE1USTROVE0wTWpjNE1UUTNNQzgxTWpkWGVEVXlOMGhmYm5Wc2JBfGY2ZDY5ZmEyNTUyMGI0YmZkNTJjYmE3Mzk5N2YzZTViOTViNDBjZGQxMjJmNDE0NjY0MjFlZmQ1YjEzNWE3MDg&v=1729313365208",
        "images": []
    },
    {
        "product_url": "https://www.heinemann-shop.com/en/global/asbach/asbach-cherries-without-crust-200g/p/000000000000037983/",
        "brand_name": "Asbach",
        "brand_url": "https://www.heinemann-shop.com/en/global/asbach/c/BRAND_0125/",
        "product_name": "Asbach Cherries without crust 200g",
        "quantity": "0.2\u00a0kg",
        "price": "\u20ac11.90",
        "price_per_quantity": "(\u20ac59.50 / 1 kg)",
        "stock_availability": "In stock, immediately available",
        "description": "Exquisite Asbach Cherry Chocolates \u2013 a unique confectionery delight. Sun-ripened cherries together with fine Asbach, a speciality from R\u00fcdesheim on the romantic Rhine River, combined with fine, dark chocolate, join to create an unforgettable fruity taste sensation. The premium, exclusively designed gift box filled with 16 Asbach cherries is very well suited as a gift for confectionery connoisseurs.",
        "primary_image": "https://www.heinemann-shop.com/medias/527Wx527H-null?context=bWFzdGVyfGltYWdlc3w3MzU1N3xpbWFnZS9qcGVnfGFERmtMMmd5TWk4eE1EVXlPRGN4TURJNU5UVTRNaTgxTWpkWGVEVXlOMGhmYm5Wc2JBfGU5NGMyNTA0ZTQ2ZWE0ODliNjk2MDQ3MjEzMzk0YzA4ZDlmOGQ3Y2JiZDRjZTQyN2RjNTdiZThhM2EwMTE0N2E&v=1712263228387",
        "images": []
    },
    {
        "product_url": "https://www.heinemann-shop.com/en/global/asbach/rcp-brandy-bottles-250g/p/000000000000524752/",
        "brand_name": "Asbach",
        "brand_url": "https://www.heinemann-shop.com/en/global/asbach/c/BRAND_0125/",
        "product_name": "RCP Brandy bottles 250g",
        "quantity": "0.25\u00a0kg",
        "price": "\u20ac12.50",
        "price_per_quantity": "(\u20ac50.00 / 1 kg)",
        "stock_availability": "In stock, immediately available",
        "description": "Chocolate Asbach bottles offer a distinctive chocolate taste in a unique form. The form of the chocolate looks like the original Asbach bottle and therefore is outstanding within the assortment. Tender melting dark chocolate with a cocoa portion of 60% covers the exquisite Asbach. The liquid filled chocolates are crowned with a very thin, fine crust. The Asbach gift box filled with 20 finest Asbach bottles - a special delight for every Asbach connoisseur.",
        "primary_image": "https://www.heinemann-shop.com/medias/527Wx527H-null?context=bWFzdGVyfGltYWdlc3w2MDc1NHxpbWFnZS9qcGVnfGFHVmxMMmd6TlM4eE1ETTBORGt3TURJNU5qY3pOQzgxTWpkWGVEVXlOMGhmYm5Wc2JBfDI3YmRkMjhiZjg0MWQ5ZDQ3ODUxNTNjNzkxYzMzNjIzYzcxZmVlZmM1M2YzYTFkNThjMTdmYThhMzhhM2Y5MTM&v=1708378297718",
        "images": []
    },
    {
        "product_url": "https://www.heinemann-shop.com/en/global/milka/mka-87g-tablet-petit-lu-18ca/p/000000000001405011/",
        "brand_name": "Milka",
        "brand_url": "https://www.heinemann-shop.com/en/global/milka/c/BRAND_0831/",
        "product_name": "MKA 87G TABLET PETIT LU 18CA",
        "quantity": "0.087\u00a0kg",
        "price": "\u20ac3.49",
        "price_per_quantity": "(\u20ac40.11 / 1 kg)",
        "stock_availability": "In stock",
        "description": "When 2 beloved brands brought together Outstanding arises: Alpine Milk chocolate & LU biscuits will surprise you in all sense with an innovative shape, texture and an unique tasting experience. First crunchy, then tenderness appears: Alpine milk chocolate combined with 20 small crunchy LU-biscuits - an extraordinary combination.",
        "primary_image": "https://www.heinemann-shop.com/medias/527Wx527H-null?context=bWFzdGVyfGltYWdlc3wzOTcxM3xpbWFnZS9qcGVnfGFEWTRMMmd4WkM4NU9EQXdPVGsxTVRRek56RXdMelV5TjFkNE5USTNTRjl1ZFd4c3wzNmQ5ZTc0NTMzNzYwNTg2ZjY4NjFmMTE2Zjk4ZGIwMDk1MmQwNzU4YmRjMjAzNTZjYTVjYjRlYmQ0MGNjYzdh&v=1691490315557",
        "images": []
    },
    {
        "product_url": "https://www.heinemann-shop.com/en/global/milka/milka-100g-cocoa-dark/p/000000000001405015/",
        "brand_name": "Milka",
        "brand_url": "https://www.heinemann-shop.com/en/global/milka/c/BRAND_0831/",
        "product_name": "Milka 100g Cocoa/ Dark",
        "quantity": "0.1\u00a0kg",
        "price": "\u20ac3.49",
        "price_per_quantity": "(\u20ac34.90 / 1 kg)",
        "stock_availability": "In stock",
        "description": "100% Alpine Milk of dark chocolate.",
        "primary_image": "https://www.heinemann-shop.com/medias/527Wx527H-null?context=bWFzdGVyfGltYWdlc3wzNjI3NXxpbWFnZS9qcGVnfGFHTTBMMmhpTlM4NU9EQXdPVGszTVRBNU56a3dMelV5TjFkNE5USTNTRjl1ZFd4c3xlNWI4MmMwZmE0NDE4NzZlNzJjMTdkMjIzNjQyNmVkODZlMTBhMDc4Mzc4NGRmYTY2ZjA4MWQ2YTY0Yjk0NmQ1&v=1691490624864",
        "images": []
    },
    {
        "product_url": "https://www.heinemann-shop.com/en/global/cavendish-harvey/cavendish-harvey-duo-fruit-cherry-lime-175g/p/000000000001510096/",
        "brand_name": "Cavendish & Harvey",
        "brand_url": "https://www.heinemann-shop.com/en/global/cavendish-harvey/c/BRAND_0437/",
        "product_name": "Cavendish & Harvey Duo Fruit Cherry Lime 175g",
        "quantity": "0.175\u00a0kg",
        "price": "\u20ac3.50",
        "price_per_quantity": "(\u20ac20.00 / 1 kg)",
        "stock_availability": "In stock, immediately available",
        "description": "Discover the delicious contrast of two different fruits in one Drop. The taste of aromatic Cherries is on the outside while the vibrant sour taste of acidic Lime fruit is the filling on the inside. Together they create an exhilarating balance of citric aromas like you have never experienced before. Double Fruit Drops, made with real fruit juices, are dusted with icing sugar and sealed in a premium gold tin for the highest quality freshness.",
        "primary_image": "https://www.heinemann-shop.com/medias/527Wx527H-null?context=bWFzdGVyfGltYWdlc3w2OTg1MXxpbWFnZS9qcGVnfGFEYzJMMmd4T1M4NU56WXhNekE1TURZMU1qUTJMelV5TjFkNE5USTNTRjl1ZFd4c3wyOWJlYzg4ZjdlODM3ODY4MjQxOGI0NGVlODU2ZGYxMzVlODE0M2ZlMTcxMTYzNjUyZGQ1ZjllOGIwNzM2YzNl&v=1683186087306",
        "images": []
    },
    {
        "product_url": "https://www.heinemann-shop.com/en/global/wrigley-s/wrigley-s-extra-spearmint-bottle-64g/p/000000000001497208/",
        "brand_name": "Wrigley's",
        "brand_url": "https://www.heinemann-shop.com/en/global/wrigley-s/c/BRAND_2063/",
        "product_name": "Wrigley's Extra Spearmint bottle 64g",
        "quantity": "0.064\u00a0kg",
        "price": "",
        "price_per_quantity": "(\u20ac85.78 / 1 kg)",
        "stock_availability": "",
        "description": "Extra Spearmint in a easy to carry bottle. Your on the go Oral Care!",
        "primary_image": "https://www.heinemann-shop.com/medias/527Wx527H-null?context=bWFzdGVyfGltYWdlc3w1NDA0OXxpbWFnZS9qcGVnfGFEWmlMMmhoWXk4eE1EVXlNREU0T1RNek56WXpNQzgxTWpkWGVEVXlOMGhmYm5Wc2JBfGI0OTA4ZWIzMzk2NDE2Y2IyYWVkNjYxYTJlY2RjYTY1OTRhMmIyNGJjNTQ5NmQ0NTJlYmY3OTcwNjY2MDk2ZjE&v=1712089507011",
        "images": []
    },
    {
        "product_url": "https://www.heinemann-shop.com/en/global/hofbauer/hofbauer-marc-de-schlumberger-selection-secco-130g/p/000000000001508154/",
        "brand_name": "Hofbauer",
        "brand_url": "https://www.heinemann-shop.com/en/global/hofbauer/c/BRAND_9125/",
        "product_name": "Hofbauer Marc de Schlumberger Selection Secco 130g",
        "quantity": "0.13\u00a0kg",
        "price": "\u20ac7.49",
        "price_per_quantity": "(\u20ac57.62 / 1 kg)",
        "stock_availability": "",
        "description": "In a crisp shell, a pleasure experience awaits you in which the most popular Schlumberger specialities are brought to life as truffle creations. A unique truffle concept perfected into a noble gift.",
        "primary_image": "https://www.heinemann-shop.com/medias/1508154-527Wx527H?context=bWFzdGVyfGltYWdlc3wzODAwM3xpbWFnZS9qcGVnfGFEUmhMMmd6TXk4NU5qUTROVEl4Tnpjek1EZzJMekUxTURneE5UUmZOVEkzVjNnMU1qZEl8OGY0MmMyMTA5MmEzOGE4ODMxZWY4MWYwNjcyOWVlZjhjYjU4YjEyYzRkYzU4ZTMxOGJjOTBmZjVhZjQ4ZmMwNA&v=1640121041755",
        "images": []
    },
    {
        "product_url": "https://www.heinemann-shop.com/en/global/milka/milka-100g-cowspot/p/000000000001405014/",
        "brand_name": "Milka",
        "brand_url": "https://www.heinemann-shop.com/en/global/milka/c/BRAND_0831/",
        "product_name": "Milka 100g Cowspot",
        "quantity": "0.1\u00a0kg",
        "price": "\u20ac3.49",
        "price_per_quantity": "(\u20ac34.90 / 1 kg)",
        "stock_availability": "In stock",
        "description": "A delicious combination of 100% Alpine milk chocolate with white-chocolate spots.",
        "primary_image": "https://www.heinemann-shop.com/medias/527Wx527H-null?context=bWFzdGVyfGltYWdlc3wzODU4NHxpbWFnZS9qcGVnfGFHSTFMMmcyTkM4NU9EQXdPVGsyT0Rnd05ERTBMelV5TjFkNE5USTNTRjl1ZFd4c3wyMGExMTVmNzk1NjVkNjBiYjg1MDVjN2FmNDJmNDBlZDEzNjE0OWJhYjU5YmMzYjY1ZDY1ZjU1MTA4MjRlMzNj&v=1691490615275",
        "images": []
    },
    {
        "product_url": "https://www.heinemann-shop.com/en/global/ohde/ohde-koenigliche-selection-110g/p/000000000001477798/",
        "brand_name": "Ohde",
        "brand_url": "https://www.heinemann-shop.com/en/global/ohde/c/BRAND_8377/",
        "product_name": "OHDE K\u00f6nigliche Selection 110g",
        "quantity": "0.11\u00a0kg",
        "price": "",
        "price_per_quantity": "(\u20ac171.82 / 1 kg)",
        "stock_availability": "",
        "description": "Berlin marzipan with a special appreciation for premium quality, a high content of almonds, less sugar, purity of ingredients and creative design. Enjoy OHDE marzipan in a fresh and contemporary way!",
        "primary_image": "https://www.heinemann-shop.com/medias/527Wx527H-null?context=bWFzdGVyfGltYWdlc3w1NTY5MXxpbWFnZS9qcGVnfGFEZGtMMmd5Tnk4NU9EQXhNREU0TkRBNE9Ua3dMelV5TjFkNE5USTNTRjl1ZFd4c3w3N2QyNzlmOGE5NTJlMWM0YTAzN2FiY2UyZDQ2MzMxMjY1OTVlN2EzM2NhMWRmZTE4ZDk5N2QxZDdlYjI2N2Qw&v=1691497276483",
        "images": []
    },
    {
        "product_url": "https://www.heinemann-shop.com/en/global/milka/milka-daim-100g/p/000000000001277996/",
        "brand_name": "Milka",
        "brand_url": "https://www.heinemann-shop.com/en/global/milka/c/BRAND_0831/",
        "product_name": "Milka Daim 100g",
        "quantity": "0.1\u00a0kg",
        "price": "\u20ac3.49",
        "price_per_quantity": "(\u20ac34.90 / 1 kg)",
        "stock_availability": "In stock",
        "description": "Discover Milka with Daim, a surprising and unique combination of 100% Milka Alpine Milk Chocolate and irresistible pieces of crunchy Daim caramel. A moment of pure pleasure to enjoy with family.",
        "primary_image": "https://www.heinemann-shop.com/medias/527Wx527H-null?context=bWFzdGVyfGltYWdlc3wzOTg2MXxpbWFnZS9qcGVnfGFHVTVMMmhtWVM4NU9EQXdPVEl5TlRrMU16VTRMelV5TjFkNE5USTNTRjl1ZFd4c3w4M2IxNTVjY2NhZTM0ZWVkNDczYjU5MGIxZGI1MjUwODBkN2VhMzViOGU1MmFlNjg4MGZlNjMxMDk5Y2NhMmFi&v=1691478941984",
        "images": []
    },
    {
        "product_url": "https://www.heinemann-shop.com/en/global/bounty/bounty-single-bar-57g/p/000000000000066400/",
        "brand_name": "Bounty",
        "brand_url": "https://www.heinemann-shop.com/en/global/bounty/c/BRAND_5100/",
        "product_name": "Bounty Single Bar, 57g",
        "quantity": "0.057\u00a0kg",
        "price": "",
        "price_per_quantity": "(\u20ac33.33 / 1 kg)",
        "stock_availability": "",
        "description": "Bounty; it\u2019s a classic. The moist, tender coconut tempts your senses with the taste of paradise.",
        "primary_image": "https://www.heinemann-shop.com/medias/527Wx527H-null?context=bWFzdGVyfGltYWdlc3wyNDI3N3xpbWFnZS9qcGVnfGFEVXlMMmhtT1M4eE1UZ3pNRFUxTURBMk9USTNPQzgxTWpkWGVEVXlOMGhmYm5Wc2JBfDNkZTM5MjM3YjY0NmM5ZDAzYzYyYTEwNGFjNzIyMjAwNDMxMDBiZWM1MzdkYzc1NzQ3OTg1OGZkYzQzNmQyYjg&v=1740778733103",
        "images": []
    },
    {
        "product_url": "https://www.heinemann-shop.com/en/global/tony-s/tony-s-chocolonely-fairtrade-milk-chocolate-with-at-least-32vol-cacao-solids-and-hazelnuts-made-in-belgium-240g/p/000000000001478455/",
        "brand_name": "Tony's",
        "brand_url": "https://www.heinemann-shop.com/en/global/tony-s/c/BRAND_7165/",
        "product_name": "Tony's Chocolonely Fairtrade Milk Chocolate with at least 32% cacao solids and hazelnuts. Made in Belgium. 240g",
        "quantity": "0.24\u00a0kg",
        "price": "\u20ac8.50",
        "price_per_quantity": "(\u20ac35.42 / 1 kg)",
        "stock_availability": "In stock, immediately available",
        "description": "\"This green one is wonderful combo of 32% Fairtrade milk chocolate and at least 10% hazelnuts. Did you know that we totally politcally incorrect put Togo and Benin together in our unequally divided bar, because otherwise they wouldn't fit hazelnuts?",
        "primary_image": "https://www.heinemann-shop.com/medias/1478455-527Wx527H?context=bWFzdGVyfGltYWdlc3w1MDE5OHxpbWFnZS9qcGVnfGFEWTBMMmczTlM4NU5qazBNRFU0T1RBMU5qTXdMekUwTnpnME5UVmZOVEkzVjNnMU1qZEl8MmNlNDEyZTExYjFlMjdhMjE3ZGIyZmE3M2QzMjc4M2FhZTNhNWQ5OWU4YWI4NWU4NDE5NmZhY2ZhNGJjNzIxZA&v=1657314059126",
        "images": []
    },
    {
        "product_url": "https://www.heinemann-shop.com/en/global/marabou/marabou-daim-220g/p/000000000001618367/",
        "brand_name": "Marabou",
        "brand_url": "https://www.heinemann-shop.com/en/global/marabou/c/BRAND_0481/",
        "product_name": "MARABOU DAIM 220G",
        "quantity": "0.22\u00a0kg",
        "price": "\u20ac6.50",
        "price_per_quantity": "(\u20ac29.55 / 1 kg)",
        "stock_availability": "In stock, immediately available",
        "description": "Smooth and creamy milk chocolate with pieces of Daim in a king size format. A marriage made in heaven, ideal for Marabou and Daim lovers!",
        "primary_image": "https://www.heinemann-shop.com/medias/527Wx527H-null?context=bWFzdGVyfGltYWdlc3w0MjYxOHxpbWFnZS9qcGVnfGFHVXlMMmhsTnk4eE1EZzVOelV5TURZMU5qUXhOQzgxTWpkWGVEVXlOMGhmYm5Wc2JBfDg0NjdiZmU0NTEzMzQyODgyMzQyYmM5ZWM2YTUyOGJmZmJmZjdiNTZhZTM1OTUwODYxOWU0ZDJjMTE3ZTcyYjE&v=1721338102784",
        "images": []
    },
    {
        "product_url": "https://www.heinemann-shop.com/en/global/confiserie-felicitas/felicitas-bar-white-chocolate-with-cacao-splits-hamburg-100g/p/000000000001447737/",
        "brand_name": "Confiserie Felicitas",
        "brand_url": "https://www.heinemann-shop.com/en/global/confiserie-felicitas/c/BRAND_2939/",
        "product_name": "Felicitas+bar white chocolate with cacao splits Hamburg+100g",
        "quantity": "0.1\u00a0kg",
        "price": "\u20ac6.90",
        "price_per_quantity": "(\u20ac69.00 / 1 kg)",
        "stock_availability": "In stock",
        "description": "Delicious white chocolate peppered with crispy cocoa chips.",
        "primary_image": "https://www.heinemann-shop.com/medias/527Wx527H-null?context=bWFzdGVyfGltYWdlc3w1MDAyMnxpbWFnZS9qcGVnfGFERTFMMmhtWXk4eE1UY3lOVFUwTmpRNE56Z3pPQzgxTWpkWGVEVXlOMGhmYm5Wc2JBfDIzNmExNGY5YjQxZjZhZjE2OGRlZGNmMzhjNTZjZjU0Mzg3YmM4ZGEyNzc3NzcwZTk0YmQ4Mjc2ZjI2NWNhYjg&v=1738706576236",
        "images": []
    },
    {
        "product_url": "https://www.heinemann-shop.com/en/global/milka/milka-hazelnut-100g/p/000000000001277998/",
        "brand_name": "Milka",
        "brand_url": "https://www.heinemann-shop.com/en/global/milka/c/BRAND_0831/",
        "product_name": "Milka Hazelnut 100g",
        "quantity": "0.1\u00a0kg",
        "price": "",
        "price_per_quantity": "(\u20ac33.00 / 1 kg)",
        "stock_availability": "",
        "description": "Classic 100g tablet of tender Milka Alpine milk chocolate with hazelnut pieces. Enjoy the irresistible taste of tender Alpine milk chocolate.",
        "primary_image": "https://www.heinemann-shop.com/medias/527Wx527H-null?context=bWFzdGVyfGltYWdlc3wzOTMwNHxpbWFnZS9qcGVnfGFHRXhMMmc1Wmk4NU9EQXdPVEl6TVRFNU5qUTJMelV5TjFkNE5USTNTRjl1ZFd4c3xiMjRjYzdkNjAxMDkzZWFhMzk1ZTdhMmYzZmU5Y2ZlOGY2Nzc0MGUyZmU3NDNkMGIyNDYxZTMxZGIyNTNkZDkx&v=1691478961677",
        "images": []
    },
    {
        "product_url": "https://www.heinemann-shop.com/en/global/confiserie-felicitas/felicitas-bar-caramel-chocolate-salt-hamburg-100g/p/000000000001447743/",
        "brand_name": "Confiserie Felicitas",
        "brand_url": "https://www.heinemann-shop.com/en/global/confiserie-felicitas/c/BRAND_2939/",
        "product_name": "Felicitas+bar caramel chocolate salt Hamburg+100g",
        "quantity": "0.1\u00a0kg",
        "price": "\u20ac6.90",
        "price_per_quantity": "(\u20ac69.00 / 1 kg)",
        "stock_availability": "In stock",
        "description": "A fine interplay of sweet and salty components for a special taste experience. In order to create the extraordinary taste of our gold caramel chocolate, no additional sugar is added to the chocolate, but the sugar already contained in the chocolate is caramelized during the processing process.",
        "primary_image": "https://www.heinemann-shop.com/medias/527Wx527H-null?context=bWFzdGVyfGltYWdlc3w0NTM4MXxpbWFnZS9qcGVnfGFEUmxMMmhrTmk4eE1UY3dPVFV6TlRrME5EY3pOQzgxTWpkWGVEVXlOMGhmYm5Wc2JBfDY0ZDliMmFiZGI2MWIyNDNiNDQxYjZjZjUwNTAwNzhjYzdmOTcwMjUxYzY3YjJlMzYwZDIwNWNiMGMxMzk1NWM&v=1738361467324",
        "images": []
    },
    {
        "product_url": "https://www.heinemann-shop.com/en/global/manner/manner-nut-cube-115g/p/000000000001442160/",
        "brand_name": "Manner",
        "brand_url": "https://www.heinemann-shop.com/en/global/manner/c/BRAND_5535/",
        "product_name": "Manner Nut Cube 115g",
        "quantity": "0.115\u00a0kg",
        "price": "\u20ac5.49",
        "price_per_quantity": "(\u20ac47.74 / 1 kg)",
        "stock_availability": "",
        "description": "The delicious Manner Chocolate-Hazelnut Pralines are filled with a delicious chocolate-hazelnut cream that taste reminds to the Original Neapolitaner Cream coated with chocolate made of cocoa from our own roasting melt on the tongue.",
        "primary_image": "https://www.heinemann-shop.com/medias/527Wx527H-null?context=bWFzdGVyfGltYWdlc3w1MDE3MnxpbWFnZS9qcGVnfGFEWTRMMmd6TlM4NU9USTBOVGsyT1RJME5EUTJMelV5TjFkNE5USTNTRjl1ZFd4c3wwYjQ1NWJlY2FmMzA2ZTY4NDQ1Njg3YjcxN2M0OWEyYjc2ZTg1N2IxY2E5MTQ4ZTc0NjEwZTMzNjRkNGVkNjAx&v=1697665068156",
        "images": []
    },
    {
        "product_url": "https://www.heinemann-shop.com/en/global/milka/milka-peanut-caramel-276g/p/000000000001265194/",
        "brand_name": "Milka",
        "brand_url": "https://www.heinemann-shop.com/en/global/milka/c/BRAND_0831/",
        "product_name": "Milka Peanut Caramel 276g",
        "quantity": "0.276\u00a0kg",
        "price": "\u20ac6.90",
        "price_per_quantity": "(\u20ac25.00 / 1 kg)",
        "stock_availability": "In stock, immediately available",
        "description": "A gently indulgent combination of softy melting alpine milk chocolate - made by 100% alpine milk -, fat base filling with chopped peanuts & rice crisps, roasted peanut halves and liquid caramel.",
        "primary_image": "https://www.heinemann-shop.com/medias/527Wx527H-null?context=bWFzdGVyfGltYWdlc3wzODcwM3xpbWFnZS9qcGVnfGFEWTVMMmcxTXk4NU9EQXdPVEUzT1RReU16QXlMelV5TjFkNE5USTNTRjl1ZFd4c3wwOGZiOWFhMjM1YmFlN2VkMDVmOGFiYWFlOGY2ZmRiNzAxZjFjMDQ1MDYyYWNjMGYyZGJkYmNmYTg3YTAzZDZl&v=1691477726187",
        "images": []
    },
    {
        "product_url": "https://www.heinemann-shop.com/en/global/lindt/lindt-gold-bar-milk-hazelnut-300g/p/000000000000163778/",
        "brand_name": "Lindt",
        "brand_url": "https://www.heinemann-shop.com/en/global/lindt/c/BRAND_1486/",
        "product_name": "Lindt Gold Bar Milk Hazelnut 300g",
        "quantity": "0.3\u00a0kg",
        "price": "\u20ac16.90",
        "price_per_quantity": "(\u20ac56.33 / 1 kg)",
        "stock_availability": "In stock, immediately available",
        "description": "Indulge in smooth Swiss Milk Chocolate with crunchy whole roasted hazelnuts from LINDT. Presented in premium golden packaging, this Gold Tablet is the perfect gift for any occasion, or just a treat to enjoy yourself.",
        "primary_image": "https://www.heinemann-shop.com/medias/527Wx527H-null?context=bWFzdGVyfGltYWdlc3wzMzI5MXxpbWFnZS9qcGVnfGFEZzNMMmhrTnk4eE1USTROVE0wTURBeU9EazFPQzgxTWpkWGVEVXlOMGhmYm5Wc2JBfDNkMGY5NjI4MGM0NWUyYjQzYmE4ZTk0YzZlMDM2ZWQ0MTE4YTgzYmQ2Y2YxOGExYjc2NGE3MDg4YWNjNGY0NmQ&v=1729313050963",
        "images": []
    },
    {
        "product_url": "https://www.heinemann-shop.com/en/global/guylian/guylian-s-temptations-mix-x-316g-tube/p/000000000001512556/",
        "brand_name": "Guylian",
        "brand_url": "https://www.heinemann-shop.com/en/global/guylian/c/BRAND_1409/",
        "product_name": "Guylian's Temptations Mix x 316g Tube",
        "quantity": "0.316\u00a0kg",
        "price": "\u20ac17.90",
        "price_per_quantity": "(\u20ac56.65 / 1 kg)",
        "stock_availability": "In stock, immediately available",
        "description": "Let you be surprised by our Guylian\u2019s Temptations assortment. Our selection of the finest Belgian Chocolates made with 100% pure cocoa butter, filled with delicious flavours such as Original & Dark Pralin\u00e9, Crunchy Biscuit, Caramel, Coffee and Milk Truffle. Every Temptation is in the shape of Guylian\u2019s iconic Seahorse. Each 316g Temptations Mix tube contains approximately 33 chocolates.",
        "primary_image": "https://www.heinemann-shop.com/medias/527Wx527H-null?context=bWFzdGVyfGltYWdlc3w2MjY4MXxpbWFnZS9qcGVnfGFHVmxMMmcyWkM4eE1UYzROak01TXpZME9URTRNaTgxTWpkWGVEVXlOMGhmYm5Wc2JBfDkwNDQ5Y2E2OWZjYjFiZjViZDcyNDY2ZDhjZmEyZmI3M2Y3MmZlNmFhZWI3ODI1MDY2YjM5YTJlMGQ2NDIxYTI&v=1739915039568",
        "images": []
    },
    {
        "product_url": "https://www.heinemann-shop.com/en/global/ferrero/ferrero-collection-269-4g/p/000000000001145647/",
        "brand_name": "Ferrero",
        "brand_url": "https://www.heinemann-shop.com/en/global/ferrero/c/BRAND_1650/",
        "product_name": "Ferrero Collection 269.4g",
        "quantity": "0.269\u00a0kg",
        "price": "\u20ac16.90",
        "price_per_quantity": "(\u20ac62.83 / 1 kg)",
        "stock_availability": "In stock, immediately available",
        "description": "The assortment of the most loved Ferrero pralines: Ferrero Rocher, Ferrero Rondnoir and Confetteria Raffaello come together in a premium gifting offer.",
        "primary_image": "https://www.heinemann-shop.com/medias/527Wx527H-null?context=bWFzdGVyfGltYWdlc3w2ODQzOXxpbWFnZS9qcGVnfGFEVmtMMmc1Tmk4eE1USTVPRFF5TXpZMk9EYzJOaTgxTWpkWGVEVXlOMGhmYm5Wc2JBfDQwZGQ0MWJhMTI0ODJjNzBiNzc0MjE2MmY3ZjZhODI4Njk4MGM3MDc5MmEyZGUzMjYxMjI0MmIwODFkYTk4MGY&v=1729545017742",
        "images": []
    },
    {
        "product_url": "https://www.heinemann-shop.com/en/global/leschanz/leschanz-goldene-wiener-herzen-120g/p/000000000001137233/",
        "brand_name": "Leschanz",
        "brand_url": "https://www.heinemann-shop.com/en/global/leschanz/c/BRAND_2332/",
        "product_name": "Leschanz Goldene Wiener Herzen 120g",
        "quantity": "0.12\u00a0kg",
        "price": "\u20ac24.99",
        "price_per_quantity": "(\u20ac208.25 / 1 kg)",
        "stock_availability": "",
        "description": "Finest BIO milk and dark chocolate filled with crunchy hazelnut. The packaging shows pictures of Kaiser Franz Joseph and Elisabeth.",
        "primary_image": "https://www.heinemann-shop.com/medias/1137233-527Wx527H?context=bWFzdGVyfGltYWdlc3w4MDI2NHxpbWFnZS9qcGVnfGFHSmlMMmcxT0M4NU5qUTFOelExTmpZNE1USTJMekV4TXpjeU16TmZOVEkzVjNnMU1qZEl8OTVlMzYwMGZiNjhmYjY2MDhlZDEyNjkyMjM0NDM4NDZmMzgyMDg0YjYzMzNhN2ZlODQzN2I3MGU1NThkODdhYw&v=1638911426810",
        "images": []
    },
    {
        "product_url": "https://www.heinemann-shop.com/en/global/heindl/heindl-gelee-genuss-8-sorten-300g/p/000000000000220462/",
        "brand_name": "Heindl",
        "brand_url": "https://www.heinemann-shop.com/en/global/heindl/c/BRAND_2733/",
        "product_name": "Heindl Gelee-Genuss 8 Sorten 300g",
        "quantity": "0.3\u00a0kg",
        "price": "\u20ac4.99",
        "price_per_quantity": "(\u20ac16.63 / 1 kg)",
        "stock_availability": "",
        "description": "You don't want to do without any of our fruity, fresh jelly indulgence varieties? You don't have to! In our jelly mix you will find 8 delicious varieties, coated in the finest sugar. And best of all, the jelly enjoyment is also 100% vegan",
        "primary_image": "https://www.heinemann-shop.com/medias/220462-527Wx527H?context=bWFzdGVyfGltYWdlc3wzODU3NnxpbWFnZS9qcGVnfGFEQmlMMmc0TUM4NU5qWXpOakl6TWpNek5UWTJMekl5TURRMk1sODFNamRYZURVeU4wZ3wyMGUyOGQyNjdjODlhYjg2NmVlMWUwMDJhZTg5YWQ4NGVjYzJmZjlhNGVhYzI4YzZiZDZkMTEwNmQwNmMxZjg5&v=1646946981185",
        "images": []
    },
    {
        "product_url": "https://www.heinemann-shop.com/en/global/mars/mars-mixed-minis-funsize-bag-500g/p/000000000000096409/",
        "brand_name": "Mars",
        "brand_url": "https://www.heinemann-shop.com/en/global/mars/c/BRAND_0707/",
        "product_name": "Mars Mixed Minis Funsize Bag 500g",
        "quantity": "0.5\u00a0kg",
        "price": "\u20ac8.90",
        "price_per_quantity": "(\u20ac17.80 / 1 kg)",
        "stock_availability": "In stock, immediately available",
        "description": "A bag full of all your favourite chocolate bars in a mini-format. Mars, Snickers, Bounty and Milky Way: Share them with all your friends or family \u2013 there's plenty to go round.",
        "primary_image": "https://www.heinemann-shop.com/medias/527Wx527H-null?context=bWFzdGVyfGltYWdlc3w3MzAxN3xpbWFnZS9qcGVnfGFEaGlMMmhrWlM4eE1EUXdOelE0TWpJMk1UVXpOQzgxTWpkWGVEVXlOMGhmYm5Wc2JBfDRlOTM1ZDNmMWEyOGMwZWQ3ZWJiYzE3OTdhMGYwZTkyMWQzMGI1M2E3MWZkMDI0MDU3MmRlMWMxNjliMTIwNmU&v=1709588135533",
        "images": []
    },
    {
        "product_url": "https://www.heinemann-shop.com/en/global/cadbury/cadbury-dairy-milk-triolade-300g/p/000000000001478576/",
        "brand_name": "Cadbury",
        "brand_url": "https://www.heinemann-shop.com/en/global/cadbury/c/BRAND_0822/",
        "product_name": "Cadbury Dairy Milk Triolade 300g",
        "quantity": "0.3\u00a0kg",
        "price": "\u20ac8.90",
        "price_per_quantity": "(\u20ac29.67 / 1 kg)",
        "stock_availability": "In stock, immediately available",
        "description": "Three seriously chunky and delicious layers of chocolate in each bite. Authentic Cadbury Dairy Milk chocolate, creamy white chocolate and rich dark chocolate, all piled up in a 300g tablet for the ultimate chocolate experience. Great for Treat-timers who go beyond \"classic\" flavour offerings. Packed in our special easy-open, easy close wrapper this is the perfect offering for sharing with friends and family",
        "primary_image": "https://www.heinemann-shop.com/medias/527Wx527H-null?context=bWFzdGVyfGltYWdlc3wzNTgwNnxpbWFnZS9qcGVnfGFHUmpMMmhpWWk4eE1EVXpNakkzT1RrME16RTVPQzgxTWpkWGVEVXlOMGhmYm5Wc2JBfDIzMTJhM2UwMzAyNWI1NmE4ZDU0ODRjNTZmNDRjNjYzMTQxNWEyMDE4YTM2ZWM0NzU4YTdjYWUzNjJmOGI4OWE&v=1712349850171",
        "images": []
    },
    {
        "product_url": "https://www.heinemann-shop.com/en/global/nutella/nutella-b-ready-220g/p/000000000001496464/",
        "brand_name": "Nutella",
        "brand_url": "https://www.heinemann-shop.com/en/global/nutella/c/BRAND_4646/",
        "product_name": "Nutella B-Ready 220g",
        "quantity": "0.22\u00a0kg",
        "price": "\u20ac5.90",
        "price_per_quantity": "(\u20ac26.82 / 1 kg)",
        "stock_availability": "In stock, immediately available",
        "description": "Nutella B-ready , individually packed and always ready to hand - for real Nutella \u00ae enjoyment anytime and anywhere. Enjoy your favorite spread in a crispy waffle.",
        "primary_image": "https://www.heinemann-shop.com/medias/527Wx527H-null?context=bWFzdGVyfGltYWdlc3w1NTgzNXxpbWFnZS9qcGVnfGFERXpMMmc1WVM4eE1USTVPRFEwTVRjNE9UUTNNQzgxTWpkWGVEVXlOMGhmYm5Wc2JBfDk1NTY3OGIxODVlNjY2NjIwMmZiZWFiODQ0NWY3OWJiNmM5NDJkYTU1MGNmMzIwZTllMjk1MDhiMTUwZWI3NWI&v=1729547028239",
        "images": []
    },
    {
        "product_url": "https://www.heinemann-shop.com/en/global/felber/felber-dark-chocolate-filled-with-apricot-marzipan-70g/p/000000000000544154/",
        "brand_name": "Felber",
        "brand_url": "https://www.heinemann-shop.com/en/global/felber/c/BRAND_3771/",
        "product_name": "Felber dark chocolate filled with apricot marzipan 70g",
        "quantity": "0.07\u00a0kg",
        "price": "\u20ac5.49",
        "price_per_quantity": "(\u20ac78.43 / 1 kg)",
        "stock_availability": "",
        "description": "Gorgeous chocolate compositons from high quality ingredients and premium materials. We prefer to use products from our country.",
        "primary_image": "https://www.heinemann-shop.com/medias/544154-527Wx527H?context=bWFzdGVyfGltYWdlc3w2ODE0MXxpbWFnZS9qcGVnfGFXMWhaMlZ6TDJnek9DOW9ORFl2T1RNek9UWTJPVFUwTkRrNU1DNXFjR2N8NGQ1YjBiZTA2ZGZiZTVmOTUzNjNjYmJjYzcxNDJkY2JkZDc4ODE0ODVlYzZlNWJkZDgwMTBkZjI2YTk2YTU3NQ&v=1576776252453",
        "images": []
    },
    {
        "product_url": "https://www.heinemann-shop.com/en/global/merci/merci-finest-selection-gold-250g/p/000000000000660556/",
        "brand_name": "Merci",
        "brand_url": "https://www.heinemann-shop.com/en/global/merci/c/BRAND_5057/",
        "product_name": "Merci Finest Selection Gold 250g",
        "quantity": "0.25\u00a0kg",
        "price": "\u20ac7.30",
        "price_per_quantity": "(\u20ac29.20 / 1 kg)",
        "stock_availability": "In stock, immediately available",
        "description": "Merci is a delicious selection of the finest milk and dark chocolates made from the very best ingredients available, providing indulgence and variety. With flavours such as hazelnut-almond, praline-cr\u00e8me and dark cream, Merci delights every taste and shows you really care when gifted to someone special.",
        "primary_image": "https://www.heinemann-shop.com/medias/527Wx527H-null?context=bWFzdGVyfGltYWdlc3w0OTA2NHxpbWFnZS9qcGVnfGFHTXdMMmd6TXk4eE1UY3dOVFV4TlRFeE5EVXlOaTgxTWpkWGVEVXlOMGhmYm5Wc2JBfDk2MjM3ZDZlOWNhNGM0MTI2OTI4MjNiY2Y4MWEwMDdkNTAwMjc2ODM5ZWY1MWE1NzhkZjc4MjE2YmE5MTNiMDI&v=1738283478635",
        "images": []
    },
    {
        "product_url": "https://www.heinemann-shop.com/en/global/tony-s/tony-s-chocolonely-fairtrade-dark-chocolate-with-at-least-70vol-cacao-solids-made-in-belgium-240g/p/000000000001478451/",
        "brand_name": "Tony's",
        "brand_url": "https://www.heinemann-shop.com/en/global/tony-s/c/BRAND_7165/",
        "product_name": "Tony's Chocolonely Fairtrade dark chocolate with at least 70% cacao solids. Made in Belgium. 240g",
        "quantity": "0.24\u00a0kg",
        "price": "\u20ac8.50",
        "price_per_quantity": "(\u20ac35.42 / 1 kg)",
        "stock_availability": "In stock, immediately available",
        "description": "\"This bar contains at least 70% cocoa. Se-ven-ty! That's a lot of cocoabeans. This pure treat in a blue wrapper (you know why, don't you?) works well with coffee, in a recipe..or just on a blue monday.",
        "primary_image": "https://www.heinemann-shop.com/medias/527Wx527H-null?context=bWFzdGVyfGltYWdlc3w1MTQ4N3xpbWFnZS9qcGVnfGFEazJMMmczWlM4eE1EWXhOVFkzTVRneE5qSXlNaTgxTWpkWGVEVXlOMGhmYm5Wc2JBfGUwNWE2NmVjYjI2NzFmYjFlMTNjNTFhZDlkNjE5MGQ2NmMzZTdjNGZlZmIwY2FmZjBlMDBmN2FhM2ZhN2U5MjY&v=1714510063029",
        "images": []
    },
    {
        "product_url": "https://www.heinemann-shop.com/en/global/konditorei-groissboeck/konditorei-groissboeck-mozartwuerfel-2-stck/p/000000000000554967/",
        "brand_name": "Konditorei Groissb\u00f6ck",
        "brand_url": "https://www.heinemann-shop.com/en/global/konditorei-groissboeck/c/BRAND_3779/",
        "product_name": "Konditorei Groissb\u00f6ck Mozartw\u00fcrfel 2 Stck.",
        "quantity": "0.001\u00a0kg",
        "price": "\u20ac13.99",
        "price_per_quantity": "(\u20ac13,990.00 / 1 kg)",
        "stock_availability": "",
        "description": "The opposite of the Mozartkugel.",
        "primary_image": "https://www.heinemann-shop.com/medias/527Wx527H-null?context=bWFzdGVyfGltYWdlc3w0MjIyN3xpbWFnZS9qcGVnfGFHWTVMMmcyWlM4eE1UTXhOekkwTlRZM016VXdNaTgxTWpkWGVEVXlOMGhmYm5Wc2JBfDk2NTRiN2NlNTNjZTcwODgxMzNmYWFhMjdkZmI3MDcyOTUxMWIwMTlmZjQ0MzcxZmU4MWU2NmM0Mzk3MTg1M2I&v=1729890042926",
        "images": []
    },
    {
        "product_url": "https://www.heinemann-shop.com/en/global/merci/merci-finest-selection-gold-400g/p/000000000000641176/",
        "brand_name": "Merci",
        "brand_url": "https://www.heinemann-shop.com/en/global/merci/c/BRAND_5057/",
        "product_name": "Merci Finest Selection Gold 400g",
        "quantity": "0.4\u00a0kg",
        "price": "\u20ac13.50",
        "price_per_quantity": "(\u20ac33.75 / 1 kg)",
        "stock_availability": "In stock, immediately available",
        "description": "Merci is a delicious selection of the finest milk and dark chocolates made from the very best ingredients, providing indulgence and variety. With flavours like hazelnut-almond, praline-creme and dark cream, Merci will delight all tastes and show that you really care.",
        "primary_image": "https://www.heinemann-shop.com/medias/527Wx527H-null?context=bWFzdGVyfGltYWdlc3w0MTkwMnxpbWFnZS9qcGVnfGFEa3lMMmc1T0M4eE1USTROVE0wTmpZNE1EZzJNaTgxTWpkWGVEVXlOMGhmYm5Wc2JBfDIzNTU2MDJmZDFlOGU5YzVkOWVlNjk4YWFkNWRlZWI5MzkwMmVjOGYwZTVmMTFiZTVmZjJkNmY5NWQzNDRkZjg&v=1729313751429",
        "images": [
            "https://www.heinemann-shop.com/medias/527Wx527H-null?context=bWFzdGVyfGltYWdlc3w0MTkwMnxpbWFnZS9qcGVnfGFEa3lMMmc1T0M4eE1USTROVE0wTmpZNE1EZzJNaTgxTWpkWGVEVXlOMGhmYm5Wc2JBfDIzNTU2MDJmZDFlOGU5YzVkOWVlNjk4YWFkNWRlZWI5MzkwMmVjOGYwZTVmMTFiZTVmZjJkNmY5NWQzNDRkZjg&v=1729313751429",
            "https://www.heinemann-shop.com/medias/527Wx527H-null?context=bWFzdGVyfGltYWdlc3w0NTQ4M3xpbWFnZS9qcGVnfGFESTJMMmhtTUM4NU9EQXdOekl6TVRZNU16RXdMelV5TjFkNE5USTNTRjl1ZFd4c3xjM2MwNzUyNmVlZTQ2ZTdmYmU2NmRkNzhlOWFiMmZlYWI2NmQxYWQyZTRjM2NhNWNmMmRiMDk3NzU5YWI5MjBj&v=1691448639070"
        ]
    },
    {
        "product_url": "https://www.heinemann-shop.com/en/global/konditorei-groissboeck/konditorei-groissboeck-mozarttorte-16cm-750g/p/000000000000554965/",
        "brand_name": "Konditorei Groissb\u00f6ck",
        "brand_url": "https://www.heinemann-shop.com/en/global/konditorei-groissboeck/c/BRAND_3779/",
        "product_name": "Konditorei Groissb\u00f6ck Mozarttorte 16cm 750g",
        "quantity": "0.75\u00a0kg",
        "price": "\u20ac29.99",
        "price_per_quantity": "(\u20ac39.99 / 1 kg)",
        "stock_availability": "",
        "description": "The opposite of the Mozartkugel.",
        "primary_image": "https://www.heinemann-shop.com/medias/527Wx527H-null?context=bWFzdGVyfGltYWdlc3w2MjA3NHxpbWFnZS9qcGVnfGFEVXlMMmhrT1M4eE1UTXhOekkwTkRZeU5Ea3lOaTgxTWpkWGVEVXlOMGhmYm5Wc2JBfGU0NWQyYmYxNWNhODEwMzY5Y2E5ZjQ2MTY1ZGFhZmJiOWZiYWI3M2JlYTUxNDEyNzE0NDg4MmFlMWYzODk3YmU&v=1729890000339",
        "images": []
    },
    {
        "product_url": "https://www.heinemann-shop.com/en/global/raffaello/raffaello-t24-240g/p/000000000001442578/",
        "brand_name": "Raffaello",
        "brand_url": "https://www.heinemann-shop.com/en/global/raffaello/c/BRAND_4647/",
        "product_name": "Raffaello T24 240g",
        "quantity": "0.24\u00a0kg",
        "price": "\u20ac11.30",
        "price_per_quantity": "(\u20ac47.08 / 1 kg)",
        "stock_availability": "In stock, immediately available",
        "description": "A unique cocoa free praline, a true delight made with coconut from the Pacific Islands, white almonds from California and a delightfully smooth cream. A taste that transports you to the world of pure pleasure. A travel exclusive pack with 24 pralines inside.",
        "primary_image": "https://www.heinemann-shop.com/medias/527Wx527H-null?context=bWFzdGVyfGltYWdlc3w1MjIxMnxpbWFnZS9qcGVnfGFERTBMMmc1WVM4eE1USTVPRFF6T0RFMU1qSXlNaTgxTWpkWGVEVXlOMGhmYm5Wc2JBfDNkOTZiODk1NGQ5NzVjMTRkYzZmMjBiMzExYjZmMDBkZWUzYWVhNjgxZDBjOThkYzBjMWFkMjA2YjM3MTljYjk&v=1729546628432",
        "images": []
    },
    {
        "product_url": "https://www.heinemann-shop.com/en/global/hubba-bubba/hubba-bubba-tape-multipack-three-flavour-mix-pack-168g/p/000000000000546147/",
        "brand_name": "Hubba Bubba",
        "brand_url": "https://www.heinemann-shop.com/en/global/hubba-bubba/c/BRAND_5433/",
        "product_name": "Hubba Bubba tape multipack three flavour mix pack 168g",
        "quantity": "0.168\u00a0kg",
        "price": "\u20ac11.50",
        "price_per_quantity": "(\u20ac68.45 / 1 kg)",
        "stock_availability": "In stock, immediately available",
        "description": "If you love blowing huge bubbles, then you\u2019ve definitely come to the right place! Hubba Bubba has loads of bubbalicious flavours to keep your taste buds tantalised. With Hubba Bubba \u2013 which contains no artificial colours \u2013 you can enjoy hours of bubbletastic fun! Three great flavours in a mix; Strawberry, Cola and Fancy Fruit.",
        "primary_image": "https://www.heinemann-shop.com/medias/527Wx527H-null?context=bWFzdGVyfGltYWdlc3w0MjI1NHxpbWFnZS9qcGVnfGFERmpMMmcyTnk4NU9EQXdOekUyT1RjMk1UVTRMelV5TjFkNE5USTNTRjl1ZFd4c3w5NGU2NWIwYWE4YWRiN2M2YTlmZGY1ZDk1NWU1Y2MzZGQ1ZDhlZGZjNDEyNzEyYWI1ZjZmYTlhYzQyZTE0ZDZk&v=1691447164272",
        "images": []
    },
    {
        "product_url": "https://www.heinemann-shop.com/en/global/oreo/oreo-287g-enrobed-white-chocolate/p/000000000001482139/",
        "brand_name": "Oreo",
        "brand_url": "https://www.heinemann-shop.com/en/global/oreo/c/BRAND_4182/",
        "product_name": "Oreo 287g Enrobed White Chocolate",
        "quantity": "0.287\u00a0kg",
        "price": "\u20ac9.90",
        "price_per_quantity": "(\u20ac34.49 / 1 kg)",
        "stock_availability": "In stock, immediately available",
        "description": "Discover Classic Oreos generously covered with silky smooth white coating - a unique and indulgent take on the classic Oreo.",
        "primary_image": "https://www.heinemann-shop.com/medias/527Wx527H-null?context=bWFzdGVyfGltYWdlc3w3NDE4NHxpbWFnZS9qcGVnfGFEazNMMmhpTVM4eE1EQXpOVFUwTXpjMk9URXhPQzgxTWpkWGVEVXlOMGhmYm5Wc2JBfGRmOTBhYmMzZDRlYjlhNTZlMjVhMDgyYzZlMTkyNTA1ZTY5YTE5ZWVhZjAyZGVmNGI5NmU2YmIxYzQxNTFjZjI&v=1700861497594",
        "images": []
    },
    {
        "product_url": "https://www.heinemann-shop.com/en/global/kitkat/kitkat-mini-snack-bag-217g/p/000000000001432809/",
        "brand_name": "KitKat",
        "brand_url": "https://www.heinemann-shop.com/en/global/kitkat/c/BRAND_5024/",
        "product_name": "KitKat Mini Snack Bag 217g",
        "quantity": "0.217\u00a0kg",
        "price": "\u20ac8.50",
        "price_per_quantity": "(\u20ac39.17 / 1 kg)",
        "stock_availability": "In stock, immediately available",
        "description": "Exclusive to travel retail, KitKat\u00ae Minis are perfect for sharing with friends and family. Enjoy individually wrapped KitKat\u00ae 2 Finger Mini, 2 fingers of crispy wafer covered in delicious milk chocolate.",
        "primary_image": "https://www.heinemann-shop.com/medias/527Wx527H-null?context=bWFzdGVyfGltYWdlc3w2ODQ3M3xpbWFnZS9qcGVnfGFHSmtMMmd6TlM4eE1UYzFPRGN5T0RjM016WTJNaTgxTWpkWGVEVXlOMGhmYm5Wc2JBfDFmZDdiZWRhNTk4YmJkNmE1MjQ0NmYxYzdiZjBkMzRjNDA4Nzk5M2IwNzA4NzBiNjJhYTM0MTQ5NTM0OGMxNGU&v=1739396318340",
        "images": []
    },
    {
        "product_url": "https://www.heinemann-shop.com/en/global/mars/mars-mono-pouch-500g/p/000000000000498951/",
        "brand_name": "Mars",
        "brand_url": "https://www.heinemann-shop.com/en/global/mars/c/BRAND_0707/",
        "product_name": "Mars Mono Pouch 500g",
        "quantity": "0.5\u00a0kg",
        "price": "\u20ac8.90",
        "price_per_quantity": "(\u20ac17.80 / 1 kg)",
        "stock_availability": "In stock, immediately available",
        "description": "An easy pouch full of delicious Mars bars in a mini format. Share them with all your friends or family - there's plenty to go round.",
        "primary_image": "https://www.heinemann-shop.com/medias/527Wx527H-null?context=bWFzdGVyfGltYWdlc3w1ODQxMnxpbWFnZS9qcGVnfGFEZzBMMmhtTXk4eE1EUTFNemszT1RRMk16Y3hNQzgxTWpkWGVEVXlOMGhmYm5Wc2JBfGQ2MmNlZTY5ZWMwNzFmMzYzZGU0M2ExZjBmMjk1NmQ5NmMzZDhlNmQ4M2FmYzZjMjNmNjgzZWI0OTlkODEzYzk&v=1710799540361",
        "images": []
    },
    {
        "product_url": "https://www.heinemann-shop.com/en/global/werther-s/werther-s-original-caramel-favourites-605g/p/000000000001295467/",
        "brand_name": "Werther's",
        "brand_url": "https://www.heinemann-shop.com/en/global/werther-s/c/BRAND_5472/",
        "product_name": "Werther's Original Caramel Favourites 605g",
        "quantity": "0.605\u00a0kg",
        "price": "\u20ac12.50",
        "price_per_quantity": "(\u20ac20.66 / 1 kg)",
        "stock_availability": "In stock, immediately available",
        "description": "Discover the world of Werther's Original and its popular caramel confectioneries. Experience a golden moment of warmth and comfort with our caramels and caramel specialties made with loving care from the best ingredients. Werthers Original Caramel Favourites includes the classic Cream candy, long lasting chewy Toffee and delicious Creamy Filling.",
        "primary_image": "https://www.heinemann-shop.com/medias/527Wx527H-null?context=bWFzdGVyfGltYWdlc3w5MDI5OXxpbWFnZS9qcGVnfGFETXpMMmhoTUM4eE1USTROVFk1TnpneU1qYzFNQzgxTWpkWGVEVXlOMGhmYm5Wc2JBfDY4ZGE1MTljOWNkZDIzNWI2YjUzZjZiZGE3Yzc4ZDU2YWZkYmFmMzVmYWMzNzQwNWIyMWVhYTQzMGJmMDM5MDA&v=1729318488020",
        "images": []
    },
    {
        "product_url": "https://www.heinemann-shop.com/en/global/milka/milka-whole-hazelnuts-tablet-270g/p/000000000001278432/",
        "brand_name": "Milka",
        "brand_url": "https://www.heinemann-shop.com/en/global/milka/c/BRAND_0831/",
        "product_name": "Milka Whole Hazelnuts Tablet 270g",
        "quantity": "0.27\u00a0kg",
        "price": "\u20ac6.90",
        "price_per_quantity": "(\u20ac25.56 / 1 kg)",
        "stock_availability": "In stock, immediately available",
        "description": "Smooth and tender Milka Alpine milk chocolate with the added crunch of whole hazelnuts. A winning combination!",
        "primary_image": "https://www.heinemann-shop.com/medias/527Wx527H-null?context=bWFzdGVyfGltYWdlc3w0MzA0OHxpbWFnZS9qcGVnfGFHTTNMMmhtTmk4NU9EQXdPVEl5TVRNMk5qQTJMelV5TjFkNE5USTNTRjl1ZFd4c3xmZGI2M2VlZDUxMTdkNThiZDM0MmE3NWEyYjcwYzM4MDk1NDlhNmIwZWNkYTkwMGY0MjQzNzc5NDlkOTkzYjBi&v=1691478915401",
        "images": []
    },
    {
        "product_url": "https://www.heinemann-shop.com/en/global/reber/reber-bittersweet-and-milk-chocolate-confectionery-400g/p/000000000001319775/",
        "brand_name": "Reber",
        "brand_url": "https://www.heinemann-shop.com/en/global/reber/c/BRAND_2097/",
        "product_name": "Reber bittersweet and milk chocolate confectionery 400g",
        "quantity": "0.4\u00a0kg",
        "price": "\u20ac14.50",
        "price_per_quantity": "(\u20ac36.25 / 1 kg)",
        "stock_availability": "In stock, immediately available",
        "description": "Under the finest alpine milk chocolate and noble dark chocolate conceals a harmonious creation of soft-melting hazelnut nougat from hand-picked, freshly roasted hazelnuts and pistachio marzipan from fresh, green pistachios - a pleasure experience that touches all your senses.",
        "primary_image": "https://www.heinemann-shop.com/medias/527Wx527H-null?context=bWFzdGVyfGltYWdlc3w1ODM0NnxpbWFnZS9qcGVnfGFEUmlMMmd6Tmk4NU56WXhNVFUwTVRjd09URXdMelV5TjFkNE5USTNTRjl1ZFd4c3w2MjEyM2E1ZjI4YzYxYTJiMTUxOWM5ODZiN2NjYzk0ZjM5ZWUxYmVjNzU2MzFmZmRiZjQ3MzE0ZWUzNjk4ZjNh&v=1683170752086",
        "images": []
    },
    {
        "product_url": "https://www.heinemann-shop.com/en/global/felber/felber-milk-chocolate-filled-with-marzipan-and-fruits-70g/p/000000000001135600/",
        "brand_name": "Felber",
        "brand_url": "https://www.heinemann-shop.com/en/global/felber/c/BRAND_3771/",
        "product_name": "Felber milk chocolate filled with marzipan and fruits 70g",
        "quantity": "0.07\u00a0kg",
        "price": "\u20ac5.49",
        "price_per_quantity": "(\u20ac78.43 / 1 kg)",
        "stock_availability": "",
        "description": "Gorgeous chocolate compositons from high quality ingredients and premium materials. We prefer to use products from our country.",
        "primary_image": "https://www.heinemann-shop.com/medias/1135600-527Wx527H?context=bWFzdGVyfGltYWdlc3w3ODM0NnxpbWFnZS9qcGVnfGFXMWhaMlZ6TDJobVl5OW9PV0l2T1RNek56YzVNelEwTlRreE9DNXFjR2N8NWYyOWUxNTkyZWU5NTA4NWI5NDYzNGVkMzFjNjMxZWU0MDU0ZGQyNzcyMGZhNGUyN2Y4NjkxNjg0OTRjMmMzMw&v=1576750810489",
        "images": []
    },
    {
        "product_url": "https://www.heinemann-shop.com/en/global/felber/felber-milk-chocolate-filled-with-hazelnuts-cream-70g/p/000000000001135314/",
        "brand_name": "Felber",
        "brand_url": "https://www.heinemann-shop.com/en/global/felber/c/BRAND_3771/",
        "product_name": "Felber milk chocolate filled with hazelnuts cream 70g",
        "quantity": "0.07\u00a0kg",
        "price": "\u20ac5.49",
        "price_per_quantity": "(\u20ac78.43 / 1 kg)",
        "stock_availability": "",
        "description": "Gorgeous chocolate compositons from high quality ingredients and premium materials. We prefer to use products from our country.",
        "primary_image": "https://www.heinemann-shop.com/medias/1135314-527Wx527H?context=bWFzdGVyfGltYWdlc3w4NTI5N3xpbWFnZS9qcGVnfGFXMWhaMlZ6TDJnNFpDOW9ZMll2T1RNek9ESTVORE16TnpVMk5pNXFjR2N8OTFlNDI1ZmMyYTZmNjYyZjg5MmVjOWY3OWM4YjlkMWRlY2MyZGY5YTZhMThhY2Q0ZDFkNDhlZjRjYWM5Njg1OQ&v=1576757405568",
        "images": []
    },
    {
        "product_url": "https://www.heinemann-shop.com/en/global/leschanz/leschanz-austrian-milk-chocolate-144g-organic/p/000000000001137134/",
        "brand_name": "Leschanz",
        "brand_url": "https://www.heinemann-shop.com/en/global/leschanz/c/BRAND_2332/",
        "product_name": "Leschanz Austrian milk chocolate 144g, organic",
        "quantity": "0.144\u00a0kg",
        "price": "\u20ac26.99",
        "price_per_quantity": "(\u20ac187.43 / 1 kg)",
        "stock_availability": "",
        "description": "Finest Organic milk chocolate tablets with 9 famous Austrian attractions.",
        "primary_image": "https://www.heinemann-shop.com/medias/1137134-527Wx527H?context=bWFzdGVyfGltYWdlc3w3MjUyN3xpbWFnZS9qcGVnfGFEUmxMMmczWmk4NU5qTTFPVFE1T1RBek9UQXlMekV4TXpjeE16UmZOVEkzVjNnMU1qZEl8NTAxYThjYjFkNTkxN2MzMGM1YmE3MTg5MTc2YTFhZWNmYTUwNDljMGVhYzQwYzU4NjBkNmI3MzU5NjhjMDNjNQ&v=1637442315344",
        "images": []
    },
    {
        "product_url": "https://www.heinemann-shop.com/en/global/merci/merci-heart-box-250g/p/000000000001248729/",
        "brand_name": "Merci",
        "brand_url": "https://www.heinemann-shop.com/en/global/merci/c/BRAND_5057/",
        "product_name": "Merci Heart Box 250g",
        "quantity": "0.25\u00a0kg",
        "price": "\u20ac7.30",
        "price_per_quantity": "(\u20ac29.20 / 1 kg)",
        "stock_availability": "In stock, immediately available",
        "description": "merci is a delicious selection of the finest milk chocolates made from the very best ingredients available, providing indulgence and variety. With flavours like Hazelnut-Almond, Praline-Creme, and Hazelnut- Creme, merci will delight all tastes and show that you really care.",
        "primary_image": "https://www.heinemann-shop.com/medias/527Wx527H-null?context=bWFzdGVyfGltYWdlc3w1NTQ3MnxpbWFnZS9qcGVnfGFETXpMMmd3WlM4eE1USTROVFk0TVRZd01qVTVNQzgxTWpkWGVEVXlOMGhmYm5Wc2JBfGNjOGUxNTNlMmExNmIwMWQ2ZTk1NDg4YjIwNDM0ZmRjOGI3MzM1OGMwY2RjYzY4MWUzNDhjYTdlODI5ZjUxYmI&v=1729316994434",
        "images": []
    },
    {
        "product_url": "https://www.heinemann-shop.com/en/global/snickers/snickers-mono-pouch-500g/p/000000000000498953/",
        "brand_name": "Snickers",
        "brand_url": "https://www.heinemann-shop.com/en/global/snickers/c/BRAND_5051/",
        "product_name": "Snickers Mono Pouch, 500g",
        "quantity": "0.5\u00a0kg",
        "price": "\u20ac8.90",
        "price_per_quantity": "(\u20ac17.80 / 1 kg)",
        "stock_availability": "In stock, immediately available",
        "description": "An easy pouch full of delicious Snickers bars in a mini format. Share them with all your friends or family - there's plenty to go round.",
        "primary_image": "https://www.heinemann-shop.com/medias/527Wx527H-null?context=bWFzdGVyfGltYWdlc3w3MTI5M3xpbWFnZS9qcGVnfGFEZzRMMmcwWVM4eE1EUXdOelE0TkRNMU9EWTROaTgxTWpkWGVEVXlOMGhmYm5Wc2JBfGExNDc5NTE3ZGYxOWFlZWIxZTI2ZmExNGNjYjEyMjc4NTU4ZjJjOWRhZDU1NjM3NGIzZDk3YWE2MzcxOGE1YmU&v=1709588237461",
        "images": []
    },
    {
        "product_url": "https://www.heinemann-shop.com/en/global/ferrero-rocher/ferrero-rocher-375g/p/000000000000082593/",
        "brand_name": "Ferrero Rocher",
        "brand_url": "https://www.heinemann-shop.com/en/global/ferrero-rocher/c/BRAND_5430/",
        "product_name": "Ferrero Rocher 375g",
        "quantity": "0.375\u00a0kg",
        "price": "\u20ac16.30",
        "price_per_quantity": "(\u20ac43.47 / 1 kg)",
        "stock_availability": "In stock, immediately available",
        "description": "30 premium pralines in a sophisticated gifting transparent packaging. Ferrero Rocher: a whole hazelnut in a creamy filling covered by chocolate with nuts.",
        "primary_image": "https://www.heinemann-shop.com/medias/527Wx527H-null?context=bWFzdGVyfGltYWdlc3w3MjY5NXxpbWFnZS9qcGVnfGFEWmpMMmcwTmk4eE1USTVOemd4TmpVeE1EUTVOQzgxTWpkWGVEVXlOMGhmYm5Wc2JBfDk3OTcwYTNhMzc2YzhhMzdmOWViMDMzMGJlNWZhZGZmNTkxZDQ2OTgwYjViMDA3YzY4N2FlNjA3ODQxOWRjZGI&v=1729543146071",
        "images": []
    },
    {
        "product_url": "https://www.heinemann-shop.com/en/global/kinder/kinder-maxi-210g/p/000000000000115267/",
        "brand_name": "Kinder",
        "brand_url": "https://www.heinemann-shop.com/en/global/kinder/c/BRAND_4645/",
        "product_name": "Kinder Maxi, 210g",
        "quantity": "0.21\u00a0kg",
        "price": "\u20ac5.70",
        "price_per_quantity": "(\u20ac27.14 / 1 kg)",
        "stock_availability": "In stock, immediately available",
        "description": "Kinder Maxi has the unique taste of Kinder Chocolate with soft tasty milky filling , in a larger bar.",
        "primary_image": "https://www.heinemann-shop.com/medias/527Wx527H-null?context=bWFzdGVyfGltYWdlc3w3ODE5MXxpbWFnZS9qcGVnfGFEVTNMMmhtWlM4eE1USTVOemd4T1RnMU1qZ3pNQzgxTWpkWGVEVXlOMGhmYm5Wc2JBfDA0YThlODQ0ZjEzNTc3OTU3NjcxYTg0MGIyM2UxMTQ3NjhlNzg4ZDYzZDY2NjI5NDAxYzRhMjRlZTk2OWNjYTk&v=1729543575540",
        "images": []
    },
    {
        "product_url": "https://www.heinemann-shop.com/en/global/toffifee/toffifee-400g/p/000000000000071152/",
        "brand_name": "Toffifee",
        "brand_url": "https://www.heinemann-shop.com/en/global/toffifee/c/BRAND_5059/",
        "product_name": "Toffifee 400g",
        "quantity": "0.4\u00a0kg",
        "price": "\u20ac10.50",
        "price_per_quantity": "(\u20ac26.25 / 1 kg)",
        "stock_availability": "",
        "description": "There\u2019s a lot to enjoy in Toffifee: a crunchy whole hazelnut in a caramel cup with a delicious hazelnut filling and a chocolate button on top. This unique combination is perfect for every taste and a great way to treat the whole family.",
        "primary_image": "https://www.heinemann-shop.com/medias/527Wx527H-null?context=bWFzdGVyfGltYWdlc3w1NjQwNHxpbWFnZS9qcGVnfGFESTBMMmhtWlM4eE1UZ3hPREF5T0RFek9EVXlOaTgxTWpkWGVEVXlOMGhmYm5Wc2JBfDU4YjNkNWM3YjFkYmRiNGExOTI4YTgzOGQ5NTlmYjQ5NGM2ZjYyMTZiZTQ1NjkyMjg5MmFlYzkyYzk5OGVkMzQ&v=1740521654329",
        "images": []
    },
    {
        "product_url": "https://www.heinemann-shop.com/en/global/bounty/bounty-mono-pouch-500g/p/000000000000498954/",
        "brand_name": "Bounty",
        "brand_url": "https://www.heinemann-shop.com/en/global/bounty/c/BRAND_5100/",
        "product_name": "Bounty Mono Pouch, 500g",
        "quantity": "0.5\u00a0kg",
        "price": "\u20ac8.90",
        "price_per_quantity": "(\u20ac17.80 / 1 kg)",
        "stock_availability": "In stock, immediately available",
        "description": "A bag full of delicious Bounty bars in a mini format. Share them with all your friends or family - there's plenty to go round.",
        "primary_image": "https://www.heinemann-shop.com/medias/527Wx527H-null?context=bWFzdGVyfGltYWdlc3w2MDg1NHxpbWFnZS9qcGVnfGFEWTJMMmd6Wmk4eE1ETTBORGt3TURVeU5qRXhNQzgxTWpkWGVEVXlOMGhmYm5Wc2JBfDFjNWFjNjYzNWQ4YWU5N2JlNjFjMGEwYzBhOGEwMjFkZWU3ZmJlMjIxM2RiZTljODEwYzUwYmZkNjkwYjFlNTY&v=1708378320405",
        "images": []
    },
    {
        "product_url": "https://www.heinemann-shop.com/en/global/leschanz/leschanz-mozartkugeln-4er-100g/p/000000000001137184/",
        "brand_name": "Leschanz",
        "brand_url": "https://www.heinemann-shop.com/en/global/leschanz/c/BRAND_2332/",
        "product_name": "Leschanz \"Mozartkugeln\" 4er 100g",
        "quantity": "0.129\u00a0kg",
        "price": "\u20ac26.99",
        "price_per_quantity": "(\u20ac209.22 / 1 kg)",
        "stock_availability": "",
        "description": "Leschanz Mozartkugeln are a tasty treat with finest hazelnut- and almondnougat and a pistachio-marzipan core covered with finest dark chocolate.",
        "primary_image": "https://www.heinemann-shop.com/medias/1137184-527Wx527H?context=bWFzdGVyfGltYWdlc3w4ODI3NXxpbWFnZS9qcGVnfGFETTJMMmd3TUM4NU5qUTFOelUwTWpnMk1URXdMekV4TXpjeE9EUmZOVEkzVjNnMU1qZEl8NjY5MzM5OThmZGEyNTcyMDNkYWM0NjFiZTMzNDM3ZmM1NGZhMmY0YTY2NmQ4Yzc3YmRiYTViMjQ4ZmQyNjM0Nw&v=1638911506432",
        "images": []
    },
    {
        "product_url": "https://www.heinemann-shop.com/en/global/mentos/mentos-jumboroll-chewy-sweets-in-various-fruit-flavors/p/000000000001689930/",
        "brand_name": "Mentos",
        "brand_url": "https://www.heinemann-shop.com/en/global/mentos/c/BRAND_2323/",
        "product_name": "Mentos Jumboroll chewy sweets in various fruit flavors",
        "quantity": "0.3\u00a0kg",
        "price": "\u20ac8.90",
        "price_per_quantity": "(\u20ac29.67 / 1 kg)",
        "stock_availability": "",
        "description": "This roll contains the mix flavoured dragees. Each Jumboroll contains 8 single rolls.",
        "primary_image": "https://www.heinemann-shop.com/medias/527Wx527H-null?context=bWFzdGVyfGltYWdlc3wzMDYzN3xpbWFnZS9qcGVnfGFESXpMMmhtTXk4eE1UY3pORGczTXpVd05UZ3lNaTgxTWpkWGVEVXlOMGhmYm5Wc2JBfGU3MGE5NjNmNjk1NTIzZGZkY2VjN2EzNWYyYTdmYjgxZGQ0Y2IxOTk4MmExODI5ODVjMTQ2NDBmMGQ2ZGY0ZjY&v=1738879944050",
        "images": []
    },
    {
        "product_url": "https://www.heinemann-shop.com/en/global/anthon-berg/anthon-berg-plum-in-madeira-220g/p/000000000001187269/",
        "brand_name": "Anthon Berg",
        "brand_url": "https://www.heinemann-shop.com/en/global/anthon-berg/c/BRAND_0604/",
        "product_name": "Anthon Berg Plum in Madeira 220g",
        "quantity": "0.22\u00a0kg",
        "price": "\u20ac7.90",
        "price_per_quantity": "(\u20ac35.91 / 1 kg)",
        "stock_availability": "In stock, immediately available",
        "description": "Anthon Berg Dark chocolate with marzipan and filling with Plum in Madeira.",
        "primary_image": "https://www.heinemann-shop.com/medias/527Wx527H-null?context=bWFzdGVyfGltYWdlc3wzNjkzMnxpbWFnZS9qcGVnfGFEUXlMMmhoWkM4NU56ZzNNRFk1TkRNeE9ETTRMelV5TjFkNE5USTNTRjl1ZFd4c3xhM2QxZDZhMzI1YzhhODU2YzZjZDU5M2U4NjI5ZDUyZTY5NTI3NDRkOTdhZjM1YjE3ZThlZGVjMzBjYzUwYWY0&v=1689276012104",
        "images": []
    },
    {
        "product_url": "https://www.heinemann-shop.com/en/global/toblerone/toblerone-tiny-crunchy-almond-272g/p/000000000001314478/",
        "brand_name": "Toblerone",
        "brand_url": "https://www.heinemann-shop.com/en/global/toblerone/c/BRAND_0485/",
        "product_name": "Toblerone Tiny Crunchy Almond 272g",
        "quantity": "0.272\u00a0kg",
        "price": "\u20ac13.49",
        "price_per_quantity": "(\u20ac49.60 / 1 kg)",
        "stock_availability": "",
        "description": "Toblerone Tiny Crunchy Almonds \u2013 one of the most successful flavors is now available in a new format! The iconic triangular milk chocolate with honey and almond nougat enriched with crunchy caramelized almonds and a drop of salt offered in a shiny, travel exclusive blue and golden bag of 34 individually wrapped snack-sized pieces. Perfect to share with your loved ones. Made in Switzerland.",
        "primary_image": "https://www.heinemann-shop.com/medias/527Wx527H-null?context=bWFzdGVyfGltYWdlc3w4MTcwOHxpbWFnZS9qcGVnfGFESm1MMmd3WkM4NU9EQXdPVE0zT1RNd056Z3lMelV5TjFkNE5USTNTRjl1ZFd4c3w0OTUxOTQ4YjE1ZDAyMWFmMzdlMmYzYWZkOTE1OTYyNGFlYzlhYmNjMjE2ZTJhMzY3YTYyNWM3NzAyMDUwMzcw&v=1691483156883",
        "images": []
    },
    {
        "product_url": "https://www.heinemann-shop.com/en/global/haribo/haribo-my-citytrip-fruit-gums-in-the-shape-of-10-european-landmarks/p/000000000001684764/",
        "brand_name": "Haribo",
        "brand_url": "https://www.heinemann-shop.com/en/global/haribo/c/BRAND_1079/",
        "product_name": "Haribo My CityTrip fruit gums in the shape of 10 European landmarks",
        "quantity": "0.7\u00a0kg",
        "price": "\u20ac9.30",
        "price_per_quantity": "(\u20ac13.29 / 1 kg)",
        "stock_availability": "",
        "description": "HARIBO jelly candies in the shape of 10 major European landmarks!",
        "primary_image": "https://www.heinemann-shop.com/medias/527Wx527H-null?context=bWFzdGVyfGltYWdlc3wxMTQ4Mzd8aW1hZ2UvanBlZ3xhRFkxTDJoa1lpOHhNVGN5TWpnM01UVXdORGt5Tmk4MU1qZFhlRFV5TjBoZmJuVnNiQXwwYTY3YWY2ODhmODVkYWJjNjVkNGI0OTg5NzIyOTM3ZTZlNzRhZjgwZTIyNDU2ZDgwN2I4OGVjOWI2M2U3N2M1&v=1738628281860",
        "images": []
    },
    {
        "product_url": "https://www.heinemann-shop.com/en/global/chupa-chups/chupa-chups-mixed-lollipops-in-a-bag-with-the-flavors-of-sour-apple-sour-lemon-and-sour-strawberry/p/000000000001683952/",
        "brand_name": "Chupa Chups",
        "brand_url": "https://www.heinemann-shop.com/en/global/chupa-chups/c/BRAND_1707/",
        "product_name": "Chupa Chups mixed lollipops in a bag with the flavors of sour apple, sour lemon and sour strawberry",
        "quantity": "0.3\u00a0kg",
        "price": "\u20ac7.90",
        "price_per_quantity": "(\u20ac26.33 / 1 kg)",
        "stock_availability": "",
        "description": "A handheld bag filled with a variety of Chupa Chups lollipops in the flavours: sour Apple, sour Lemon and sour Strawberry. Each bagcontains 25 lollipops. Available in handy Tear & Reseal bag.",
        "primary_image": "https://www.heinemann-shop.com/medias/527Wx527H-null?context=bWFzdGVyfGltYWdlc3w3MTA4MnxpbWFnZS9qcGVnfGFEVTNMMmd6WVM4eE1UWTVNVFl4TmpjNU5qY3dNaTgxTWpkWGVEVXlOMGhmYm5Wc2JBfDRiMTE5NWY0ZGRjNWQwYzUzOWZkZjJjMzBlOGUxY2I5YTcxZGU0ZDI5OTI5MzlmOGJlNDJiYzhlNjQ3ZGIyMjY&v=1738015572219",
        "images": []
    },
    {
        "product_url": "https://www.heinemann-shop.com/en/global/nestle-sustain-sourced-cocoa/nestle-milk-chocolate-hazelnuts-indulgent-tablet-170g/p/000000000001627657/",
        "brand_name": "Nestl\u00e9 Sustain.Sourced Cocoa",
        "brand_url": "https://www.heinemann-shop.com/en/global/nestle-sustain-sourced-cocoa/c/BRAND_A138/",
        "product_name": "NESTLE Milk Chocolate & Hazelnuts Indulgent Tablet 170g",
        "quantity": "0.17\u00a0kg",
        "price": "\u20ac9.50",
        "price_per_quantity": "(\u20ac55.88 / 1 kg)",
        "stock_availability": "",
        "description": "Experience the sensational taste of NESTLE Sustainably Sourced Cocoa Milk Chocolate & Hazelnuts. A deliciously indulgent milk chocolate tablet crafted with visible inclusions of hazelnuts. At the heart of our creamy, smooth chocolate is sustainably sourced cocoa, so you can enjoy chocolate that does good* and tastes great. It's the perfect gift for taking home to chocolate connoisseurs, or for treating yourself on your journey.",
        "primary_image": "https://www.heinemann-shop.com/medias/527Wx527H-null?context=bWFzdGVyfGltYWdlc3w2MTk1N3xpbWFnZS9qcGVnfGFEUXdMMmd5TWk4eE1UUXlNVEF4TkRNMk1EQTVOQzgxTWpkWGVEVXlOMGhmYm5Wc2JBfDAwZjRiYmY5MDBhNTZjZmY4YzFmOTU1NGMyYTg3Zjc4NzMzZjE2MTk4NmI5YjU1ZDdiMDNiYjdiMjM2YWY3ZWU&v=1732139526629",
        "images": []
    },
    {
        "product_url": "https://www.heinemann-shop.com/en/global/toblerone/toblerone-tiny-crunchy-almond-mix-bag-272g/p/000000000001413628/",
        "brand_name": "Toblerone",
        "brand_url": "https://www.heinemann-shop.com/en/global/toblerone/c/BRAND_0485/",
        "product_name": "Toblerone Tiny Crunchy Almond Mix Bag 272g",
        "quantity": "0.272\u00a0kg",
        "price": "\u20ac13.49",
        "price_per_quantity": "(\u20ac49.60 / 1 kg)",
        "stock_availability": "",
        "description": "Enjoy delicious moments with Toblerone Tiny! This shiny golden bag contains 34 individually wrapped pieces of delicious Toblerone Milk, White and Crunchy Almond Chocolate with honey and almond nougat in miniature 8g sized bars - great for sharing with family and friends or as a gift to bring home from a trip abroad. Made in Switzerland and exclusively available in travel retail (272g).",
        "primary_image": "https://www.heinemann-shop.com/medias/527Wx527H-null?context=bWFzdGVyfGltYWdlc3w3OTQxNHxpbWFnZS9qcGVnfGFERTRMMmd3TkM4NU9EQXhNREF3TURJMk1UUXlMelV5TjFkNE5USTNTRjl1ZFd4c3xlYzVjZDBhY2I3OGRiMDU5YjBmYzZjY2RjNjFlMWE3OWM5MzkwNDBiNjBmOTBiZDRmZmViN2U0ZWVmNWNlOTky&v=1691491830095",
        "images": []
    },
    {
        "product_url": "https://www.heinemann-shop.com/en/global/freia/freia-kvikk-lunsj-6x47g/p/000000000001374037/",
        "brand_name": "Freia",
        "brand_url": "https://www.heinemann-shop.com/en/global/freia/c/BRAND_1378/",
        "product_name": "Freia Kvikk Lunsj, 6x47g",
        "quantity": "0.282\u00a0kg",
        "price": "\u20ac7.90",
        "price_per_quantity": "(\u20ac28.01 / 1 kg)",
        "stock_availability": "",
        "description": "Kvikk Lunsj is the Norwegians' favourite hiking chocolate - Crunchy wafer biscuit coated with pure Freia milk chocolate. Available in a convenient 8-pack perfect for sharing on any trip",
        "primary_image": "https://www.heinemann-shop.com/medias/527Wx527H-null?context=bWFzdGVyfGltYWdlc3w0MTk3OHxpbWFnZS9qcGVnfGFHVmpMMmhsWWk4eE1UZ3lPVGN5TURRME9UQTFOQzgxTWpkWGVEVXlOMGhmYm5Wc2JBfDAyMjJmMzI0N2I3NGFjYmE1NzEzYjJiZGY5NTA4YzA1ZDJhOTZhY2E3NTJmOGFmZGJjNTk4ZjA0M2IwMTQ0ZDc&v=1740778191306",
        "images": []
    },
    {
        "product_url": "https://www.heinemann-shop.com/en/global/ritter-sport/ritter-sport-mini-tower-with-15-mini-bars-in-5-different-flavors-250g/p/000000000001618970/",
        "brand_name": "Ritter Sport",
        "brand_url": "https://www.heinemann-shop.com/en/global/ritter-sport/c/BRAND_0476/",
        "product_name": "Ritter Sport Mini Tower with 15 mini bars in 5 different flavors 250g",
        "quantity": "0.25\u00a0kg",
        "price": "\u20ac11.50",
        "price_per_quantity": "(\u20ac46.00 / 1 kg)",
        "stock_availability": "In stock, immediately available",
        "description": "The Ritter Sport Mini Tower 250g includes 15 mini bars in 5 different flavours offering the perfect mix of fruity,milky and crunchytextures. The colourful pastel-hued flavour mix includes two of Ritter Sport\u2019s top flavours \u2013 mini Strawberry Yogurt with real fruitpieces, strawberry yoghurt creme and crunchy rice crisps and mini Alpine Milk with its characteristic caramel and honey flavour. Inaddition, mini Fine Milk Chocolate with its high content of fine cocoa from Peru, crunchy mini Cornflakes and mini Butter Biscuit together create the perfect flavour mix.",
        "primary_image": "https://www.heinemann-shop.com/medias/527Wx527H-null?context=bWFzdGVyfGltYWdlc3w0NDk4M3xpbWFnZS9qcGVnfGFEZzFMMmd6TWk4eE1USTROVEV4TlRNek9EYzRNaTgxTWpkWGVEVXlOMGhmYm5Wc2JBfDFkMDEzNmI4M2NlMjZiNTI2YzIwZTRkYTVhZDZjNDc3Y2RiYTdhMmE1ODVhNDZhOTQxMjg3MzA1ZmY3YTQ5NDU&v=1729307508677",
        "images": []
    },
    {
        "product_url": "https://www.heinemann-shop.com/en/global/laekerol/laekerol-pastilles-strawberry-4x25g/p/000000000001626603/",
        "brand_name": "L\u00e4kerol",
        "brand_url": "https://www.heinemann-shop.com/en/global/laekerol/c/BRAND_4802/",
        "product_name": "L\u00e4kerol Pastilles Strawberry 4x25g",
        "quantity": "0.1\u00a0kg",
        "price": "\u20ac5.90",
        "price_per_quantity": "(\u20ac59.00 / 1 kg)",
        "stock_availability": "",
        "description": "L\u00e4kerol was introduced in Sweden in 1909 and has now been a beloved classic for over 100 years. The well-known pastille carries with it a long history that has survived two world wars, been delivered in a gold box to royalty and sponsored Sweden's first glider. L\u00e4kerol are liqourice or fruity sugar-free and vegan pastilles that freshens the breath. There's a broad selection of flavours for any liking. L\u00e4kerol - Makes people talk.",
        "primary_image": "https://www.heinemann-shop.com/medias/527Wx527H-null?context=bWFzdGVyfGltYWdlc3w5NDIwNnxpbWFnZS9qcGVnfGFERXlMMmc0Tnk4eE1USTROak01T1RBeU5URTRNaTgxTWpkWGVEVXlOMGhmYm5Wc2JBfDMwN2I3N2FiM2E5ZmE4OWU1M2VjYjQ3NGRlMjU4MWQxYWYyMzliOWRlM2UwNjVmMTdiODUxZjg3OWI3ZDRkN2Y&v=1729324458856",
        "images": []
    },
    {
        "product_url": "https://www.heinemann-shop.com/en/global/van-slooten/van-slooten-travel-bags-340g-vegan-and-gluten-free-fizzy-winegums-with-lemonade-flavours/p/000000000001647797/",
        "brand_name": "Van Slooten",
        "brand_url": "https://www.heinemann-shop.com/en/global/van-slooten/c/BRAND_1852/",
        "product_name": "Van Slooten Travel Bags 340g Vegan and Gluten Free - Fizzy Winegums with Lemonade flavours",
        "quantity": "0.34\u00a0kg",
        "price": "\u20ac6.50",
        "price_per_quantity": "(\u20ac19.12 / 1 kg)",
        "stock_availability": "",
        "description": "Van Slooten Travel Bags 340g Vegan and Gluten Free - Fizzy Winegums with Lemonade flavours, The Original from Holland",
        "primary_image": "https://www.heinemann-shop.com/medias/527Wx527H-null?context=bWFzdGVyfGltYWdlc3w2MjYxNnxpbWFnZS9qcGVnfGFESmlMMmhtWkM4eE1EY3hORFExT1Rjek5EQTBOaTgxTWpkWGVEVXlOMGhmYm5Wc2JBfGI5NmI0MmE0MWI5YmU3OTI0NWE3NDRiZmY0NzJjMTA1NDliOTk4ZTVhMDBjNWNiYTljZjk0MDYzM2JmYzc4N2U&v=1717104143920",
        "images": []
    },
    {
        "product_url": "https://www.heinemann-shop.com/en/global/nestle-sustain-sourced-cocoa/nestle-milk-chocolate-raisins-almonds-hazelnuts-170g/p/000000000001627654/",
        "brand_name": "Nestl\u00e9 Sustain.Sourced Cocoa",
        "brand_url": "https://www.heinemann-shop.com/en/global/nestle-sustain-sourced-cocoa/c/BRAND_A138/",
        "product_name": "NESTLE Milk Chocolate, Raisins, Almonds & Hazelnuts 170g",
        "quantity": "0.17\u00a0kg",
        "price": "\u20ac9.50",
        "price_per_quantity": "(\u20ac55.88 / 1 kg)",
        "stock_availability": "",
        "description": "Experience the sensational taste of NESTLE Sustainably Sourced Cocoa Milk Chocolate, Raisins, Almonds & Hazelnuts. A deliciously indulgent milk chocolate tablet crafted with visible inclusions of raisins, almonds and hazelnuts. At the heart of our creamy, smooth chocolate is sustainably sourced cocoa, so you can enjoy chocolate that does good* and tastes great. It's the perfect gift for taking home to chocolate connoisseurs, or for treating yourself on your journey.",
        "primary_image": "https://www.heinemann-shop.com/medias/527Wx527H-null?context=bWFzdGVyfGltYWdlc3w2NjE3N3xpbWFnZS9qcGVnfGFEWTVMMmcwTnk4eE1UUXlNVEF4TXpNM056QTFOQzgxTWpkWGVEVXlOMGhmYm5Wc2JBfDM1ZDVjY2Q3NThjNDBhN2UzZGI2YTFmNzNkZjA0NjU1NGEzY2Q4NzNiNDBkZmQ0NmQ3ODY4NTA4YzkxMDNlYmU&v=1732139470421",
        "images": []
    },
    {
        "product_url": "https://www.heinemann-shop.com/en/global/dumle/dumle-norway-edition-box-350g/p/000000000001441535/",
        "brand_name": "Dumle",
        "brand_url": "https://www.heinemann-shop.com/en/global/dumle/c/BRAND_6808/",
        "product_name": "Dumle Norway Edition Box 350g",
        "quantity": "0.35\u00a0kg",
        "price": "\u20ac8.50",
        "price_per_quantity": "(\u20ac24.29 / 1 kg)",
        "stock_availability": "",
        "description": "TRAVELLER EXCLUSIVE. NORWAY EDITION. Dumle is a joyful classic that will never grow up. Dumle brings out the twinkle in your eyes. The sweet is a combination of soft chewy toffee and smooth Fazer Chocolate. The fun twisted toffee sweet is always there to bring you positive energy and boost your creativity. Made from 100% responsibly produced cocoa.",
        "primary_image": "https://www.heinemann-shop.com/medias/527Wx527H-null?context=bWFzdGVyfGltYWdlc3w1MDcwMHxpbWFnZS9qcGVnfGFEaGtMMmhpTnk4eE1UYzROak00TnpjeE9ERTNOQzgxTWpkWGVEVXlOMGhmYm5Wc2JBfDRlOTJkYmI0MzczYjg5NzMyZjY2MTE2Y2JmYTQwZmZjZDk4Njc5MDA3Njc3NDEyZDExNmM0OWUxYjUxZDA0YTY&v=1739914563378",
        "images": []
    },
    {
        "product_url": "https://www.heinemann-shop.com/en/global/kinder/kinder-cards-crispy-biscuits-card-shaped/p/000000000001560892/",
        "brand_name": "Kinder",
        "brand_url": "https://www.heinemann-shop.com/en/global/kinder/c/BRAND_4645/",
        "product_name": "Kinder Cards crispy biscuits card-shaped",
        "quantity": "0.077\u00a0kg",
        "price": "\u20ac3.30",
        "price_per_quantity": "(\u20ac42.86 / 1 kg)",
        "stock_availability": "In stock, immediately available",
        "description": "Kinder Cards T(2x3)x18",
        "primary_image": "https://www.heinemann-shop.com/medias/527Wx527H-null?context=bWFzdGVyfGltYWdlc3w1OTUyMXxpbWFnZS9qcGVnfGFEVmlMMmc1TVM4eE1USTVPRFExTWpNME1EYzJOaTgxTWpkWGVEVXlOMGhmYm5Wc2JBfDI4ODNlODBkYTg0MWYzYWUxZTk4MWM3OGY3NjMzZjk2ZThhZGMwNDEzMGJlMzMzN2MzZTgzMDY5OWVmNWM0YTM&v=1729548257313",
        "images": []
    },
    {
        "product_url": "https://www.heinemann-shop.com/en/global/mentos/mentos-sugar-free-chewing-gum-with-sweeteners-and-fresh-mint-flavour/p/000000000001568824/",
        "brand_name": "Mentos",
        "brand_url": "https://www.heinemann-shop.com/en/global/mentos/c/BRAND_2323/",
        "product_name": "Mentos sugar free chewing gum with sweeteners and fresh mint flavour",
        "quantity": "0.068\u00a0kg",
        "price": "\u20ac4.90",
        "price_per_quantity": "(\u20ac72.06 / 1 kg)",
        "stock_availability": "In stock, immediately available",
        "description": "A fresh mint flavoured chewing gum with a liquid filling made from natural green tea. Each bottle contains 34 pieces of gum.",
        "primary_image": "https://www.heinemann-shop.com/medias/527Wx527H-null?context=bWFzdGVyfGltYWdlc3w2NjA4MnxpbWFnZS9qcGVnfGFEZ3pMMmhtT1M4eE1USTROakkyT1RNeU9UUXpPQzgxTWpkWGVEVXlOMGhmYm5Wc2JBfGQyMzBkM2JjODcwMDU3OWI5YTMyYWRkOTRhMDg1NGE4MmIxZWY1ZDc2ZmVkMGJmNmJmZmMxMmVmNzFlOWI2MmI&v=1729322661710",
        "images": []
    },
    {
        "product_url": "https://www.heinemann-shop.com/en/global/haribo/haribo-tangfastics-425-g/p/000000000001518351/",
        "brand_name": "Haribo",
        "brand_url": "https://www.heinemann-shop.com/en/global/haribo/c/BRAND_1079/",
        "product_name": "Haribo Tangfastics 425 G",
        "quantity": "0.425\u00a0kg",
        "price": "\u20ac4.90",
        "price_per_quantity": "(\u20ac11.53 / 1 kg)",
        "stock_availability": "In stock, immediately available",
        "description": "The original sour mix. Sugar-coated, super tangy sour gummies, coming in various shapes and sizes, including Fizzy Cola Bottles, Sour Cherries and Crocs!",
        "primary_image": "https://www.heinemann-shop.com/medias/527Wx527H-null?context=bWFzdGVyfGltYWdlc3wxMDEzMTR8aW1hZ2UvanBlZ3xhR05pTDJneU5pOHhNVEk0TmpBMk16RXlNRFF4TkM4MU1qZFhlRFV5TjBoZmJuVnNiQXxhNWNmMTQ4ZmEwN2FjZWY3M2ExMmM3MGExY2E5NmUwZDEyMDczZTdlNmVjYTE0MzEzNzNjZDdhZTBmNTMxMmRk&v=1729322127483",
        "images": []
    },
    {
        "product_url": "https://www.heinemann-shop.com/en/global/mentos/mentos-sugarfree-citrus-fruit-flavoured-chewing-gum-with-a-liquid-filling-containing-vitamins-b6-c-and-b12/p/000000000001571181/",
        "brand_name": "Mentos",
        "brand_url": "https://www.heinemann-shop.com/en/global/mentos/c/BRAND_2323/",
        "product_name": "Mentos sugarfree citrus fruit flavoured chewing gum with a liquid filling containing vitamins (B6, C and B12)",
        "quantity": "0.068\u00a0kg",
        "price": "\u20ac4.90",
        "price_per_quantity": "(\u20ac72.06 / 1 kg)",
        "stock_availability": "In stock, immediately available",
        "description": "A citrus fruit flavoured chewing gum with a liquid filling containing vitamins (B6, C and B12). Each bottle contains 34 pieces of gum",
        "primary_image": "https://www.heinemann-shop.com/medias/527Wx527H-null?context=bWFzdGVyfGltYWdlc3w3NTc4NnxpbWFnZS9qcGVnfGFETXdMMmc0T1M4eE1USTROakkzTVRjNE56QXpPQzgxTWpkWGVEVXlOMGhmYm5Wc2JBfDg3ZTk1MGUzMGQ0ZjU2Zjk4ZjZkZTQ1ODczOGIzNDRkZThiYTY5ZTgxMzdhYzk4ODlmNGEyYTgzM2YxODQzZmU&v=1729322836449",
        "images": []
    },
    {
        "product_url": "https://www.heinemann-shop.com/en/global/haribo/haribo-tropifrutti-450-g/p/000000000001517055/",
        "brand_name": "Haribo",
        "brand_url": "https://www.heinemann-shop.com/en/global/haribo/c/BRAND_1079/",
        "product_name": "HARIBO Tropifrutti 450 G",
        "quantity": "0.45\u00a0kg",
        "price": "\u20ac4.90",
        "price_per_quantity": "(\u20ac10.89 / 1 kg)",
        "stock_availability": "In stock, immediately available",
        "description": "HARIBO Tropifrutti just makes life more tropical! Whether a toucan, a palm tree, a passion flower, a banana, a mango, a mandarin, ablackcurrant or a pineapple, treat yourself to the unique fruity fun of HARIBO Tropifrutti: sweet exotic jelly sweets in passion fruit, melon, mangomandarin,",
        "primary_image": "https://www.heinemann-shop.com/medias/527Wx527H-null?context=bWFzdGVyfGltYWdlc3wxMDExMzJ8aW1hZ2UvanBlZ3xhR0l4TDJnek1TOHhNVEk0TmpBMk16UTRNRGcyTWk4MU1qZFhlRFV5TjBoZmJuVnNiQXxkM2M2YzU4NzgxYTUwMjY3ZDNkODNiZGNhMzI2OWFkYzNlMTEzN2NlM2Y2Y2ZmYWI0YmE4ZWI3OWM4YjdlMDYy&v=1729322147411",
        "images": []
    },
    {
        "product_url": "https://www.heinemann-shop.com/en/global/chocome/chocome-entree-41vol-milk-chocolate-sea-salt-with-tahitian-vanilla-pecans-caramel-flavoured-chocolate-pastille/p/000000000001520281/",
        "brand_name": "ChocoMe",
        "brand_url": "https://www.heinemann-shop.com/en/global/chocome/c/BRAND_3312/",
        "product_name": "chocoMe Entr\u00e9e - 41% milk chocolate, Sea salt with Tahitian vanilla, Pecans, Caramel flavoured chocolate pastille",
        "quantity": "0.11\u00a0kg",
        "price": "\u20ac11.50",
        "price_per_quantity": "(\u20ac104.55 / 1 kg)",
        "stock_availability": "In stock, immediately available",
        "description": "The wide array of assorted cocoa beans that make up the base of the chocolate has a lot of distinct natural aromas that can be brought to surface with the right spices. Spicy bitterness, exotic acrimony, and tender cinnamon-like creaminess - everything depends on the use of the right spices, which we pair up with toppings of the same characteristics.",
        "primary_image": "https://www.heinemann-shop.com/medias/527Wx527H-null?context=bWFzdGVyfGltYWdlc3w1MjIzOXxpbWFnZS9qcGVnfGFESTBMMmd5TXk4NU9EQXhNVFE1TWpnME16Z3lMelV5TjFkNE5USTNTRjl1ZFd4c3wxYTFkOTdiMTZkZjIzZDBlMTAyMGZlNzUzZWQzZDcyMjQzZjkyZjFlODYyZWY2MjA1N2E2NTE1MWYyYWYwMTY3&v=1691506576147",
        "images": []
    },
    {
        "product_url": "https://www.heinemann-shop.com/en/global/cavendish-harvey/cavendish-harvey-travel-exclusive-double-fruit-snack-bag-220g/p/000000000001617888/",
        "brand_name": "Cavendish & Harvey",
        "brand_url": "https://www.heinemann-shop.com/en/global/cavendish-harvey/c/BRAND_0437/",
        "product_name": "Cavendish & Harvey Travel Exclusive Double Fruit Snack Bag 220g",
        "quantity": "0.22\u00a0kg",
        "price": "\u20ac5.30",
        "price_per_quantity": "(\u20ac24.09 / 1 kg)",
        "stock_availability": "In stock, immediately available",
        "description": "Discover the delicious contrast of two fruits in one Drop. Together they create an invigorating sour-sweet taste you have never experienced before. The mix bag contains the most popular flavour combinations: aromatic cherry filled with acidic lime, tingling lemon filled with rich strawberry, delicious grapefruit filled with fruity pineapple. The Double Fruit Mix Bag - perfect for sharing and on-the-go. Made with real fruit juices. Freshness and flavour are preserved through individual wrapping.",
        "primary_image": "https://www.heinemann-shop.com/medias/527Wx527H-null?context=bWFzdGVyfGltYWdlc3w2NjYwOXxpbWFnZS9qcGVnfGFEVXlMMmcwTlM4eE1ESTFOREl6TlRRd01qSTNNQzgxTWpkWGVEVXlOMGhmYm5Wc2JBfDFlZDZjNzcxYWE1OWE4Y2U3MjBkMmU1NmY0MmY3YWEyMWU5NGMxOTA5MWZlNTQ2NzE4ZjViZWEyMDU0NDAwMGM&v=1706134866351",
        "images": []
    },
    {
        "product_url": "https://www.heinemann-shop.com/en/global/haribo/haribo-starmix-450-g/p/000000000001517122/",
        "brand_name": "Haribo",
        "brand_url": "https://www.heinemann-shop.com/en/global/haribo/c/BRAND_1079/",
        "product_name": "HARIBO Starmix 450 G",
        "quantity": "0.45\u00a0kg",
        "price": "\u20ac4.90",
        "price_per_quantity": "(\u20ac10.89 / 1 kg)",
        "stock_availability": "In stock, immediately available",
        "description": "Starmix is loved for its iconic mix of shapes - everyone has their favourite, whether that's a heart, ring, cola bottle, egg or a goldbear, Starmix has something for everyone, with its range of jelly and foam sweets! Including orange, lemon, raspberry, pineapple and cola flavours \u2013 They are a perfect treat, whatever the weather!",
        "primary_image": "https://www.heinemann-shop.com/medias/527Wx527H-null?context=bWFzdGVyfGltYWdlc3w5MzEzMHxpbWFnZS9qcGVnfGFHSTFMMmhoT0M4eE1USTROakEyTVRJNE5UUXdOaTgxTWpkWGVEVXlOMGhmYm5Wc2JBfGM5YzQ2NGExMzNmN2IwMGY4ZDMxNjM3NWJlOGJkNWQxYzIwNTRiZTY2ZDhlMzkwMjYzOTY1NzgxOWVmY2QzNTQ&v=1729322024856",
        "images": []
    },
    {
        "product_url": "https://www.heinemann-shop.com/en/global/salmiakki/salmiaki-multipack-160g/p/000000000000248868/",
        "brand_name": "Salmiakki",
        "brand_url": "https://www.heinemann-shop.com/en/global/salmiakki/c/BRAND_5459/",
        "product_name": "Salmiaki Multipack 160g",
        "quantity": "0.16\u00a0kg",
        "price": "\u20ac7.90",
        "price_per_quantity": "(\u20ac49.38 / 1 kg)",
        "stock_availability": "",
        "description": "The traditional Fazer Salmiakki 4-pack, ideal for the friends of salty licorice.",
        "primary_image": "https://www.heinemann-shop.com/medias/527Wx527H-null?context=bWFzdGVyfGltYWdlc3w1Njc1MnxpbWFnZS9qcGVnfGFESTNMMmd3TlM4eE1UYzROak0zTVRrMU5qYzJOaTgxTWpkWGVEVXlOMGhmYm5Wc2JBfDVjNzI3ODBjNDdkYzJmMGI1Y2E5ZjNmMzY3ODJhODZhYzEyZmQwMzA1N2M3MTE2YTM5NzlkN2ZhNDgzN2NiMjE&v=1739913660835",
        "images": [
            "https://www.heinemann-shop.com/medias/527Wx527H-null?context=bWFzdGVyfGltYWdlc3w1Njc1MnxpbWFnZS9qcGVnfGFESTNMMmd3TlM4eE1UYzROak0zTVRrMU5qYzJOaTgxTWpkWGVEVXlOMGhmYm5Wc2JBfDVjNzI3ODBjNDdkYzJmMGI1Y2E5ZjNmMzY3ODJhODZhYzEyZmQwMzA1N2M3MTE2YTM5NzlkN2ZhNDgzN2NiMjE&v=1739913660835",
            "https://www.heinemann-shop.com/medias/527Wx527H-null?context=bWFzdGVyfGltYWdlc3w3MjQxMXxpbWFnZS9qcGVnfGFETTJMMmhqWWk4eE1UYzROak0zTkRVME5UUXpPQzgxTWpkWGVEVXlOMGhmYm5Wc2JBfDhjMjZmOGY3YzVkMDJkZTgzNWUyMGJlYmRhNThmNzRhZWFiN2FlN2I1NzExYjI1M2IyMDE3ZDU0MzFhZWYzMzg&v=1739913782273"
        ]
    },
    {
        "product_url": "https://www.heinemann-shop.com/en/global/toms/toms-lossepladsen-1-5kg/p/000000000000791194/",
        "brand_name": "Toms",
        "brand_url": "https://www.heinemann-shop.com/en/global/toms/c/BRAND_0327/",
        "product_name": "Toms Lossepladsen 1,5kg",
        "quantity": "1.5\u00a0kg",
        "price": "\u20ac21.90",
        "price_per_quantity": "(\u20ac14.60 / 1 kg)",
        "stock_availability": "",
        "description": "Bonbon assorted drops with sour, sweet and strong flavours. A classic with eight different flavours in funny shapes",
        "primary_image": "https://www.heinemann-shop.com/medias/527Wx527H-null?context=bWFzdGVyfGltYWdlc3w3NjUzNnxpbWFnZS9qcGVnfGFHVXlMMmhqT0M4eE1USTROVFUyTURBNU9EZzBOaTgxTWpkWGVEVXlOMGhmYm5Wc2JBfGM3YTk0OTFmNDA1YTJiOGZlNWYxNzlkYmQ3ZWRlYTllZjllYmM5MzNjMWMzOThmMzIzZmQxNWY2YWJmY2I0ZDM&v=1729315168862",
        "images": []
    },
    {
        "product_url": "https://www.heinemann-shop.com/en/global/freia/m-peanuts-350g/p/000000000001001913/",
        "brand_name": "Freia",
        "brand_url": "https://www.heinemann-shop.com/en/global/freia/c/BRAND_1378/",
        "product_name": "M Peanuts 350g",
        "quantity": "0.35\u00a0kg",
        "price": "\u20ac8.70",
        "price_per_quantity": "(\u20ac24.86 / 1 kg)",
        "stock_availability": "",
        "description": "A Nordic favourite - crunchy peanuts covered with pure milk chocolate. Now available in travel exclusive XXL format.",
        "primary_image": "https://www.heinemann-shop.com/medias/527Wx527H-null?context=bWFzdGVyfGltYWdlc3w3MjEyMXxpbWFnZS9qcGVnfGFEZ3lMMmd4TXk4eE1ERXpNREV5TVRNNU1qRTFPQzgxTWpkWGVEVXlOMGhmYm5Wc2JBfDhkYWQxYjM4M2QyZGFlM2Y2NzllZTE4YjQxNzgxNzRkMDY4YTQ5MDJiOTI4Mjc5N2FlMTM5NGIwNGU0MmFjMTc&v=1703021605425",
        "images": []
    },
    {
        "product_url": "https://www.heinemann-shop.com/en/global/stratos/stratos-milk-chocolate-bar-150g/p/000000000001020488/",
        "brand_name": "Stratos",
        "brand_url": "https://www.heinemann-shop.com/en/global/stratos/c/BRAND_5466/",
        "product_name": "Stratos milk chocolate bar 150g",
        "quantity": "0.15\u00a0kg",
        "price": "\u20ac4.30",
        "price_per_quantity": "(\u20ac28.67 / 1 kg)",
        "stock_availability": "",
        "description": "Milk Chocolate with chocolate bubbles that melts easily on the tongue",
        "primary_image": "https://www.heinemann-shop.com/medias/1020488-527Wx527H?context=bWFzdGVyfGltYWdlc3wzODc2NnxpbWFnZS9qcGVnfGFHRXdMMmhqTlM4NU5qZ3pPRGd3TWpFME5UVTRMekV3TWpBME9EaGZOVEkzVjNnMU1qZEl8YzUyZGQ1M2E0YzJhZGJhOGM3YjE2MWRjNDA3MDliMDc0Y2JjNDRhNDI1NTEzMzE3MDE1ZTZmMzU5Mzk4NWMwOQ&v=1653080881305",
        "images": []
    },
    {
        "product_url": "https://www.heinemann-shop.com/en/global/smorbukk/smoerbukk-chocolate-bar-with-creamy-caramel-filling-155g/p/000000000001068788/",
        "brand_name": "Smorbukk",
        "brand_url": "https://www.heinemann-shop.com/en/global/smorbukk/c/BRAND_5465/",
        "product_name": "Sm\u00f8rbukk chocolate bar with creamy caramel filling 155g",
        "quantity": "0.155\u00a0kg",
        "price": "\u20ac4.30",
        "price_per_quantity": "(\u20ac27.74 / 1 kg)",
        "stock_availability": "",
        "description": "Norwegian milk chocolate filled with creamy caramel",
        "primary_image": "https://www.heinemann-shop.com/medias/1068788-527Wx527H?context=bWFzdGVyfGltYWdlc3wzNjI3MnxpbWFnZS9qcGVnfGFHTTRMMmhrTmk4NU5qZ3pPVEEwTnprd05UVTRMekV3TmpnM09EaGZOVEkzVjNnMU1qZEl8YTQyY2MwYWZhNjEyN2FlOTQwYzJhZDdlYTNmMTNkMjk2MjA3YzBiMmNlZGY3NTBlNTVlNTE2YzM0ZWM2NDQ5MQ&v=1653081763105",
        "images": []
    },
    {
        "product_url": "https://www.heinemann-shop.com/en/global/malaco/malaco-all-sorts-400g/p/000000000001376812/",
        "brand_name": "Malaco",
        "brand_url": "https://www.heinemann-shop.com/en/global/malaco/c/BRAND_2915/",
        "product_name": "Malaco All Sorts 400g",
        "quantity": "0.4\u00a0kg",
        "price": "\u20ac7.90",
        "price_per_quantity": "(\u20ac19.75 / 1 kg)",
        "stock_availability": "",
        "description": "Our famous Malaco Allsorts consist of assorted liquorice sugar candies and the taste is a mix between liqourice and fruity flavors.",
        "primary_image": "https://www.heinemann-shop.com/medias/527Wx527H-null?context=bWFzdGVyfGltYWdlc3w3MTE3NHxpbWFnZS9qcGVnfGFETTRMMmcyWWk4eE1USTROVGcwT1RVd05UZ3lNaTgxTWpkWGVEVXlOMGhmYm5Wc2JBfDk0NGRmZDMwMzAyNmNhZDI4YTNiNzYyYmZmNjNhZWE1MjM0ZWI0MzRjYTYwYTM3ZDc0Y2Q4ZmNjM2UxMWQ5Njc&v=1729319180901",
        "images": []
    },
    {
        "product_url": "https://www.heinemann-shop.com/en/global/haribo/haribo-fruit-gums-in-the-shape-of-harry-potter-characters/p/000000000001684713/",
        "brand_name": "Haribo",
        "brand_url": "https://www.heinemann-shop.com/en/global/haribo/c/BRAND_1079/",
        "product_name": "Haribo fruit gums in the shape of Harry Potter characters",
        "quantity": "0.425\u00a0kg",
        "price": "\u20ac4.90",
        "price_per_quantity": "(\u20ac11.53 / 1 kg)",
        "stock_availability": "",
        "description": "Get ready... Alohomora! Harry Potter enters the happy world of HARIBO! Unlock our magical new Harry Potter pack (425 g) featuring favorite characters shaped in jelly and foam sweets, including Hedwig, the Sorting Hat and, of course, Harry Potter! This magic mix includes flavors of candy floss, lemon sorbet, caramel, cola, sweet apple, and cherry.",
        "primary_image": "https://www.heinemann-shop.com/medias/527Wx527H-null?context=bWFzdGVyfGltYWdlc3wxMDgwODh8aW1hZ2UvanBlZ3xhREk0TDJnMk15OHhNVGN5TWpnMk9UTTBNakl6T0M4MU1qZFhlRFV5TjBoZmJuVnNiQXwyMjYyMjYzMjBlMmYyMWIyZGQ2ODRmZTYwZDg0MzFiMGQ2OGMzYjE1NGI4ZDg4NzNmMDk5YTU4MzZjYzRkZDE2&v=1738628189059",
        "images": []
    },
    {
        "product_url": "https://www.heinemann-shop.com/en/global/mentos/mentos-clean-breath-sugarfree-peppermint-pastilles-with-sweeteners/p/000000000001661200/",
        "brand_name": "Mentos",
        "brand_url": "https://www.heinemann-shop.com/en/global/mentos/c/BRAND_2323/",
        "product_name": "Mentos Clean Breath sugarfree peppermint pastilles with sweeteners",
        "quantity": "0.053\u00a0kg",
        "price": "\u20ac4.30",
        "price_per_quantity": "(\u20ac81.13 / 1 kg)",
        "stock_availability": "",
        "description": "The Mentos brand has expanded its portfolio with the Mentos 2H Clean Breath, which helps to provide clean breath for 2 hours. The sugar-free 3-layer tab contains Magnolia bark extract and Zinc and is available in Pepper Mint flavour. The practical and thin formatof the tin makes the Mentos 2H Clean Breath convenient for on-the-go consumption and is perfect for social occasions.",
        "primary_image": "https://www.heinemann-shop.com/medias/527Wx527H-null?context=bWFzdGVyfGltYWdlc3w1NjI5MXxpbWFnZS9qcGVnfGFERXlMMmd6Tnk4eE1UQTVPVGcxTlRJeU5EZzJNaTgxTWpkWGVEVXlOMGhmYm5Wc2JBfDAyMWM4Y2QxNTMzNjZlODBjZTY1ODExNWFhZmEyM2QyOWNiNjFlMjNhYWE3YTVkNTJmZWRkYjljYTExMjNiZTg&v=1725525315403",
        "images": []
    },
    {
        "product_url": "https://www.heinemann-shop.com/en/global/van-slooten/van-slooten-space-travellers-360g-vegan-and-gluten-free-salty-liquorice/p/000000000001647798/",
        "brand_name": "Van Slooten",
        "brand_url": "https://www.heinemann-shop.com/en/global/van-slooten/c/BRAND_1852/",
        "product_name": "Van Slooten Space Travellers 360g Vegan and Gluten Free - Salty Liquorice",
        "quantity": "0.36\u00a0kg",
        "price": "\u20ac6.50",
        "price_per_quantity": "(\u20ac18.06 / 1 kg)",
        "stock_availability": "",
        "description": "Van Slooten Space Travellers 360g Vegan and Gluten Free - Salty Liquorice, The Original from Holland",
        "primary_image": "https://www.heinemann-shop.com/medias/527Wx527H-null?context=bWFzdGVyfGltYWdlc3w2NTc3N3xpbWFnZS9qcGVnfGFHSTVMMmd4TUM4eE1EY3hORFEyTURRNE56Y3hNQzgxTWpkWGVEVXlOMGhmYm5Wc2JBfDhhZTIyMDY4ODdlODI1ODJlNzUyODY5ZjA0MGJjMjc1ODg5NjM5MTBiOWFiZDgzZmQzMjY0MjJlYWQxNDg5OGM&v=1717104170210",
        "images": []
    },
    {
        "product_url": "https://www.heinemann-shop.com/en/global/dumle/fazer-dumle-advent-calendar-210g/p/000000000000817178/",
        "brand_name": "Dumle",
        "brand_url": "https://www.heinemann-shop.com/en/global/dumle/c/BRAND_6808/",
        "product_name": "Fazer Dumle Advent Calendar 210g",
        "quantity": "0.21\u00a0kg",
        "price": "\u20ac13.90",
        "price_per_quantity": "(\u20ac66.19 / 1 kg)",
        "stock_availability": "",
        "description": "An exciting advent calendar with a variety of Dumle chocolates inside.",
        "primary_image": "https://www.heinemann-shop.com/medias/527Wx527H-null?context=bWFzdGVyfGltYWdlc3w4MTE1NnxpbWFnZS9qcGVnfGFEWmhMMmcyTkM4eE1UYzROak0zTnpFek5ERXhNQzgxTWpkWGVEVXlOMGhmYm5Wc2JBfGRkMzJlY2FjZWVjZWE5NzU4MjMxYjNhMzRhMGM4ZTlhNWEzOTU5NTkzNGIwOTJmMGM4ZjBmMjVhNmRiNjc2ZWY&v=1739913914255",
        "images": []
    },
    {
        "product_url": "https://www.heinemann-shop.com/en/global/paw-patrol/paw-patrol-lunch-box-with-marshmallows-50g/p/000000000001681995/",
        "brand_name": "Paw Patrol",
        "brand_url": "https://www.heinemann-shop.com/en/global/paw-patrol/c/BRAND_7802/",
        "product_name": "Paw Patrol Lunch Box with Marshmallows 50g",
        "quantity": "0.05\u00a0kg",
        "price": "",
        "price_per_quantity": "(\u20ac239.80 / 1 kg)",
        "stock_availability": "",
        "description": "Tin Lunchbox with 3D moulded Paw Patrol image filled with delicious marshmallows. Ideal for keeping your accessories.",
        "primary_image": "https://www.heinemann-shop.com/medias/527Wx527H-null?context=bWFzdGVyfGltYWdlc3w2NTQ1OXxpbWFnZS9qcGVnfGFEVXpMMmd4WlM4eE1UWTVNVFl4TVRReU1qYzFNQzgxTWpkWGVEVXlOMGhmYm5Wc2JBfGVlODk4OGYwMzdiZjYzZjliYjhhOWU5YzUyYzVjZWRiNTZlYTg4MjNlMDA0NzBmNjkxZWNhZmM3NzgwMGU5NjU&v=1738015366665",
        "images": []
    },
    {
        "product_url": "https://www.heinemann-shop.com/en/global/mentos/mentos-sugar-free-mint-pastilles-with-strawberry-flavor-with-sweeteners/p/000000000001683778/",
        "brand_name": "Mentos",
        "brand_url": "https://www.heinemann-shop.com/en/global/mentos/c/BRAND_2323/",
        "product_name": "Mentos sugar-free mint pastilles with strawberry flavor, with sweeteners",
        "quantity": "0.053\u00a0kg",
        "price": "\u20ac4.30",
        "price_per_quantity": "(\u20ac81.13 / 1 kg)",
        "stock_availability": "",
        "description": "The Mentos brand has expanded its portfolio with the Mentos 2H Clean Breath, which helps to provide clean breath for 2 hours. The sugar-free 3-layer tab contains Magnolia bark extract and Zinc and is available in strawberry flavour. The practical and thin formatof the tin makes the Mentos 2H Clean Breath convenient for on-the-go consumption and is perfect for social occasions.",
        "primary_image": "https://www.heinemann-shop.com/medias/527Wx527H-null?context=bWFzdGVyfGltYWdlc3w1Njc2NnxpbWFnZS9qcGVnfGFEZzFMMmhoTnk4eE1UWTVNVFl3T1RjMU1UVTRNaTgxTWpkWGVEVXlOMGhmYm5Wc2JBfDUwMjA3MTY1MTJjMzU3ZmFkODUxMGY5ZDJjMDQ3ODg1NTdiNjk3YmFjNDZmOGM3OWJhZThjMzJjYTM1OTEwNjM&v=1738015306633",
        "images": []
    },
    {
        "product_url": "https://www.heinemann-shop.com/en/global/freia/freia-220g-fruit-nut/p/000000000001625511/",
        "brand_name": "Freia",
        "brand_url": "https://www.heinemann-shop.com/en/global/freia/c/BRAND_1378/",
        "product_name": "FREIA 220G FRUIT NUT",
        "quantity": "0.22\u00a0kg",
        "price": "\u20ac5.90",
        "price_per_quantity": "(\u20ac26.82 / 1 kg)",
        "stock_availability": "",
        "description": "Delicious Freia milk chocolate with raisins and hazelnuts in a king size format, exclusively available in travel retail. Chocolate, fruit, nuts - this ticks every box!",
        "primary_image": "https://www.heinemann-shop.com/medias/527Wx527H-null?context=bWFzdGVyfGltYWdlc3wzOTM0M3xpbWFnZS9qcGVnfGFETTRMMmd5TVM4eE1UZ3lPVGN4T1RjMk1Ea3lOaTgxTWpkWGVEVXlOMGhmYm5Wc2JBfDdiMDcyNGI4ZDZhODkxZWUwNzExYjU2NDczZTgyOWJlZWZkNDBjMDA1ZDZiYzI3MjM4MzhjNjQ1NTFmOWFkMDA&v=1740778108626",
        "images": []
    },
    {
        "product_url": "https://www.heinemann-shop.com/en/global/freia/freia-220g-kvikk-lunsj-tbl/p/000000000001625510/",
        "brand_name": "Freia",
        "brand_url": "https://www.heinemann-shop.com/en/global/freia/c/BRAND_1378/",
        "product_name": "FREIA 220G KVIKK LUNSJ TBL",
        "quantity": "0.22\u00a0kg",
        "price": "\u20ac5.90",
        "price_per_quantity": "(\u20ac26.82 / 1 kg)",
        "stock_availability": "",
        "description": "Freia milk chocolate with pieces of Kvikk Lunsj wafer and a sprinkle of sea salt. An unexpected but winning combination!",
        "primary_image": "https://www.heinemann-shop.com/medias/527Wx527H-null?context=bWFzdGVyfGltYWdlc3wzOTU0NXxpbWFnZS9qcGVnfGFESXlMMmcwTWk4eE1UQTVOREl5TmpVek5EUXpNQzgxTWpkWGVEVXlOMGhmYm5Wc2JBfGY2ZDNjNmJiNmRlZmMwMTI5MWQ3MDQ1MjJiMTYyMjM1MWUxNDRkMTMzNDE4Mjg5MDQ0MjllNmM2MTIwMTUwMTQ&v=1725396502943",
        "images": []
    },
    {
        "product_url": "https://www.heinemann-shop.com/en/global/nestle-sustain-sourced-cocoa/nestle-dark-chocolate-blueberries-almonds-hazelnuts-170g/p/000000000001627656/",
        "brand_name": "Nestl\u00e9 Sustain.Sourced Cocoa",
        "brand_url": "https://www.heinemann-shop.com/en/global/nestle-sustain-sourced-cocoa/c/BRAND_A138/",
        "product_name": "NESTLE Dark Chocolate, Blueberries, Almonds &\u00a0Hazelnuts \u200b170g",
        "quantity": "0.17\u00a0kg",
        "price": "\u20ac9.50",
        "price_per_quantity": "(\u20ac55.88 / 1 kg)",
        "stock_availability": "",
        "description": "Experience the sensational taste of NESTLE Sustainably Sourced Cocoa Dark Chocolate, Blueberries, Almonds & Hazelnuts. A deliciously indulgent dark chocolate tablet crafted with visible inclusions of blueberries, almonds and hazelnuts. At the heart of our creamy, smooth chocolate is sustainably sourced cocoa, so you can enjoy chocolate that does good* and tastes great. It's the perfect gift for taking home to chocolate connoisseurs, or for treating yourself on your journey.",
        "primary_image": "https://www.heinemann-shop.com/medias/527Wx527H-null?context=bWFzdGVyfGltYWdlc3w2ODIyN3xpbWFnZS9qcGVnfGFERTRMMmd4WWk4eE1UUXlNVEF4TkRFek1EY3hPQzgxTWpkWGVEVXlOMGhmYm5Wc2JBfDBkMGMxZjc3ZWU3Mjc1Mjc1NDEzMDRjZjRkNTBmNTFmYzUxNmFlMzg5NzNkNjc4ZTNmYjlhOTVmNDk2YWNlMWY&v=1732139513216",
        "images": []
    },
    {
        "product_url": "https://www.heinemann-shop.com/en/global/nestle-sustain-sourced-cocoa/nestle-milk-chocolate-cranberries-almonds-hazelnuts-170g/p/000000000001627655/",
        "brand_name": "Nestl\u00e9 Sustain.Sourced Cocoa",
        "brand_url": "https://www.heinemann-shop.com/en/global/nestle-sustain-sourced-cocoa/c/BRAND_A138/",
        "product_name": "NESTLE Milk Chocolate, Cranberries, Almonds & Hazelnuts 170g",
        "quantity": "0.17\u00a0kg",
        "price": "\u20ac9.50",
        "price_per_quantity": "(\u20ac55.88 / 1 kg)",
        "stock_availability": "",
        "description": "Experience the sensational taste of NESTLE Sustainably Sourced Cocoa Milk Chocolate, Cranberries, Almonds & Hazelnuts. A deliciously indulgent milk chocolate tablet crafted with visible inclusions of cranberries, almonds and hazelnuts. At the heart of our creamy, smooth chocolate is sustainably sourced cocoa, so you can enjoy chocolate that does good* and tastes great. It's the perfect gift for taking home to chocolate connoisseurs, or for treating yourself on your journey.",
        "primary_image": "https://www.heinemann-shop.com/medias/527Wx527H-null?context=bWFzdGVyfGltYWdlc3w1OTM2MnxpbWFnZS9qcGVnfGFHSmhMMmd6TXk4eE1UUXlNVEF4TXprd01UTTBNaTgxTWpkWGVEVXlOMGhmYm5Wc2JBfGYyNDlkZWM0NjVmOWQxZjlmZjQwNjNhMDVjYjQ4NjMyZGI0MmYzMjY0YjQ1NzRlMDUxNjJkZmFiMThhYzljZDc&v=1732139499524",
        "images": []
    },
    {
        "product_url": "https://www.heinemann-shop.com/en/global/freia/freia-220g-milk-chocolate/p/000000000001625509/",
        "brand_name": "Freia",
        "brand_url": "https://www.heinemann-shop.com/en/global/freia/c/BRAND_1378/",
        "product_name": "FREIA 220G MILK CHOCOLATE",
        "quantity": "0.22\u00a0kg",
        "price": "\u20ac5.90",
        "price_per_quantity": "(\u20ac26.82 / 1 kg)",
        "stock_availability": "",
        "description": "Freia lovers will find this irresistible - pure and natural Freia milk chocolate in a king size travel exclusive format.",
        "primary_image": "https://www.heinemann-shop.com/medias/527Wx527H-null?context=bWFzdGVyfGltYWdlc3wzODMxMnxpbWFnZS9qcGVnfGFESTNMMmhrTWk4eE1EUTJOekkwTkRjMk9UTXhNQzgxTWpkWGVEVXlOMGhmYm5Wc2JBfDg0ZDQ3ZTQ4MGM0YzhjNmVjMmQyNDk4Njg1YjAxODU5OGQyYTYzYzcxMDI4NjIzZjdiMDY2MmM2MTFmYzAxMzI&v=1711069070825",
        "images": []
    },
    {
        "product_url": "https://www.heinemann-shop.com/en/global/kinder/kinder-advent-calendar-351g/p/000000000001211313/",
        "brand_name": "Kinder",
        "brand_url": "https://www.heinemann-shop.com/en/global/kinder/c/BRAND_4645/",
        "product_name": "Kinder Advent calendar 351g",
        "quantity": "0.351\u00a0kg",
        "price": "\u20ac25.90",
        "price_per_quantity": "(\u20ac73.79 / 1 kg)",
        "stock_availability": "",
        "description": "24 days full of excitement with the Kinder Advent Calendar.",
        "primary_image": "https://www.heinemann-shop.com/medias/527Wx527H-null?context=bWFzdGVyfGltYWdlc3wxMDY3Nzh8aW1hZ2UvanBlZ3xhR0V3TDJoa05TOHhNRFl3TkRnM01qZzFPVFkzT0M4MU1qZFhlRFV5TjBoZmJuVnNiQXwwYTllNmVmOGU5ZGQxNjVjNDVkMTkzMDM5YzhlNWEzYjJjMjA2Njc5OTNhZTcxNzAzNGNkNTY0ZWNmY2MzMmQy&v=1714231239398",
        "images": [
            "https://www.heinemann-shop.com/medias/527Wx527H-null?context=bWFzdGVyfGltYWdlc3wxMDY3Nzh8aW1hZ2UvanBlZ3xhR0V3TDJoa05TOHhNRFl3TkRnM01qZzFPVFkzT0M4MU1qZFhlRFV5TjBoZmJuVnNiQXwwYTllNmVmOGU5ZGQxNjVjNDVkMTkzMDM5YzhlNWEzYjJjMjA2Njc5OTNhZTcxNzAzNGNkNTY0ZWNmY2MzMmQy&v=1714231239398",
            "https://www.heinemann-shop.com/medias/527Wx527H-null?context=bWFzdGVyfGltYWdlc3wxMDM4NDh8aW1hZ2UvanBlZ3xhREUwTDJneE55OHhNRFl3TkRnM05ESXdNekUyTmk4MU1qZFhlRFV5TjBoZmJuVnNiQXw4ZDVlMTQ2MWU4Y2Q5NDU2ZGRiODAxY2EyY2I2YzNmYzc1NzJkZGRlYmFmOTZhMjJlNDg5NGU3ZDU1OTE4MjUx&v=1714231357638",
            "https://www.heinemann-shop.com/medias/527Wx527H-null?context=bWFzdGVyfGltYWdlc3wxMDM4MjF8aW1hZ2UvanBlZ3xhR1ZrTDJnd1ppOHhNRFl3TkRnM05EUXpNalUwTWk4MU1qZFhlRFV5TjBoZmJuVnNiQXwyNGVkNmZkYzJmMWI5MTYxYTAxNzFhNmM3Y2M4YTI0YjJiOWFkZjg4MDBlMzA0OTRkMDBlOThlMGQ0ZjEwMDA1&v=1714231365221",
            "https://www.heinemann-shop.com/medias/527Wx527H-null?context=bWFzdGVyfGltYWdlc3w4Mzg3N3xpbWFnZS9qcGVnfGFHTTJMMmd3T0M4eE1EWXdORGczTkRZMk1Ua3hPQzgxTWpkWGVEVXlOMGhmYm5Wc2JBfDI0NjZhODdiYzk2ZDkxNjllZjIxYzU4YjQwY2IxNjdmMDJiZWQxZjE5ZDU0YTkwZGRmMzE3MjBiMjIxMDM3NDY&v=1714231372635"
        ]
    },
    {
        "product_url": "https://www.heinemann-shop.com/en/global/haribo/haribo-fruit-gums-with-foam-sugar-with-blueberry-wild-berry-and-strawberry-flavor/p/000000000001684961/",
        "brand_name": "Haribo",
        "brand_url": "https://www.heinemann-shop.com/en/global/haribo/c/BRAND_1079/",
        "product_name": "Haribo fruit gums with foam sugar with blueberry, wild berry and strawberry flavor",
        "quantity": "0.65\u00a0kg",
        "price": "\u20ac9.30",
        "price_per_quantity": "(\u20ac14.31 / 1 kg)",
        "stock_availability": "",
        "description": "Discover the new HARIBO Berry Clouds 650 g pack, featuring triple-layer foam gummies with a soft, cloudlike texture.",
        "primary_image": "https://www.heinemann-shop.com/medias/527Wx527H-null?context=bWFzdGVyfGltYWdlc3wxMTI5MzN8aW1hZ2UvanBlZ3xhRE16TDJobE5TOHhNVGN5TWpnM01USTBNamM0TWk4MU1qZFhlRFV5TjBoZmJuVnNiQXwzNTY2ZjU2ZjcxZDBjZDM4ZWYzZGM2Y2MzMWRhY2E3YmNiOGEyODQzYWZhYjcxM2I3MjJjODM2NjM3NmI5N2Yx&v=1738628269421",
        "images": []
    },
    {
        "product_url": "https://www.heinemann-shop.com/en/global/haribo/haribo-travel-parade-cotton-bag-with-three-bags-of-travel-parade-fruit-gums-and-a-memory-game-300g/p/000000000001626157/",
        "brand_name": "Haribo",
        "brand_url": "https://www.heinemann-shop.com/en/global/haribo/c/BRAND_1079/",
        "product_name": "Haribo Travel Parade cotton bag with three bags of Travel Parade fruit gums and a memory game 300g",
        "quantity": "0.3\u00a0kg",
        "price": "\u20ac10.90",
        "price_per_quantity": "(\u20ac36.33 / 1 kg)",
        "stock_availability": "",
        "description": "The new Haribo Travel Parade Gifting is the perfect travel companion for all the family!",
        "primary_image": "https://www.heinemann-shop.com/medias/527Wx527H-null?context=bWFzdGVyfGltYWdlc3w1NDU4OXxpbWFnZS9qcGVnfGFHUXpMMmd4WVM4eE1UZ3hOemt6TWpReU16RTVPQzgxTWpkWGVEVXlOMGhmYm5Wc2JBfDFjZGVkOWVmNzg0NDc0YTNhYzJlYjE2YTJjNjg4YTI0ZWYyMzEzYTkxZDAzMjhmNTg3NTg2YmI5Y2UzNjYwMjk&v=1740519961240",
        "images": []
    },
    {
        "product_url": "https://www.heinemann-shop.com/en/global/stratos/stratos-salty-caramel-storplate-185g/p/000000000001376690/",
        "brand_name": "Stratos",
        "brand_url": "https://www.heinemann-shop.com/en/global/stratos/c/BRAND_5466/",
        "product_name": "Stratos Salty Caramel Storplate 185g",
        "quantity": "0.185\u00a0kg",
        "price": "\u20ac5.30",
        "price_per_quantity": "(\u20ac28.65 / 1 kg)",
        "stock_availability": "",
        "description": "Milk Chocolate tablet with salty caramell - and airbobles",
        "primary_image": "https://www.heinemann-shop.com/medias/1376690-527Wx527H?context=bWFzdGVyfGltYWdlc3w0MDE4M3xpbWFnZS9qcGVnfGFEQXdMMmhoTkM4NU5qZzBNRE13TWpreE9UazRMekV6TnpZMk9UQmZOVEkzVjNnMU1qZEl8Mjg0ODgxNWVjZTdmZThmZGUwMjdlYTdlNjlhM2Q5NzEwYTc1MTBlZTU4ZWM5NTMwNDA3NDY0ZTBmMjEzOGUzOA&v=1653086881187",
        "images": []
    },
    {
        "product_url": "https://www.heinemann-shop.com/en/global/kinder/kinder-bueno-43g/p/000000000001073273/",
        "brand_name": "Kinder",
        "brand_url": "https://www.heinemann-shop.com/en/global/kinder/c/BRAND_4645/",
        "product_name": "Kinder Bueno 43g",
        "quantity": "0.043\u00a0kg",
        "price": "\u20ac1.99",
        "price_per_quantity": "(\u20ac46.28 / 1 kg)",
        "stock_availability": "",
        "description": "Bueno is a delicate chocolate bar with an indulgent taste. Each melt-in-the-mouth piece promises creamy hazelnut, smooth chocolate and crispy wafer for you to enjoy. It comes in single portions, individually wrapped.",
        "primary_image": "https://www.heinemann-shop.com/medias/527Wx527H-null?context=bWFzdGVyfGltYWdlc3wzNjgyNXxpbWFnZS9qcGVnfGFEWXlMMmhoT0M4eE1UYzROVGd3TkRBMU5EVTFPQzgxTWpkWGVEVXlOMGhmYm5Wc2JBfDBmNDMzYjg3OTViYTQzZTMzNWQzMmI3MWQxOTQ4NjY1YzUzNDAxOGI2Y2JmYjA2NmUxN2E2ZDVkMzllYmMyYzM&v=1739913137401",
        "images": []
    },
    {
        "product_url": "https://www.heinemann-shop.com/en/global/kinder/kinder-easter-easter-plush-133g/p/000000000001344744/",
        "brand_name": "Kinder",
        "brand_url": "https://www.heinemann-shop.com/en/global/kinder/c/BRAND_4645/",
        "product_name": "Kinder Easter Easter Plush 133g",
        "quantity": "0.133\u00a0kg",
        "price": "\u20ac18.50",
        "price_per_quantity": "(\u20ac139.10 / 1 kg)",
        "stock_availability": "",
        "description": "Kinder mix is the best of Kinder all in one pack ! This Easter exclusive includes Kinder Schokobons, Kinder Bueno, Kinder maxi and Kinder country. The perfect Easter gift with funny plushes made for both boys and girls.",
        "primary_image": "https://www.heinemann-shop.com/medias/527Wx527H-null?context=bWFzdGVyfGltYWdlc3w4MjY0NXxpbWFnZS9qcGVnfGFHVmxMMmhsTmk4eE1UUXpPVGszTnpNek1qYzJOaTgxTWpkWGVEVXlOMGhmYm5Wc2JBfGZlMjBlZjJiODI1ZGQ1OGEwY2VlMmU4OThlZWMxZjRkN2IxYjhkZTNiOGY1Mjc1MDMzYzI3NDRjNWI4ZWZlNTM&v=1732572004517",
        "images": [
            "https://www.heinemann-shop.com/medias/527Wx527H-null?context=bWFzdGVyfGltYWdlc3w4MjY0NXxpbWFnZS9qcGVnfGFHVmxMMmhsTmk4eE1UUXpPVGszTnpNek1qYzJOaTgxTWpkWGVEVXlOMGhmYm5Wc2JBfGZlMjBlZjJiODI1ZGQ1OGEwY2VlMmU4OThlZWMxZjRkN2IxYjhkZTNiOGY1Mjc1MDMzYzI3NDRjNWI4ZWZlNTM&v=1732572004517",
            "https://www.heinemann-shop.com/medias/527Wx527H-null?context=bWFzdGVyfGltYWdlc3w4OTEzMHxpbWFnZS9qcGVnfGFHTmlMMmcxWVM4eE1UUTBNRFEwTVRFNU5qVTNOQzgxTWpkWGVEVXlOMGhmYm5Wc2JBfGJiMzYzNDE2YzAwZDA0OWYxY2VjMzdkOWY5YTI2NDFiNTVjMTQ3NmJkNGMxNjEwNzAxNGQwZmNmYzBlNzQ5YTk&v=1732572287177",
            "https://www.heinemann-shop.com/medias/527Wx527H-null?context=bWFzdGVyfGltYWdlc3w3NDYxMXxpbWFnZS9qcGVnfGFEUXlMMmcyTkM4eE1UUTBNRFEwTVRReU5UazFNQzgxTWpkWGVEVXlOMGhmYm5Wc2JBfDQ0NzFhYWIyOTQzZjE5MGZhMTllZmVjOTBmZWEyZjkyZDZiODVjNzUwOGIwZjUyOWQ4MjI2N2ZlOThjYzBmMDM&v=1732572298944",
            "https://www.heinemann-shop.com/medias/527Wx527H-null?context=bWFzdGVyfGltYWdlc3w3NzgxMXxpbWFnZS9qcGVnfGFEWmhMMmcyWWk4eE1UUTBNRFEwTVRZMU5UTXlOaTgxTWpkWGVEVXlOMGhmYm5Wc2JBfDc0OGI5YjZmMWYzNmQ0YmU2MDU2ZjY2YmQzZDQwY2U4ZGRkZDU2YTBhNjU1NWQ3NTNlZTkzNzllODhlNTI2ZmU&v=1732572310492",
            "https://www.heinemann-shop.com/medias/527Wx527H-null?context=bWFzdGVyfGltYWdlc3w4ODc5M3xpbWFnZS9qcGVnfGFEa3hMMmczTWk4eE1UUTBNRFEwTVRnNE5EY3dNaTgxTWpkWGVEVXlOMGhmYm5Wc2JBfDk3MjBkNWQ0ZjA3ZTg4OGQ2NmM1ZTlmZGExNDAyOGMxMTUyMGFjMWM5MDhjYzIzZTViNDBjMWYzMjBlOTNjYjI&v=1732572322148"
        ]
    },
    {
        "product_url": "https://www.heinemann-shop.com/en/global/cartwright-butler/cartwright-butler-hazelnut-chocolate-truffles-180g/p/000000000001374212/",
        "brand_name": "Cartwright & Butler",
        "brand_url": "https://www.heinemann-shop.com/en/global/cartwright-butler/c/BRAND_6725/",
        "product_name": "Cartwright & Butler Hazelnut Chocolate Truffles 180g",
        "quantity": "0.18\u00a0kg",
        "price": "",
        "price_per_quantity": "(\u20ac105.50 / 1 kg)",
        "stock_availability": "",
        "description": "Indulgence truly comes in small packages. The dark, bitter-sweet cocoa dusting and chocolate shell of these truffles gives way to an intense centre of hazelnut ganache. There are dark berry and woody notes in here which would complement a full-bodied coffee and a roaring open fire. We can picture it now! Presented in a subtle clip-top tin, these truffles make the perfect gift for any chocolate connoisseur.",
        "primary_image": "https://www.heinemann-shop.com/medias/527Wx527H-null?context=bWFzdGVyfGltYWdlc3w1MjkxMXxpbWFnZS9qcGVnfGFHUmtMMmhpWXk4NU56WXpNakU0T0RRNU9ESXlMelV5TjFkNE5USTNTRjl1ZFd4c3wxODRjODkxODllODE4MWY2ZWQ3ODBkOThiODVlNzlhYzQwMDNiN2I4MjRlYWNkN2YxZWQyMTZhMzhjYjRjODJk&v=1683786616418",
        "images": []
    },
    {
        "product_url": "https://www.heinemann-shop.com/en/global/minde/minde-noettekos-peanuts-180g/p/000000000001368997/",
        "brand_name": "Minde",
        "brand_url": "https://www.heinemann-shop.com/en/global/minde/c/BRAND_5447/",
        "product_name": "Minde N\u00f8ttekos Peanuts 180g",
        "quantity": "0.18\u00a0kg",
        "price": "\u20ac4.50",
        "price_per_quantity": "(\u20ac25.00 / 1 kg)",
        "stock_availability": "",
        "description": "N\u00f8ttekos, Chocolate covered Peanuts 180g",
        "primary_image": "https://www.heinemann-shop.com/medias/527Wx527H-null?context=bWFzdGVyfGltYWdlc3w3MDM0M3xpbWFnZS9qcGVnfGFEaGtMMmhsWlM4NU56WXhNVFUzTkRnd05EYzRMelV5TjFkNE5USTNTRjl1ZFd4c3w0ZjVjZGIzNmUyNWZkYWJhZWJjM2I0ZTdlZTA2YTk0MGIzODkyZTcwYzU1ZmI3YzkzMTcxZWQ2NTRkMGIzYmQw&v=1683172557943",
        "images": []
    },
    {
        "product_url": "https://www.heinemann-shop.com/en/global/confiserie-felicitas/confiserie-felicitas-berlin-wall-trabbi-milk-chocolate-125g/p/000000000001193594/",
        "brand_name": "Confiserie Felicitas",
        "brand_url": "https://www.heinemann-shop.com/en/global/confiserie-felicitas/c/BRAND_2939/",
        "product_name": "Confiserie Felicitas, Berlin wall Trabbi, milk chocolate 125g",
        "quantity": "0.125\u00a0kg",
        "price": "\u20ac14.50",
        "price_per_quantity": "(\u20ac116.00 / 1 kg)",
        "stock_availability": "",
        "description": "Pure pleasure from natural raw materials, combined with individual handwork: thanks to the fall of the Berlin wall Belgian-Brandenburg chocolate history is written in Hornow since 1992. The Berlin wall has divided the German capital from 13th August 1961 until its opening on November the 9th 1989. These pieces of the wall made of delightful chocolate, symbolise the joy and hope of the reunification.",
        "primary_image": "https://www.heinemann-shop.com/medias/1193594-527Wx527H?context=bWFzdGVyfGltYWdlc3w4MjQzN3xpbWFnZS9qcGVnfGFXMWhaMlZ6TDJneU1DOW9ORGd2T1RNMU1Ua3pPREUzT1RFd01pNXFjR2N8Mzc5NTI5MmFmZThlNTk4MjVmZTUxNDhlZmQxZWQwYzZhMzVkMzNkOGM0NjE2Mzg0NGFhMzE4MmUxOTNmYjIwNA&v=1577758962756",
        "images": []
    },
    {
        "product_url": "https://www.heinemann-shop.com/en/global/minde/minde-noettekos-chocolate-covered-nuts-170g/p/000000000001140319/",
        "brand_name": "Minde",
        "brand_url": "https://www.heinemann-shop.com/en/global/minde/c/BRAND_5447/",
        "product_name": "Minde N\u00f8ttekos chocolate covered nuts 170g",
        "quantity": "0.17\u00a0kg",
        "price": "\u20ac4.50",
        "price_per_quantity": "(\u20ac26.47 / 1 kg)",
        "stock_availability": "",
        "description": "Minde N\u00f8tteblanding, chocolate covered nuts",
        "primary_image": "https://www.heinemann-shop.com/medias/527Wx527H-null?context=bWFzdGVyfGltYWdlc3w3NDk3MXxpbWFnZS9qcGVnfGFETTVMMmhsWVM4NU56WXhNVEk0TnpReU9UUXlMelV5TjFkNE5USTNTRjl1ZFd4c3xhZmMxOWU4ZDNiNDA4YzhkY2NlMDIxMWRlYjVlNDU3OWEzZjA4ODE1NTA0ZGFjYzQ1MWMxNDI5NTYyZmMyMzZm&v=1683158121973",
        "images": []
    },
    {
        "product_url": "https://www.heinemann-shop.com/en/global/cartwright-butler/c-b-salted-caramel-biscuits-200g/p/000000000001259558/",
        "brand_name": "Cartwright & Butler",
        "brand_url": "https://www.heinemann-shop.com/en/global/cartwright-butler/c/BRAND_6725/",
        "product_name": "C&B Salted Caramel Biscuits 200g",
        "quantity": "0.2\u00a0kg",
        "price": "",
        "price_per_quantity": "(\u20ac89.95 / 1 kg)",
        "stock_availability": "",
        "description": "These sophisticated biscuits are elegantly delicious. Lovely with a nice cup of earl grey tea, we\u2019ve also been known to crumble them over plain vanilla ice cream.",
        "primary_image": "https://www.heinemann-shop.com/medias/527Wx527H-null?context=bWFzdGVyfGltYWdlc3w2MzUwNHxpbWFnZS9qcGVnfGFHUTRMMmhqTWk4NU56WXpNVGMwTWpFNU9EQTJMelV5TjFkNE5USTNTRjl1ZFd4c3xjZjljZTIxY2Q2YzY2MGI2YmJjNDY3YzMxOGQ1ODY4M2MwYzFmMWY5MTEwNmJjYjJjNDZhYjBiODZhYmYxYmRm&v=1683782723319",
        "images": []
    },
    {
        "product_url": "https://www.heinemann-shop.com/en/global/wrigley-s/wrigley-s-extra-white-sweet-mint-multipack-30x10-pallets/p/000000000001026523/",
        "brand_name": "Wrigley's",
        "brand_url": "https://www.heinemann-shop.com/en/global/wrigley-s/c/BRAND_2063/",
        "product_name": "Wrigley's Extra White Sweet Mint multipack 30x10 pallets",
        "quantity": "0.42\u00a0kg",
        "price": "\u20ac26.90",
        "price_per_quantity": "(\u20ac64.05 / 1 kg)",
        "stock_availability": "",
        "description": "From doughnuts to sandwiches and from orange juice to coffee, our days are filled with essentials, treats and pick me ups. Whilst food and drink are necessary and enjoyable ways of getting us through the day, they can leave a lingering effect on our teeth and mouth. Whatever you eat and drink, chewing Wrigley\u2019s Extra sugarfree gum helps keep your teeth clean and your mouth fresh. Enjoy this fruity mint flavour of Extra Sweet Mint!",
        "primary_image": "https://www.heinemann-shop.com/medias/527Wx527H-null?context=bWFzdGVyfGltYWdlc3w3ODc0NnxpbWFnZS9qcGVnfGFEQmpMMmd3WVM4eE1EVXlOVEF6TlRZeU5qVXlOaTgxTWpkWGVEVXlOMGhmYm5Wc2JBfGQyYTNkNjRlODNkZWRlOTE0NDIwODUxN2UzYTIyMjc5NDhmODY0NDUyNjZhNGM2MzY4NjkwNjEwNWM1ZTQ5NTU&v=1712178776840",
        "images": []
    },
    {
        "product_url": "https://www.heinemann-shop.com/en/global/wrigley-s/wrigley-s-extra-spearmint-multipack-30x10-pallets/p/000000000001026521/",
        "brand_name": "Wrigley's",
        "brand_url": "https://www.heinemann-shop.com/en/global/wrigley-s/c/BRAND_2063/",
        "product_name": "Wrigley's Extra Spearmint multipack 30x10 pallets",
        "quantity": "0.42\u00a0kg",
        "price": "\u20ac26.90",
        "price_per_quantity": "(\u20ac64.05 / 1 kg)",
        "stock_availability": "",
        "description": "From doughnuts to sandwiches and from orange juice to coffee, our days are filled with essentials, treats and pick me ups. Whilst food and drink are necessary and enjoyable ways of getting us through the day, they can leave a lingering effect on our teeth and mouth. Whatever you eat and drink, chewing Wrigley\u2019s Extra sugarfree gum helps keep your teeth clean and your mouth fresh. Enjoy the classic Spearmint flavour!",
        "primary_image": "https://www.heinemann-shop.com/medias/527Wx527H-null?context=bWFzdGVyfGltYWdlc3w0NzQwMnxpbWFnZS9qcGVnfGFETXhMMmhrTnk4NU9EQXdPRFU1TXpJd016VXdMelV5TjFkNE5USTNTRjl1ZFd4c3xlYjkzMjhhMjE1N2IzM2NlYzI0NmI3ODA5NmJlZDFhZDhhZWMwMDUzYWQ5ZjJhZDkxNWRjNzkzMDA0YTUyNGUz&v=1691465727597",
        "images": []
    },
    {
        "product_url": "https://www.heinemann-shop.com/en/global/wrigley-s/wrigley-s-extra-eucalyptus-multipack-30x10-pallets/p/000000000001026522/",
        "brand_name": "Wrigley's",
        "brand_url": "https://www.heinemann-shop.com/en/global/wrigley-s/c/BRAND_2063/",
        "product_name": "Wrigley's Extra Eucalyptus multipack 30x10 pallets",
        "quantity": "0.42\u00a0kg",
        "price": "\u20ac26.90",
        "price_per_quantity": "(\u20ac64.05 / 1 kg)",
        "stock_availability": "",
        "description": "From doughnuts to sandwiches and from orange juice to coffee, our days are filled with essentials, treats and pick me ups. Whilst food and drink are necessary and enjoyable ways of getting us through the day, they can leave a lingering effect on our teeth and mouth. Whatever you eat and drink, chewing Wrigley\u2019s Extra sugarfree gum helps keep your teeth clean and your mouth fresh. The strong EUCALYPTUS flavoured gum will make your mouth feel fresh!",
        "primary_image": "https://www.heinemann-shop.com/medias/527Wx527H-null?context=bWFzdGVyfGltYWdlc3w0NTI3N3xpbWFnZS9qcGVnfGFERTJMMmczT1M4eE1EVXlOVEkxTkRNMU1qa3lOaTgxTWpkWGVEVXlOMGhmYm5Wc2JBfDA2Nzg0MzM4MDUyMjVhNzVhMGMxMWVjZGY1ZjA3YjYwMTcwNjYwMzllNzVhZWJlYzliNzRmNTVmYTAxNWFlMDA&v=1712180931856",
        "images": []
    },
    {
        "product_url": "https://www.heinemann-shop.com/en/global/malaco/malaco-djungelvraal-450g/p/000000000000730558/",
        "brand_name": "Malaco",
        "brand_url": "https://www.heinemann-shop.com/en/global/malaco/c/BRAND_2915/",
        "product_name": "Malaco Djungelvr\u00e5l 450g",
        "quantity": "0.45\u00a0kg",
        "price": "\u20ac7.90",
        "price_per_quantity": "(\u20ac17.56 / 1 kg)",
        "stock_availability": "",
        "description": "Bag from Malaco with small pieces of salty licorice shaped as little jungle animals covered in a light dusting of ammonia salt. Only available at Duty Free.",
        "primary_image": "https://www.heinemann-shop.com/medias/527Wx527H-null?context=bWFzdGVyfGltYWdlc3wxOTc2NTV8aW1hZ2UvanBlZ3xhREl3TDJnd05DOHhNVEk0TlRVMU1ERXpOek0zTkM4MU1qZFhlRFV5TjBoZmJuVnNiQXw2NGY4NDAwNmMxODU2Njc4ZDAyMmQzNjJkZTMwYzA0NjQ2YzdjMTk3MGZiMWM3OTg1YjhjMGRjYTBlMmViNmM5&v=1729314262827",
        "images": []
    },
    {
        "product_url": "https://www.heinemann-shop.com/en/global/laekerol/laekerol-cactus-4-pack-4x25g/p/000000000001129028/",
        "brand_name": "L\u00e4kerol",
        "brand_url": "https://www.heinemann-shop.com/en/global/laekerol/c/BRAND_4802/",
        "product_name": "L\u00e4kerol Cactus 4-pack 4x25g",
        "quantity": "0.1\u00a0kg",
        "price": "\u20ac5.90",
        "price_per_quantity": "(\u20ac59.00 / 1 kg)",
        "stock_availability": "",
        "description": "L\u00e4kerol was introduced in Sweden in 1909 and has now been a beloved classic for over 100 years. The well-known pastille carries with it a long history that has survived two world wars, been delivered in a gold box to royalty and sponsored Sweden's first glider. L\u00e4kerol are liqourice or fruity sugar-free and vegan pastilles that freshens the breath. There's a broad selection of flavours for any liking. L\u00e4kerol - Makes people talk.",
        "primary_image": "https://www.heinemann-shop.com/medias/527Wx527H-null?context=bWFzdGVyfGltYWdlc3w3OTEwMnxpbWFnZS9qcGVnfGFETmpMMmhoWXk4eE1USTROVFUzTkRZME56Z3pPQzgxTWpkWGVEVXlOMGhmYm5Wc2JBfGM1ZDhlODY5MTI2OTkzMzA3NDZmMTI2N2ZmNzUxZTNlNTQ3ZTYwOWEzMjc4MDE3NTQ2MjBkOWNlMjQxNTIwNDM&v=1729316276312",
        "images": [
            "https://www.heinemann-shop.com/medias/527Wx527H-null?context=bWFzdGVyfGltYWdlc3w3OTEwMnxpbWFnZS9qcGVnfGFETmpMMmhoWXk4eE1USTROVFUzTkRZME56Z3pPQzgxTWpkWGVEVXlOMGhmYm5Wc2JBfGM1ZDhlODY5MTI2OTkzMzA3NDZmMTI2N2ZmNzUxZTNlNTQ3ZTYwOWEzMjc4MDE3NTQ2MjBkOWNlMjQxNTIwNDM&v=1729316276312",
            "https://www.heinemann-shop.com/medias/527Wx527H-null?context=bWFzdGVyfGltYWdlc3w3OTI2M3xpbWFnZS9qcGVnfGFHUTNMMmd4Wmk4eE1USTROVFkzT0RVeU1qTTVPQzgxTWpkWGVEVXlOMGhmYm5Wc2JBfDM2ZDY0N2Q0YjA5YzgzM2Y2ZjNlNGUyMTMxMWI3MWJkYTgxYjczM2M3ZDkwZDMxZjdhNzliOWE0NGJkOTk3YTk&v=1729316724032"
        ]
    },
    {
        "product_url": "https://www.heinemann-shop.com/en/global/panda/panda-choco-lakrits-330g/p/000000000001372519/",
        "brand_name": "Panda",
        "brand_url": "https://www.heinemann-shop.com/en/global/panda/c/BRAND_2484/",
        "product_name": "Panda Choco & Lakrits 330g",
        "quantity": "0.33\u00a0kg",
        "price": "\u20ac7.90",
        "price_per_quantity": "(\u20ac23.94 / 1 kg)",
        "stock_availability": "",
        "description": "Salty licorice and milk chocolate covered with licorice root powder combines perfectly Panda\u2019s long heritage and knowhow in licorice and chocolate making. After the delicious powder melts in the mouth the silky milk chocolate is revealed together with the salty licorice heart. Perfect multi-layered delicacy.",
        "primary_image": "https://www.heinemann-shop.com/medias/1372519-527Wx527H?context=bWFzdGVyfGltYWdlc3w3ODM2MXxpbWFnZS9qcGVnfGFEUTBMMmd4WWk4NU5qZzBNREUxT1RNNU5qRTBMekV6TnpJMU1UbGZOVEkzVjNnMU1qZEl8MDFjODY3NmM3MDIwNjQ1OWE4ZGJkM2E3YTQxZjEyMzc1MzE2ODlmZmMxNDQ1NGIxOGJlY2IwZmU1ZDY4NWJkYg&v=1653086275131",
        "images": []
    },
    {
        "product_url": "https://www.heinemann-shop.com/en/global/konditorei-groissboeck/groissboeck-christstollen-700g/p/000000000001240832/",
        "brand_name": "Konditorei Groissb\u00f6ck",
        "brand_url": "https://www.heinemann-shop.com/en/global/konditorei-groissboeck/c/BRAND_3779/",
        "product_name": "Groissb\u00f6ck Christstollen 700g",
        "quantity": "0.7\u00a0kg",
        "price": "\u20ac18.99",
        "price_per_quantity": "(\u20ac27.13 / 1 kg)",
        "stock_availability": "",
        "description": "Christstollen from Austria.",
        "primary_image": "",
        "images": []
    },
    {
        "product_url": "https://www.heinemann-shop.com/en/global/cavendish-harvey/cavendish-harvey-fruit-candies-220g/p/000000000001312512/",
        "brand_name": "Cavendish & Harvey",
        "brand_url": "https://www.heinemann-shop.com/en/global/cavendish-harvey/c/BRAND_0437/",
        "product_name": "Cavendish & Harvey Fruit Candies 220g",
        "quantity": "0.22\u00a0kg",
        "price": "\u20ac5.30",
        "price_per_quantity": "(\u20ac24.09 / 1 kg)",
        "stock_availability": "",
        "description": "Discover premium drops in a new travel retail exclusive packaging. The three favourite flavours Sour Cherry, Sour Lemon and Fruity Orange are available individually wrapped in a convenient 220g bag. Perfectly made for snacking whilst travelling.",
        "primary_image": "https://www.heinemann-shop.com/medias/527Wx527H-null?context=bWFzdGVyfGltYWdlc3w2ODQxM3xpbWFnZS9qcGVnfGFEVmpMMmc0T0M4NU56WXhNVFV4TURJMU1UZ3lMelV5TjFkNE5USTNTRjl1ZFd4c3xiMGE4NzZjZGFhNzFlOTk0N2JkMTdiMTUzZTVjZjE3OTIwNzRlZDZjMzQyMTEyNDJlOWQ5YmMwMDRiMjRmNjRm&v=1683169817357",
        "images": []
    },
    {
        "product_url": "https://www.heinemann-shop.com/en/global/panda/panda-licoricemix-original-400g/p/000000000001187018/",
        "brand_name": "Panda",
        "brand_url": "https://www.heinemann-shop.com/en/global/panda/c/BRAND_2484/",
        "product_name": "Panda Licoricemix Original 400g",
        "quantity": "0.4\u00a0kg",
        "price": "\u20ac6.90",
        "price_per_quantity": "(\u20ac17.25 / 1 kg)",
        "stock_availability": "",
        "description": "Seven delicious flavours in one bag. True favourites for every taste.",
        "primary_image": "https://www.heinemann-shop.com/medias/527Wx527H-null?context=bWFzdGVyfGltYWdlc3w3MjY4MXxpbWFnZS9qcGVnfGFHUmlMMmhpTXk4eE1UUTJPVFkyTXpjMk5EVXhNQzgxTWpkWGVEVXlOMGhmYm5Wc2JBfDMyNjg5NzdhOTY5ZDRhZGNjY2VkNTRjNzZkZDllM2EwZjIwNjc0NmY5NjJjYzQ5MTdhMTY4ZDllZDMyOTE1ZWQ&v=1733261618541",
        "images": []
    },
    {
        "product_url": "https://www.heinemann-shop.com/en/global/cloetta/cloetta-bridge-blanding-high-quality-chocolate-mix-360g/p/000000000001311036/",
        "brand_name": "Cloetta",
        "brand_url": "https://www.heinemann-shop.com/en/global/cloetta/c/BRAND_1266/",
        "product_name": "Cloetta Bridge Blanding - high quality chocolate mix 360g",
        "quantity": "0.36\u00a0kg",
        "price": "\u20ac10.90",
        "price_per_quantity": "(\u20ac30.28 / 1 kg)",
        "stock_availability": "",
        "description": "Bridge is a generous mix of nine delicious personalities that suit you perfectly whenever you want to treat yourself or if you have guests",
        "primary_image": "https://www.heinemann-shop.com/medias/527Wx527H-null?context=bWFzdGVyfGltYWdlc3w3NTI2N3xpbWFnZS9qcGVnfGFEVTNMMmhrTWk4eE1USTROVGcwTlRrMk5qZzNPQzgxTWpkWGVEVXlOMGhmYm5Wc2JBfDg4MjYzYjhhNjc3YzU0MjI3ODg0YjIxN2MwZmFmMTQ3YmEyNWE0YTIxOGExNTkwYjMyYzIwMzk3NTgyOTQyOGE&v=1729318948799",
        "images": []
    },
    {
        "product_url": "https://www.heinemann-shop.com/en/global/laban/laban-jelly-man-400g/p/000000000000433279/",
        "brand_name": "Laban",
        "brand_url": "https://www.heinemann-shop.com/en/global/laban/c/BRAND_5436/",
        "product_name": "Laban jelly-man 400g",
        "quantity": "0.4\u00a0kg",
        "price": "\u20ac4.90",
        "price_per_quantity": "(\u20ac12.25 / 1 kg)",
        "stock_availability": "",
        "description": "Laban are sweet and chewy jelly figures sprinkled with sugar.",
        "primary_image": "https://www.heinemann-shop.com/medias/433279-527Wx527H?context=bWFzdGVyfGltYWdlc3wxMDQyNDZ8aW1hZ2UvanBlZ3xhRGMyTDJnd09TODVOamd6T0RNek9EZ3dOakEyTHpRek16STNPVjgxTWpkWGVEVXlOMGd8NTcwNjY2YTMzNmNkYzNkNmEwZTRjMmU2ZDA2NDAxNTdiYmZkZDU0OTM0MzA4ZTBkN2EyOWIxNGViM2ViZWUzYw&v=1653079739011",
        "images": []
    },
    {
        "product_url": "https://www.heinemann-shop.com/en/global/toms/toms-heksehyl-bag-375g/p/000000000001305151/",
        "brand_name": "Toms",
        "brand_url": "https://www.heinemann-shop.com/en/global/toms/c/BRAND_0327/",
        "product_name": "Toms Heksehyl Bag 375g",
        "quantity": "0.375\u00a0kg",
        "price": "\u20ac5.90",
        "price_per_quantity": "(\u20ac15.73 / 1 kg)",
        "stock_availability": "",
        "description": "Filled liquorice with salmiac",
        "primary_image": "https://www.heinemann-shop.com/medias/527Wx527H-null?context=bWFzdGVyfGltYWdlc3w5ODM2NHxpbWFnZS9qcGVnfGFEaGtMMmhtTmk4eE1USTROVFk1TmpnM01qUTNPQzgxTWpkWGVEVXlOMGhmYm5Wc2JBfDRmMzRiNDViZDE3YzJiOTA4ZDQyNmY3YjY3YmY3ZDY3ZDAyZjI3NjE1MWFlNTJhNmMzODFlMTk2MGRlNmMzY2Y&v=1729318385314",
        "images": []
    },
    {
        "product_url": "https://www.heinemann-shop.com/en/global/cartwright-butler/cartwright-butler-salted-caramel-fudge-tin-175g/p/000000000001259562/",
        "brand_name": "Cartwright & Butler",
        "brand_url": "https://www.heinemann-shop.com/en/global/cartwright-butler/c/BRAND_6725/",
        "product_name": "Cartwright & Butler Salted Caramel Fudge Tin 175g",
        "quantity": "0.175\u00a0kg",
        "price": "",
        "price_per_quantity": "(\u20ac77.09 / 1 kg)",
        "stock_availability": "",
        "description": "Divine caramel fudge infused with sea salt. No additives or preservatives.",
        "primary_image": "https://www.heinemann-shop.com/medias/527Wx527H-null?context=bWFzdGVyfGltYWdlc3w1OTQ3MXxpbWFnZS9qcGVnfGFEZzVMMmhpTkM4NU56WXpNVGMwTmpjNE5UVTRMelV5TjFkNE5USTNTRjl1ZFd4c3xlOGVmYzZlMTM5YzBiYmY2ZWQzMDE2YzZhNzY5NGRhOTc4YjQxYjdkMzJhNTZhYjUwY2RmODFhNGJhMjBiZGRm&v=1683782729753",
        "images": []
    },
    {
        "product_url": "https://www.heinemann-shop.com/en/global/panda/panda-soft-fresh-licorice-original-550g/p/000000000001187019/",
        "brand_name": "Panda",
        "brand_url": "https://www.heinemann-shop.com/en/global/panda/c/BRAND_2484/",
        "product_name": "Panda Soft&Fresh Licorice Original 550g",
        "quantity": "0.55\u00a0kg",
        "price": "\u20ac6.90",
        "price_per_quantity": "(\u20ac12.55 / 1 kg)",
        "stock_availability": "",
        "description": "Soft, delicious liquorice made with the traditional cooking method. Guaranteed to satisfy any cravings for liquorice.",
        "primary_image": "https://www.heinemann-shop.com/medias/1187019-527Wx527H?context=bWFzdGVyfGltYWdlc3w3MzMxOXxpbWFnZS9qcGVnfGFHVmhMMmhoWXk4NU5qZ3pPVE15TURnMk16QXlMekV4T0Rjd01UbGZOVEkzVjNnMU1qZEl8MWJmMDA3NzdjMTRjZTA0YWJkYjIxZmYwOGY1YzJhNjkzNDg2YzQ1ZjkyY2VjMzg0N2Q3NGFiYjRmMDA2ZGQ5Nw&v=1653082835926",
        "images": []
    },
    {
        "product_url": "https://www.heinemann-shop.com/en/global/toblerone/toblerone-tiny-mix-bag-272g/p/000000000001306107/",
        "brand_name": "Toblerone",
        "brand_url": "https://www.heinemann-shop.com/en/global/toblerone/c/BRAND_0485/",
        "product_name": "Toblerone Tiny Mix Bag 272g",
        "quantity": "0.272\u00a0kg",
        "price": "\u20ac13.49",
        "price_per_quantity": "(\u20ac49.60 / 1 kg)",
        "stock_availability": "",
        "description": "Enjoy delicious moments with Toblerone Tiny! This shiny golden bag contains 34 individually wrapped pieces of delicious Toblerone Milk, White and Dark Chocolate with honey and almond nougat in miniature 8g sized bars - great for sharing with family and friends or as a gift to bring home from a trip abroad. Made in Switzerland and exclusively available in travel retail (272g).",
        "primary_image": "https://www.heinemann-shop.com/medias/527Wx527H-null?context=bWFzdGVyfGltYWdlc3w3NjU4MHxpbWFnZS9qcGVnfGFEVTNMMmcyTlM4eE1EVTVNRE15TXpBeE5UY3hNQzgxTWpkWGVEVXlOMGhmYm5Wc2JBfDhmMTVmM2U5MDgzYTk4ZmJkOTc4MWRhYTEyYTRhMzQ0MTQ4ZjViY2U3MDA1MjNhMjQyNDViYWUxNGU3M2QxOGY&v=1713867622885",
        "images": [
            "https://www.heinemann-shop.com/medias/527Wx527H-null?context=bWFzdGVyfGltYWdlc3w3NjU4MHxpbWFnZS9qcGVnfGFEVTNMMmcyTlM4eE1EVTVNRE15TXpBeE5UY3hNQzgxTWpkWGVEVXlOMGhmYm5Wc2JBfDhmMTVmM2U5MDgzYTk4ZmJkOTc4MWRhYTEyYTRhMzQ0MTQ4ZjViY2U3MDA1MjNhMjQyNDViYWUxNGU3M2QxOGY&v=1713867622885",
            "https://www.heinemann-shop.com/medias/527Wx527H-null?context=bWFzdGVyfGltYWdlc3w3NjcyNnxpbWFnZS9qcGVnfGFEVXhMMmhqTXk4eE1EVTVNRE15TlRFME5UWXpNQzgxTWpkWGVEVXlOMGhmYm5Wc2JBfGVlZGI4NTk2NzM4NTgxM2NmZTRhZGQ0ZmIyYTM5NWY5Y2VhNjI1OGFkMjI4NDFmZTM0NDJiNTdjZTliZTBmNTY&v=1713867790617",
            "https://www.heinemann-shop.com/medias/527Wx527H-null?context=bWFzdGVyfGltYWdlc3w2Nzg3NnxpbWFnZS9qcGVnfGFHTXhMMmhpT0M4eE1EVTVNRE15TlRRM016TXhNQzgxTWpkWGVEVXlOMGhmYm5Wc2JBfDMyNDViNWU3NzI1MDk4NDUxMDQyMTZiOTc3ZDNkMGIyOWYxYzcyOGYzM2FhZjhjNmQ5MTNhNTk2YzRhYzk4MDU&v=1713867798753"
        ]
    },
    {
        "product_url": "https://www.heinemann-shop.com/en/global/anthon-berg/anthon-berg-raspberry-in-orange-liqueur-440g/p/000000000001187276/",
        "brand_name": "Anthon Berg",
        "brand_url": "https://www.heinemann-shop.com/en/global/anthon-berg/c/BRAND_0604/",
        "product_name": "Anthon Berg Raspberry in Orange Liqueur 440g",
        "quantity": "0.44\u00a0kg",
        "price": "\u20ac15.90",
        "price_per_quantity": "(\u20ac36.14 / 1 kg)",
        "stock_availability": "",
        "description": "Anthon Berg Chocolate with marzipan and filling with Raspberry in Orange Liqueur.",
        "primary_image": "https://www.heinemann-shop.com/medias/527Wx527H-null?context=bWFzdGVyfGltYWdlc3w1NTE0MHxpbWFnZS9qcGVnfGFEY3lMMmhrTkM4NU56ZzNNRGN4TkRZek5EVTBMelV5TjFkNE5USTNTRjl1ZFd4c3xkZGI5M2JlNDBkYzdmMWQ1MWM2ZGU3YTYwY2I4ZWFjYmRmYTJlMWNmYzQ0ZDc0MGZkOWJhZmRiZjhkZjkzNzRl&v=1689276626895",
        "images": []
    },
    {
        "product_url": "https://www.heinemann-shop.com/en/global/ga-jol/ga-jol-blue-8pack-184g/p/000000000000863642/",
        "brand_name": "Ga-Jol",
        "brand_url": "https://www.heinemann-shop.com/en/global/ga-jol/c/BRAND_2059/",
        "product_name": "Ga-Jol Blue 8Pack 184g",
        "quantity": "0.184\u00a0kg",
        "price": "\u20ac7.90",
        "price_per_quantity": "(\u20ac42.93 / 1 kg)",
        "stock_availability": "",
        "description": "Ga-Jol are ideal for clearing your throat and refreshing your breath. The blue Ga-Jol are mild and fresh liquorice pastilles with a touch of menthol - available since 1933.",
        "primary_image": "https://www.heinemann-shop.com/medias/527Wx527H-null?context=bWFzdGVyfGltYWdlc3w2Mzg2MHxpbWFnZS9qcGVnfGFHVmlMMmhoWlM4NU56ZzJPVFU0T1Rjd09URXdMelV5TjFkNE5USTNTRjl1ZFd4c3xkY2JkNjdhZWMxNWNjZjI1OGQ1NjlhNGIzOGIxNTYxZjEyMGVlYTg3OGJjM2Y0YjBmODcwYWVmODVjNDM2YWNh&v=1689264912074",
        "images": []
    },
    {
        "product_url": "https://www.heinemann-shop.com/en/global/anthon-berg/anthon-berg-opera-mints-300g/p/000000000001319787/",
        "brand_name": "Anthon Berg",
        "brand_url": "https://www.heinemann-shop.com/en/global/anthon-berg/c/BRAND_0604/",
        "product_name": "Anthon Berg Opera Mints 300g",
        "quantity": "0.3\u00a0kg",
        "price": "\u20ac8.50",
        "price_per_quantity": "(\u20ac28.33 / 1 kg)",
        "stock_availability": "",
        "description": "Anthon Berg Opera Mints is a delightful combination of sugar coated chocolates with taste of peppermint and mint",
        "primary_image": "https://www.heinemann-shop.com/medias/527Wx527H-null?context=bWFzdGVyfGltYWdlc3w2NTczOXxpbWFnZS9qcGVnfGFEUmhMMmd6TXk4NU56ZzNNRGs1TnpjMU1EQTJMelV5TjFkNE5USTNTRjl1ZFd4c3xkOThhZGZkYTY5Y2Q2ZDQzYjZjZDBmMTBiNDJiZTQ0OWNmNWVlMzdjZDMwMzUzZGU3ZDlkNzIyMTYzYjliOGI1&v=1689284460185",
        "images": []
    },
    {
        "product_url": "https://www.heinemann-shop.com/en/global/wrigley-s/wrigley-s-extra-white-sweet-fruit-multipack-30x10-pallets/p/000000000001026524/",
        "brand_name": "Wrigley's",
        "brand_url": "https://www.heinemann-shop.com/en/global/wrigley-s/c/BRAND_2063/",
        "product_name": "Wrigley's Extra White Sweet Fruit multipack 30x10 pallets",
        "quantity": "0.42\u00a0kg",
        "price": "\u20ac26.90",
        "price_per_quantity": "(\u20ac64.05 / 1 kg)",
        "stock_availability": "",
        "description": "From doughnuts to sandwiches and from orange juice to coffee, our days are filled with essentials, treats and pick me ups. Whilst food and drink are necessary and enjoyable ways of getting us through the day, they can leave a lingering effect on our teeth and mouth. Whatever you eat and drink, chewing Wrigley\u2019s Extra sugarfree gum helps keep your teeth clean and your mouth fresh. Enjoy the fruity flavour of Extra Sweet Fruit!",
        "primary_image": "https://www.heinemann-shop.com/medias/527Wx527H-null?context=bWFzdGVyfGltYWdlc3w0NDI0M3xpbWFnZS9qcGVnfGFHVmxMMmczTVM4eE1EVXlOVEkxTkRVNE1qTXdNaTgxTWpkWGVEVXlOMGhmYm5Wc2JBfDg5M2U3NDIzOTI0ODQ3OWNjYjhlOTU0MmRmNjk1ZDVkNDA4M2MwYmNjNGVkODAyNjRjYTBmNzQ3NTY2OWI4YWE&v=1712180943666",
        "images": []
    },
    {
        "product_url": "https://www.heinemann-shop.com/en/global/barebells/barebells-soft-peanut-caramel-55g/p/000000000001685891/",
        "brand_name": "Barebells",
        "brand_url": "https://www.heinemann-shop.com/en/global/barebells/c/BRAND_9186/",
        "product_name": "Barebells Soft Peanut Caramel 55g",
        "quantity": "0.055\u00a0kg",
        "price": "\u20ac3.90",
        "price_per_quantity": "(\u20ac70.91 / 1 kg)",
        "stock_availability": "",
        "description": "Crunchy, salted peanuts meet creamy caramel and smooth milk chocolate. The Barebells Salted Peanut Caramel Softbar offers 16 grams of protein, no added sugar and is the third bar in the Softbar family. It is considered the \u201cmost wanted\u201d and is a perfect snack on the go. Loved by everyone - except nut allergy sufferers. Barebells helps when hunger strikes. Your new favorite bar is waiting!",
        "primary_image": "https://www.heinemann-shop.com/medias/527Wx527H-null?context=bWFzdGVyfGltYWdlc3w0OTA5NXxpbWFnZS9qcGVnfGFESTJMMmhtTmk4eE1UWTVNVFl4T0RZek1UY3hNQzgxTWpkWGVEVXlOMGhmYm5Wc2JBfGQ5OTk0NjY3OTBhZTZkZDc4NjI2Y2YwOWQ5YjdhNGM2ZWM1ZGQzNWNiNTg3MDJhNjU0YWRmMjI5YWM5NjZhNjI&v=1738015641632",
        "images": []
    },
    {
        "product_url": "https://www.heinemann-shop.com/en/global/smash/smash-milk-chocolate-tablet-with-pieces-of-salty-and-crunchy-maize-snacks/p/000000000001667740/",
        "brand_name": "Smash",
        "brand_url": "https://www.heinemann-shop.com/en/global/smash/c/BRAND_5464/",
        "product_name": "Smash! milk chocolate tablet with pieces of salty and crunchy maize snacks",
        "quantity": "0.15\u00a0kg",
        "price": "\u20ac4.30",
        "price_per_quantity": "(\u20ac28.67 / 1 kg)",
        "stock_availability": "",
        "description": "Smash! Storplate 150g is the beloved original Smash! as a chocolate tablet. Sweet, salty and crunchy chocolate.",
        "primary_image": "https://www.heinemann-shop.com/medias/527Wx527H-null?context=bWFzdGVyfGltYWdlc3wzMjk1OHxpbWFnZS9qcGVnfGFHTTRMMmd4Tmk4eE1USTVPVEEwT1RJME1qWTFOQzgxTWpkWGVEVXlOMGhmYm5Wc2JBfGNkZmRiNTAyYjAxM2NjMDAwN2ZlODNiMzUxMjEyOTI2Y2JlNmI1NDNiOGE3ZjMyODY2NTgyYjg1OGY0NDllZWQ&v=1729551872645",
        "images": []
    },
    {
        "product_url": "https://www.heinemann-shop.com/en/global/bamsemums/bamsemums-chocolate-covered-banana-marshmallow-400g/p/000000000000901766/",
        "brand_name": "Bamsemums",
        "brand_url": "https://www.heinemann-shop.com/en/global/bamsemums/c/BRAND_6801/",
        "product_name": "Bamsemums chocolate covered banana marshmallow 400g",
        "quantity": "0.4\u00a0kg",
        "price": "\u20ac7.50",
        "price_per_quantity": "(\u20ac18.75 / 1 kg)",
        "stock_availability": "",
        "description": "Marshmallow bears covered with milk chocolate.",
        "primary_image": "https://www.heinemann-shop.com/medias/901766-527Wx527H?context=bWFzdGVyfGltYWdlc3w3NzE5NXxpbWFnZS9qcGVnfGFEUXlMMmhrTUM4NU5qZ3pPRGN6TVRBek9UQXlMemt3TVRjMk5sODFNamRYZURVeU4wZ3wzYjE1MzhhMTczMjQzNzc5YTQ5MTlhMDFmZjZjMzQ5YzIyYzEwNDE5MGViZThkNDdmNGEwYzRmMTg0MjY4NGE3&v=1653080702407",
        "images": []
    },
    {
        "product_url": "https://www.heinemann-shop.com/en/global/cavendish-harvey/c-h-mixed-fruit-drops-cny-200g/p/000000000001658703/",
        "brand_name": "Cavendish & Harvey",
        "brand_url": "https://www.heinemann-shop.com/en/global/cavendish-harvey/c/BRAND_0437/",
        "product_name": "C&H Mixed Fruit Drops CNY 200g",
        "quantity": "0.2\u00a0kg",
        "price": "\u20ac3.70",
        "price_per_quantity": "(\u20ac18.50 / 1 kg)",
        "stock_availability": "",
        "description": "Our best seller: fine lemon, cherry, blackberry, orange and pear flavours combine to bring your taste buds to life. Made with real fruit juice, dusted with icing sugar and sealed in a premium gold tin for the highest quality freshness.",
        "primary_image": "https://www.heinemann-shop.com/medias/527Wx527H-null?context=bWFzdGVyfGltYWdlc3w5MDg3M3xpbWFnZS9qcGVnfGFHSTVMMmhoT1M4eE1Ea3hORFkzTURZd09EUXhOQzgxTWpkWGVEVXlOMGhmYm5Wc2JBfGY4NzJmYzJkN2FiMjVkNDFlOTQ3M2M3NzQzMzBiOGVhNjU3OWIzYTg1YjUzYmQ4NDJmYjFhMDQ4YTRlNDhhZGM&v=1721765616309",
        "images": []
    },
    {
        "product_url": "https://www.heinemann-shop.com/en/global/chocome/chocome-carre-milk-chocolate-with-golden-coloured-chocolate-egg-with-freeze-dried-strawberry-pieces/p/000000000001657044/",
        "brand_name": "ChocoMe",
        "brand_url": "https://www.heinemann-shop.com/en/global/chocome/c/BRAND_3312/",
        "product_name": "chocoMe Carr\u00e9 - Milk chocolate with golden coloured chocolate egg, with freeze-dried strawberry pieces",
        "quantity": "0.05\u00a0kg",
        "price": "\u20ac7.50",
        "price_per_quantity": "(\u20ac150.00 / 1 kg)",
        "stock_availability": "",
        "description": "chocoMe Carr\u00e9 - Milk chocolate with golden coloured chocolate egg, with freeze-dried strawberry pieces",
        "primary_image": "https://www.heinemann-shop.com/medias/527Wx527H-null?context=bWFzdGVyfGltYWdlc3w2MDY1MHxpbWFnZS9qcGVnfGFESXhMMmd3WXk4eE1UUTBNRFEwTlRRNE9URTRNaTgxTWpkWGVEVXlOMGhmYm5Wc2JBfDdiZmE2ZThhODQ5OGRhOGIxMWE3ZGQzMjgwNTE4OWM0MzMxZDU3MTU0ZGZiYmY1NzJhMTc2NDM2ODgwMmZlYWY&v=1732572541922",
        "images": []
    },
    {
        "product_url": "https://www.heinemann-shop.com/en/global/anthon-berg/anthon-berg-pure-raw-marzipan-500g/p/000000000000886721/",
        "brand_name": "Anthon Berg",
        "brand_url": "https://www.heinemann-shop.com/en/global/anthon-berg/c/BRAND_0604/",
        "product_name": "Anthon Berg Pure Raw Marzipan 500g",
        "quantity": "0.5\u00a0kg",
        "price": "\u20ac11.50",
        "price_per_quantity": "(\u20ac23.00 / 1 kg)",
        "stock_availability": "",
        "description": "Anthon Berg Pure Raw Marzipan",
        "primary_image": "https://www.heinemann-shop.com/medias/527Wx527H-null?context=bWFzdGVyfGltYWdlc3wyNzYyMHxpbWFnZS9qcGVnfGFHTmlMMmd6T1M4NU56ZzJPVFUyTXpFMk56QXlMelV5TjFkNE5USTNTRjl1ZFd4c3w4ZGM5MjI3OGM5Y2QxZmJjOTU1ODQ0NzllZWM4ODMyNzBlOTQyNDQ4NjM3YTNlZWQ2ZTZjYWE4NTc0NjBlNTg5&v=1689264012183",
        "images": []
    },
    {
        "product_url": "https://www.heinemann-shop.com/en/global/malaco/malaco-familie-guf-450-g/p/000000000001514789/",
        "brand_name": "Malaco",
        "brand_url": "https://www.heinemann-shop.com/en/global/malaco/c/BRAND_2915/",
        "product_name": "Malaco Familie Guf 450 g",
        "quantity": "0.45\u00a0kg",
        "price": "\u20ac7.90",
        "price_per_quantity": "(\u20ac17.56 / 1 kg)",
        "stock_availability": "",
        "description": "Malaco Gott & Blandat Familie Guf is the perfect bag of sweets for the family. In Familie Guf there are many mixed sweets,  from fruit to licorice. A yummy bag of wine gums for both young and old.  Only available at Duty Free.",
        "primary_image": "https://www.heinemann-shop.com/medias/527Wx527H-null?context=bWFzdGVyfGltYWdlc3wyMzE2NDh8aW1hZ2UvanBlZ3xhR016TDJnME1pOHhNVEk0TmpBMU5UZzBOVGt4T0M4MU1qZFhlRFV5TjBoZmJuVnNiQXwyMmE4ZWNmNjYxYTdmZjVmYzY4ZDc5Nzg0ZGQ5ZWMzOTFhMTIyYmI3NTliMmUxZTBjOTE5NzQ0YzM3MGNhODBi&v=1729321708626",
        "images": []
    },
    {
        "product_url": "https://www.heinemann-shop.com/en/global/cloetta/easter-foam-250g/p/000000000001502119/",
        "brand_name": "Cloetta",
        "brand_url": "https://www.heinemann-shop.com/en/global/cloetta/c/BRAND_1266/",
        "product_name": "Easter Foam 250g",
        "quantity": "0.25\u00a0kg",
        "price": "\u20ac5.90",
        "price_per_quantity": "(\u20ac23.60 / 1 kg)",
        "stock_availability": "",
        "description": "Nordic classic for the candy bowl",
        "primary_image": "https://www.heinemann-shop.com/medias/527Wx527H-null?context=bWFzdGVyfGltYWdlc3w4NjYxN3xpbWFnZS9qcGVnfGFEUmhMMmcwWXk4eE1UUXpPVGszTlRVek1EVXlOaTgxTWpkWGVEVXlOMGhmYm5Wc2JBfDg1YzAxYTJjOWZiOTlmYjBiMTM5OGUxYjNiYTZjYTcwOTkxYjJmMWY2MmZiMjMwNDQ5MzU3Y2E2ZTllM2NjZDQ&v=1732571829395",
        "images": []
    },
    {
        "product_url": "https://www.heinemann-shop.com/en/global/laekerol/laekerol-raspberry-licorice-4x25g/p/000000000001473018/",
        "brand_name": "L\u00e4kerol",
        "brand_url": "https://www.heinemann-shop.com/en/global/laekerol/c/BRAND_4802/",
        "product_name": "L\u00e4kerol Raspberry/Licorice 4x25g",
        "quantity": "0.1\u00a0kg",
        "price": "\u20ac5.90",
        "price_per_quantity": "(\u20ac59.00 / 1 kg)",
        "stock_availability": "",
        "description": "L\u00e4kerol was introduced in Sweden in 1909 and has now been a beloved classic for over 100 years. The well-known pastille carries with it a long history that has survived two world wars, been delivered in a gold box to royalty and sponsored Sweden's first glider. L\u00e4kerol are liqourice or fruity sugar-free and vegan pastilles that freshens the breath. There's a broad selection of flavours for any liking. L\u00e4kerol - Makes people talk.",
        "primary_image": "https://www.heinemann-shop.com/medias/527Wx527H-null?context=bWFzdGVyfGltYWdlc3w3NTM3OHxpbWFnZS9qcGVnfGFESXdMMmcyTVM4eE1USTROVGcyTlRRNU5qWXdOaTgxTWpkWGVEVXlOMGhmYm5Wc2JBfDFhMzExN2UzYmExOTU4ZGQ5OGI5NmIzMGRmMzUyMjk2NzFhNjFlZTRmMDViY2YyNWY4ZTdlMjhlMWQ5MjY3ZDc&v=1729320136997",
        "images": []
    },
    {
        "product_url": "https://www.heinemann-shop.com/en/global/crispo/crispo-tablet-155g/p/000000000001519343/",
        "brand_name": "Crispo",
        "brand_url": "https://www.heinemann-shop.com/en/global/crispo/c/BRAND_6805/",
        "product_name": "Crispo tablet 155g",
        "quantity": "0.155\u00a0kg",
        "price": "\u20ac4.30",
        "price_per_quantity": "(\u20ac27.74 / 1 kg)",
        "stock_availability": "",
        "description": "Nidar Crispo is a crunchy milk chocolate with rice crisp.",
        "primary_image": "https://www.heinemann-shop.com/medias/527Wx527H-null?context=bWFzdGVyfGltYWdlc3wzNzY0MHxpbWFnZS9qcGVnfGFHUmxMMmd3WkM4NU56VTVOREF4TURFM016YzBMelV5TjFkNE5USTNTRjl1ZFd4c3wyYzQ0MTcwYTdlMzI1MjU2MGI5NjQ5ZmQ0MmJjYWRkNTI3NWU4MmRkODNmYzY3MTQyMTM1NjZlYmNjZDY1Nzc0&v=1682655015911",
        "images": []
    },
    {
        "product_url": "https://www.heinemann-shop.com/en/global/pingvin/toms-stang-mix-550g/p/000000000001445456/",
        "brand_name": "Pingvin",
        "brand_url": "https://www.heinemann-shop.com/en/global/pingvin/c/BRAND_0392/",
        "product_name": "Toms Stang Mix 550g",
        "quantity": "0.55\u00a0kg",
        "price": "\u20ac7.50",
        "price_per_quantity": "(\u20ac13.64 / 1 kg)",
        "stock_availability": "",
        "description": "A mix of our Pingvin sticks - bite sizes",
        "primary_image": "https://www.heinemann-shop.com/medias/527Wx527H-null?context=bWFzdGVyfGltYWdlc3w2OTM4OHxpbWFnZS9qcGVnfGFEa3dMMmcxWkM4eE1USTROVGcyTURnM05qTXhPQzgxTWpkWGVEVXlOMGhmYm5Wc2JBfDgzY2UxMmNkNzRhOGFlZTFjODczOGIyMTE4ZDc4MjQ4MGVhN2UxZjhkYmE2MGJjMTcwMzlkNjRmNzBlNDU0NGE&v=1729319871091",
        "images": []
    },
    {
        "product_url": "https://www.heinemann-shop.com/en/global/haribo/haribo-matador-dose-1000g/p/000000000000184280/",
        "brand_name": "Haribo",
        "brand_url": "https://www.heinemann-shop.com/en/global/haribo/c/BRAND_1079/",
        "product_name": "Haribo Matador Dose 1000g",
        "quantity": "1\u00a0kg",
        "price": "\u20ac16.90",
        "price_per_quantity": "(\u20ac16.90 / 1 kg)",
        "stock_availability": "",
        "description": "The classic and fun mix of the Haribo best seller, the first mix bag in Denmark.",
        "primary_image": "https://www.heinemann-shop.com/medias/527Wx527H-null?context=bWFzdGVyfGltYWdlc3w1NzQyOXxpbWFnZS9qcGVnfGFHSTFMMmhtTWk4eE1USTROVE0wTURneE5UTTVNQzgxTWpkWGVEVXlOMGhmYm5Wc2JBfGRkZDcxMjU0ZGI4MTFhZWQ4NDkzYTVjZmJhOThhMzc0MDZhZDBkY2MwOGQzOGJhYTAwYzc0YWI2MTRlZDkyMmY&v=1729313150590",
        "images": []
    },
    {
        "product_url": "https://www.heinemann-shop.com/en/global/confiserie-felicitas/felicitas-bar-milk-chocolate-salt-hamburg-100g/p/000000000001447741/",
        "brand_name": "Confiserie Felicitas",
        "brand_url": "https://www.heinemann-shop.com/en/global/confiserie-felicitas/c/BRAND_2939/",
        "product_name": "Felicitas+bar milk chocolate salt Hamburg+100g",
        "quantity": "0.1\u00a0kg",
        "price": "\u20ac6.90",
        "price_per_quantity": "(\u20ac69.00 / 1 kg)",
        "stock_availability": "",
        "description": "Delicious, mild milk chocolate, combines with sea salt crystals and creates a special composition of sweet and salty components.",
        "primary_image": "",
        "images": []
    },
    {
        "product_url": "https://www.heinemann-shop.com/en/global/confiserie-felicitas/felicitas-bar-dark-chocolate-hamburg-100g/p/000000000001447730/",
        "brand_name": "Confiserie Felicitas",
        "brand_url": "https://www.heinemann-shop.com/en/global/confiserie-felicitas/c/BRAND_2939/",
        "product_name": "Felicitas+bar dark chocolate Hamburg+100g",
        "quantity": "0.1\u00a0kg",
        "price": "\u20ac6.90",
        "price_per_quantity": "(\u20ac69.00 / 1 kg)",
        "stock_availability": "",
        "description": "Pure enjoyment! Dark chocolate with 55% cocoa. Tender melting chocolate according to the Belgian purity law. Without replacement fats, but with pure cocoa butter.",
        "primary_image": "",
        "images": []
    },
    {
        "product_url": "https://www.heinemann-shop.com/en/global/minions/minions-fanimation-with-candy-8g/p/000000000001681992/",
        "brand_name": "Minions",
        "brand_url": "https://www.heinemann-shop.com/en/global/minions/c/BRAND_3806/",
        "product_name": "Minions Fanimation with Candy 8g",
        "quantity": "0.008\u00a0kg",
        "price": "\u20ac13.90",
        "price_per_quantity": "(\u20ac1,737.50 / 1 kg)",
        "stock_availability": "",
        "description": "Brand new technology lets you have an animated LED show right in your hand! Press the button and watch the Minions characters run and play in the LED video. In the handle you will find 8g fruit flavoured pressed dextrose candy (Canadian origin).",
        "primary_image": "https://www.heinemann-shop.com/medias/527Wx527H-null?context=bWFzdGVyfGltYWdlc3w0NDQ4OHxpbWFnZS9qcGVnfGFEQTNMMmd6WkM4eE1UWTVNVFl4TURnNU9EUTJNaTgxTWpkWGVEVXlOMGhmYm5Wc2JBfGVhN2FlMjJmOTdiZTVkYjk1ZTk5NDNkNGFhMjI5MjY2OWFjNDE2NDRhN2Q3ODQxZWI3YThhZjdjN2QzOTU2MmY&v=1738015347319",
        "images": []
    },
    {
        "product_url": "https://www.heinemann-shop.com/en/global/van-slooten/cadillacs-shaped-strawberry-flavoured-marshmallows/p/000000000001682317/",
        "brand_name": "Van Slooten",
        "brand_url": "https://www.heinemann-shop.com/en/global/van-slooten/c/BRAND_1852/",
        "product_name": "Cadillacs Shaped Strawberry Flavoured Marshmallows",
        "quantity": "0.25\u00a0kg",
        "price": "\u20ac3.90",
        "price_per_quantity": "(\u20ac15.60 / 1 kg)",
        "stock_availability": "",
        "description": "Van Slooten - Exploring since 1918 - Cadillacs Shaped Strawberry Flavoured Marshmallows",
        "primary_image": "https://www.heinemann-shop.com/medias/527Wx527H-null?context=bWFzdGVyfGltYWdlc3w4NDcwN3xpbWFnZS9qcGVnfGFHRmpMMmcxT0M4eE1UY3lNamcyT1RZMk9Ua3hPQzgxTWpkWGVEVXlOMGhmYm5Wc2JBfDg3YTVlOGM5ZjI3YTBlMjZiYmMyNzU1ZjhlYjk4ZGIxOTAzMjVmOGEzOTQ2OTUxMjU4NjM1YjcwMmE1N2U2M2M&v=1738628201997",
        "images": []
    },
    {
        "product_url": "https://www.heinemann-shop.com/en/global/venchi/venchi-ingot-golden-gift-box-130g/p/000000000001685883/",
        "brand_name": "Venchi",
        "brand_url": "https://www.heinemann-shop.com/en/global/venchi/c/BRAND_8202/",
        "product_name": "Venchi Ingot golden Gift Box 130g",
        "quantity": "0.13\u00a0kg",
        "price": "",
        "price_per_quantity": "(\u20ac145.38 / 1 kg)",
        "stock_availability": "",
        "description": "Gift box with assorted Ingots: Milk hazelnut, Dark 60% hazelnut and white chocolate with crunchy pieces hazelnuts, almonds and toasted and lightly salted pistachios",
        "primary_image": "https://www.heinemann-shop.com/medias/527Wx527H-null?context=bWFzdGVyfGltYWdlc3w1NTcxMXxpbWFnZS9qcGVnfGFEWXdMMmcwWkM4eE1UWXpOelkzTXpVNU1EZ3hOQzgxTWpkWGVEVXlOMGhmYm5Wc2JBfDczZWFmY2I0MGMzODZhYzZmNmYyMTIxNTg4YTcwZjM3ZTNlMTJjY2FjYjUxZWY3MTE1Yzk2ZDkwMzQxOGVhMGY&v=1736898321211",
        "images": [
            "https://www.heinemann-shop.com/medias/527Wx527H-null?context=bWFzdGVyfGltYWdlc3w1NTcxMXxpbWFnZS9qcGVnfGFEWXdMMmcwWkM4eE1UWXpOelkzTXpVNU1EZ3hOQzgxTWpkWGVEVXlOMGhmYm5Wc2JBfDczZWFmY2I0MGMzODZhYzZmNmYyMTIxNTg4YTcwZjM3ZTNlMTJjY2FjYjUxZWY3MTE1Yzk2ZDkwMzQxOGVhMGY&v=1736898321211",
            "https://www.heinemann-shop.com/medias/527Wx527H-null?context=bWFzdGVyfGltYWdlc3w1MTY2NHxpbWFnZS9qcGVnfGFHSmxMMmhoWXk4eE1UWXpOelkzTkRJM09EazBNaTgxTWpkWGVEVXlOMGhmYm5Wc2JBfGJhNDQ2NWE5MzQxMGU5OWNhYjBhZTNjOTMwZTliOTRjNzIwZGY4MjlkMjZkMWNlODViODA3NjJiNmIwYTMxZmQ&v=1736898351101"
        ]
    },
    {
        "product_url": "https://www.heinemann-shop.com/en/global/wrigley-s/sugarfree-chewing-gum-with-sweetners-and-mint-and-menthol-flavours/p/000000000001688008/",
        "brand_name": "Wrigley's",
        "brand_url": "https://www.heinemann-shop.com/en/global/wrigley-s/c/BRAND_2063/",
        "product_name": "Sugarfree Chewing Gum with Sweetners and Mint and Menthol Flavours",
        "quantity": "0.42\u00a0kg",
        "price": "\u20ac27.50",
        "price_per_quantity": "(\u20ac65.48 / 1 kg)",
        "stock_availability": "",
        "description": "Extra helps to keep teeth clean and neutralize plaque acids, so you have the confidence to smile and be at your best throughout the day. Chew Extra Strong Mint sugarfree gum for that just brushed clean feeling and Strong Mint flavor. This multipack contains 30 x 10pc of Extra Strong Mint gum.",
        "primary_image": "https://www.heinemann-shop.com/medias/527Wx527H-null?context=bWFzdGVyfGltYWdlc3w4MzU3N3xpbWFnZS9qcGVnfGFEZzVMMmcwTVM4eE1UWTVNVFE1TVRFMk5ERTVNQzgxTWpkWGVEVXlOMGhmYm5Wc2JBfDFkNTFmY2MyNTZiN2Q3YjhhNWE2OWQyM2E4MDhmOTcxZWFkZjIwYWZlZmVjZGMyMmRiZjc4YjFjN2QwOGJiYTU&v=1738014468575",
        "images": []
    },
    {
        "product_url": "https://www.heinemann-shop.com/en/global/minde/chocolate-covered-high-quality-nut-mix/p/000000000001653648/",
        "brand_name": "Minde",
        "brand_url": "https://www.heinemann-shop.com/en/global/minde/c/BRAND_5447/",
        "product_name": "chocolate covered high quality nut mix",
        "quantity": "0.16\u00a0kg",
        "price": "\u20ac10.50",
        "price_per_quantity": "(\u20ac65.62 / 1 kg)",
        "stock_availability": "",
        "description": "Roasted quality nuts from Den Lille N\u00f8ttefabrikken with a distinct taste and crispy texture.",
        "primary_image": "https://www.heinemann-shop.com/medias/527Wx527H-null?context=bWFzdGVyfGltYWdlc3w4OTY2OXxpbWFnZS9qcGVnfGFERXpMMmd5TkM4eE1UTTJNekl3T1RVME16Y3hNQzgxTWpkWGVEVXlOMGhmYm5Wc2JBfDhhZjQ1YWUyOTViOWZiNmUyNzg0NjdiNjc4NTUzNDhiOGY1MmQ2OTI1MDM4YmYzZDNhMGYyMTQ3OGY4ZjdjYmM&v=1730754355704",
        "images": []
    },
    {
        "product_url": "https://www.heinemann-shop.com/en/global/anthon-berg/anthon-berg-apricot-in-brandy-440g/p/000000000001187271/",
        "brand_name": "Anthon Berg",
        "brand_url": "https://www.heinemann-shop.com/en/global/anthon-berg/c/BRAND_0604/",
        "product_name": "Anthon Berg Apricot in Brandy 440g",
        "quantity": "0.44\u00a0kg",
        "price": "\u20ac15.90",
        "price_per_quantity": "(\u20ac36.14 / 1 kg)",
        "stock_availability": "",
        "description": "Anthon Berg Chocolate with marzipan and filling with Apricot in Brandy.",
        "primary_image": "https://www.heinemann-shop.com/medias/527Wx527H-null?context=bWFzdGVyfGltYWdlc3w1MTk5MHxpbWFnZS9qcGVnfGFHWTFMMmc1WWk4NU56ZzNNRFk1T1RVMk1USTJMelV5TjFkNE5USTNTRjl1ZFd4c3wxNzE0YTRiM2U0MDhhZWE3Y2I4YTNjMzA2ZmZiNWJlZjNiY2ExNGU0YmY1ZjFmZmEyNWM3OTYyMjA5MjIyMWQ5&v=1689276028607",
        "images": []
    },
    {
        "product_url": "https://www.heinemann-shop.com/en/global/venchi/venchi-gift-box-with-assorted-pralines-105g/p/000000000001685882/",
        "brand_name": "Venchi",
        "brand_url": "https://www.heinemann-shop.com/en/global/venchi/c/BRAND_8202/",
        "product_name": "Venchi Gift box with assorted pralines 105g",
        "quantity": "0.105\u00a0kg",
        "price": "",
        "price_per_quantity": "(\u20ac189.52 / 1 kg)",
        "stock_availability": "",
        "description": "A gift designed for true connoisseurs: a selection of pralines in assorted flavours perfect for enjoying with friends or for a gift designed to amaze",
        "primary_image": "https://www.heinemann-shop.com/medias/527Wx527H-null?context=bWFzdGVyfGltYWdlc3w1MTk3MHxpbWFnZS9qcGVnfGFETTVMMmcwTmk4eE1UWXpOelkzTXpNMk1UUXpPQzgxTWpkWGVEVXlOMGhmYm5Wc2JBfDIwMDlkYzA5NDIxMTE0NmY0ZjA0MGYzZWFjMDM3MTNjNGM0MzQxYTFiZDIyZjE1NjgyZWI1NGUyZWUzZThiMTM&v=1736898311152",
        "images": [
            "https://www.heinemann-shop.com/medias/527Wx527H-null?context=bWFzdGVyfGltYWdlc3w1MTk3MHxpbWFnZS9qcGVnfGFETTVMMmcwTmk4eE1UWXpOelkzTXpNMk1UUXpPQzgxTWpkWGVEVXlOMGhmYm5Wc2JBfDIwMDlkYzA5NDIxMTE0NmY0ZjA0MGYzZWFjMDM3MTNjNGM0MzQxYTFiZDIyZjE1NjgyZWI1NGUyZWUzZThiMTM&v=1736898311152",
            "https://www.heinemann-shop.com/medias/527Wx527H-null?context=bWFzdGVyfGltYWdlc3w1Mzk1MXxpbWFnZS9qcGVnfGFEazNMMmhoTlM4eE1UWXpOelkzTkRBME9UVTJOaTgxTWpkWGVEVXlOMGhmYm5Wc2JBfDFhMzFmYTgxMTBlNTM1ZjRmZTBhZjY4MjRlNjI2OWNmZWE0MDBiNzVhNTZiNTQ1MTExZjU0NTM2ZjFmMjgxNzU&v=1736898341213"
        ]
    },
    {
        "product_url": "https://www.heinemann-shop.com/en/global/toblerone/toblerone-tiny-dark-bag-272g/p/000000000001306105/",
        "brand_name": "Toblerone",
        "brand_url": "https://www.heinemann-shop.com/en/global/toblerone/c/BRAND_0485/",
        "product_name": "Toblerone Tiny Dark Bag 272g",
        "quantity": "0.272\u00a0kg",
        "price": "\u20ac13.49",
        "price_per_quantity": "(\u20ac49.60 / 1 kg)",
        "stock_availability": "",
        "description": "Toblerone Tiny Dark - the iconic chocolate with honey and almond nougat - in snack size format. Offered in a shiny black bag of 34 individually wrapped pieces, it is a convenient treat for yourself and your companions while traveling or at home. Made in Switzerland and exclusively available in travel retail (272g).",
        "primary_image": "https://www.heinemann-shop.com/medias/527Wx527H-null?context=bWFzdGVyfGltYWdlc3w1NzA0MnxpbWFnZS9qcGVnfGFHTmlMMmc1WVM4NU9EQXdPVE0wTVRrMU1qTXdMelV5TjFkNE5USTNTRjl1ZFd4c3wwMmFlN2U0MDVjY2E2NjgyM2UwYjQ2ZTljZWE4MGM4YTY5ZTliMzgxMDM3ZmVmNmI2OGEwZWYyZDY4MTNmN2U1&v=1691482215392",
        "images": []
    },
    {
        "product_url": "https://www.heinemann-shop.com/en/global/toms/toms-mini-turtles-120g/p/000000000000509649/",
        "brand_name": "Toms",
        "brand_url": "https://www.heinemann-shop.com/en/global/toms/c/BRAND_0327/",
        "product_name": "Toms Mini Turtles 120g",
        "quantity": "0.12\u00a0kg",
        "price": "\u20ac5.50",
        "price_per_quantity": "(\u20ac45.83 / 1 kg)",
        "stock_availability": "",
        "description": "The classic Toms Mini Turtles are filled with rum cream and caramel",
        "primary_image": "https://www.heinemann-shop.com/medias/527Wx527H-null?context=bWFzdGVyfGltYWdlc3wyODY4OXxpbWFnZS9qcGVnfGFESXdMMmhsWXk4eE1USTROVE0wTlRFME1EYzJOaTgxTWpkWGVEVXlOMGhmYm5Wc2JBfDlhNGJiZGE1MmFhYzNlOTRkZDgzY2Q0MjVkZTc2ODJjM2EzY2YyMTk3MmQwODBhY2QyYmM2NjYxOWQ1Y2FlM2M&v=1729313580918",
        "images": [
            "https://www.heinemann-shop.com/medias/527Wx527H-null?context=bWFzdGVyfGltYWdlc3wyODY4OXxpbWFnZS9qcGVnfGFESXdMMmhsWXk4eE1USTROVE0wTlRFME1EYzJOaTgxTWpkWGVEVXlOMGhmYm5Wc2JBfDlhNGJiZGE1MmFhYzNlOTRkZDgzY2Q0MjVkZTc2ODJjM2EzY2YyMTk3MmQwODBhY2QyYmM2NjYxOWQ1Y2FlM2M&v=1729313580918",
            "https://www.heinemann-shop.com/medias/527Wx527H-null?context=bWFzdGVyfGltYWdlc3wzMDg2N3xpbWFnZS9qcGVnfGFEY3hMMmhsT0M4eE1USTROVFUwTkRjNU5qRTVNQzgxTWpkWGVEVXlOMGhmYm5Wc2JBfDc4ZTA1MzE5OGVmYTljZTcwYjUyYjA1NTc3Nzc5MzZiOTZhNTg5OTZjYmU1NDg0M2VhNmY4YTM2NDJhYjQyMTI&v=1729313892783"
        ]
    },
    {
        "product_url": "https://www.heinemann-shop.com/en/global/confiserie-felicitas/felicitas-bar-dark-chocolate-chili-hamburg-100g/p/000000000001447735/",
        "brand_name": "Confiserie Felicitas",
        "brand_url": "https://www.heinemann-shop.com/en/global/confiserie-felicitas/c/BRAND_2939/",
        "product_name": "Felicitas+bar dark chocolate chili Hamburg+100g",
        "quantity": "0.1\u00a0kg",
        "price": "\u20ac6.90",
        "price_per_quantity": "(\u20ac69.00 / 1 kg)",
        "stock_availability": "",
        "description": "The perfect combination of sharp and bitter components. Bright red chilli flakes in dark chocolate with a cocoa content of 70%.",
        "primary_image": "",
        "images": []
    },
    {
        "product_url": "https://www.heinemann-shop.com/en/global/neuhaus/pralines/p/000000000001682638/",
        "brand_name": "Neuhaus",
        "brand_url": "https://www.heinemann-shop.com/en/global/neuhaus/c/BRAND_1376/",
        "product_name": "Pralines",
        "quantity": "0.12\u00a0kg",
        "price": "\u20ac31.90",
        "price_per_quantity": "(\u20ac265.83 / 1 kg)",
        "stock_availability": "",
        "description": "Neuhaus Ma\u00eetres Chocolatiers reinvented premium vegan pralines. The vegan collection (120g features 12 carefully crafted chocolates, including fruity ganaches with yuzu and earl grey, and rich caramels with pecan nuts and coffee",
        "primary_image": "https://www.heinemann-shop.com/medias/527Wx527H-null?context=bWFzdGVyfGltYWdlc3w0NDQ3MHxpbWFnZS9qcGVnfGFERTRMMmc0TVM4eE1UVTRPRFl4TkRRMU5UTXlOaTgxTWpkWGVEVXlOMGhmYm5Wc2JBfGVhMjliMGUwMWM3NjRiMmYyMjFjYTg2MmRmODRiNjk5NmYxNzI3N2NiMzJiOTFiZTY3ZjgwZWNkYzczNGU2ODk&v=1735852970643",
        "images": [
            "https://www.heinemann-shop.com/medias/527Wx527H-null?context=bWFzdGVyfGltYWdlc3w0NDQ3MHxpbWFnZS9qcGVnfGFERTRMMmc0TVM4eE1UVTRPRFl4TkRRMU5UTXlOaTgxTWpkWGVEVXlOMGhmYm5Wc2JBfGVhMjliMGUwMWM3NjRiMmYyMjFjYTg2MmRmODRiNjk5NmYxNzI3N2NiMzJiOTFiZTY3ZjgwZWNkYzczNGU2ODk&v=1735852970643",
            "https://www.heinemann-shop.com/medias/527Wx527H-null?context=bWFzdGVyfGltYWdlc3w1MzMyN3xpbWFnZS9qcGVnfGFEUmlMMmd3TVM4eE1UVTRPVFF6TnpnNE1qTTVPQzgxTWpkWGVEVXlOMGhmYm5Wc2JBfGY4ZWJmNzAzNzQxMTVmMDYwODVjM2JkMThmMjU1MDE0NDYxZjU5OWI1ZjcwNjhiZDA3NTk5YTZhZTY1ZTRhM2E&v=1735853229631"
        ]
    },
    {
        "product_url": "https://www.heinemann-shop.com/en/global/panda/panda-soft-fresh-licorice-filled-500g/p/000000000001187070/",
        "brand_name": "Panda",
        "brand_url": "https://www.heinemann-shop.com/en/global/panda/c/BRAND_2484/",
        "product_name": "Panda Soft&Fresh Licorice Filled 500g",
        "quantity": "0.5\u00a0kg",
        "price": "\u20ac6.90",
        "price_per_quantity": "(\u20ac13.80 / 1 kg)",
        "stock_availability": "",
        "description": "The original, soft and fresh Panda liquorice with Caramel, Banana, Chocolate and Strawberry mouth-watering fillings",
        "primary_image": "https://www.heinemann-shop.com/medias/1187070-527Wx527H?context=bWFzdGVyfGltYWdlc3w4Mjc3OHxpbWFnZS9qcGVnfGFEWmlMMmhqWlM4NU5qZ3pPVFF4T1RneU1qTTRMekV4T0Rjd056QmZOVEkzVjNnMU1qZEl8ODlmZDg2MzI3MDBlYTJmNTAyNjg1MGExZTZjOWU4YjQ2ZTI5ODg0MWFiYzcwNmVlNTBhMTEwNTc5NzczNjRkZQ&v=1653083192008",
        "images": []
    },
    {
        "product_url": "https://www.heinemann-shop.com/en/global/lakrids-by-buelow/mixed-liquorice-with-chocolate/p/000000000001683728/",
        "brand_name": "Lakrids by B\u00fclow",
        "brand_url": "https://www.heinemann-shop.com/en/global/lakrids-by-buelow/c/BRAND_7902/",
        "product_name": "Mixed liquorice with chocolate",
        "quantity": "0.175\u00a0kg",
        "price": "\u20ac18.90",
        "price_per_quantity": "(\u20ac108.00 / 1 kg)",
        "stock_availability": "",
        "description": "A true summer beauty packed with some of our all-time fruity favourites: PEACHES, PINK PINEAPPLE, SOUR STRAWBERRY and LEMON.",
        "primary_image": "https://www.heinemann-shop.com/medias/527Wx527H-null?context=bWFzdGVyfGltYWdlc3w1NzkwMXxpbWFnZS9qcGVnfGFHTXhMMmhqTVM4eE1UY3lNamczTURjeE9EUTVOQzgxTWpkWGVEVXlOMGhmYm5Wc2JBfGUxMmY1YTA4ODZlNTkxNWE0MjVkNTQzODIwYTMyMjNhNjk3NjkyMjZjMWNiNGZkMWNmM2E2YzBlZTM5MTFjODQ&v=1738628246645",
        "images": []
    },
    {
        "product_url": "https://www.heinemann-shop.com/en/global/van-slooten/rocket-shaped-liquoirce-flavoured-marshmallow/p/000000000001682318/",
        "brand_name": "Van Slooten",
        "brand_url": "https://www.heinemann-shop.com/en/global/van-slooten/c/BRAND_1852/",
        "product_name": "Rocket Shaped Liquoirce Flavoured Marshmallow",
        "quantity": "0.25\u00a0kg",
        "price": "\u20ac3.90",
        "price_per_quantity": "(\u20ac15.60 / 1 kg)",
        "stock_availability": "",
        "description": "Van Slooten - Exploring since 1918 - Rocket Shaped Liquoirce Flavoured Marshmallow",
        "primary_image": "https://www.heinemann-shop.com/medias/527Wx527H-null?context=bWFzdGVyfGltYWdlc3w3OTg1NHxpbWFnZS9qcGVnfGFHTmhMMmcwWlM4eE1UY3lNamcyT1Rrek1qQTJNaTgxTWpkWGVEVXlOMGhmYm5Wc2JBfDRmNzM4MWUwMzUxYmI3Y2E2ODQyZTZhNmNiOGNhMzFkMDA5MzJmY2UxMjk1ZDRmMjdmMzNkMGFiYjQ2NTJlMjc&v=1738628213018",
        "images": []
    },
    {
        "product_url": "https://www.heinemann-shop.com/en/global/tony-s/tony-s-rainbow-pack-of-chocolate-bars/p/000000000001688738/",
        "brand_name": "Tony's",
        "brand_url": "https://www.heinemann-shop.com/en/global/tony-s/c/BRAND_7165/",
        "product_name": "Tony's rainbow pack of chocolate bars",
        "quantity": "0.288\u00a0kg",
        "price": "\u20ac14.90",
        "price_per_quantity": "(\u20ac51.74 / 1 kg)",
        "stock_availability": "",
        "description": "Hi there, we\u2019re Tony\u2019s Chocolonely. We exist to end exploitation in cocoa. Not just the cocoa in our chocolate, but in all chocolate worldwide. The more people join us and share our story, the sooner we\u2019ll change the industry, ending forced labor, child labor anddeforestation in cocoa. The choice is yours. Are you in?",
        "primary_image": "https://www.heinemann-shop.com/medias/527Wx527H-null?context=bWFzdGVyfGltYWdlc3w4OTExMXxpbWFnZS9qcGVnfGFESXdMMmd4TkM4eE1UY3dOVFE1TWpNM016VXpOQzgxTWpkWGVEVXlOMGhmYm5Wc2JBfDliYzcxZmFkNjBkZjRmNGZkYmE3ZWY3Yjg4ZDczZDMzNTZjNTFiODY4NjRmMjg5ODAwMWZiYzA4NDAzYzBjNjM&v=1738281786676",
        "images": []
    },
    {
        "product_url": "https://www.heinemann-shop.com/en/global/suesse-heimat-hamburg/salted-liquorice-with-caramel-flavour-and-caramel-chocolate-in-black-resealable-packaging/p/000000000001639350/",
        "brand_name": "S\u00fc\u00dfe Heimat Hamburg",
        "brand_url": "https://www.heinemann-shop.com/en/global/suesse-heimat-hamburg/c/BRAND_A197/",
        "product_name": "Salted liquorice with caramel flavour and caramel chocolate in black resealable packaging",
        "quantity": "0.1\u00a0kg",
        "price": "\u20ac5.90",
        "price_per_quantity": "(\u20ac59.00 / 1 kg)",
        "stock_availability": "",
        "description": "Salted liquorice with caramel flavour and caramel chocolate in black resealable packaging",
        "primary_image": "",
        "images": []
    },
    {
        "product_url": "https://www.heinemann-shop.com/en/global/malaco/malaco-allsorts-liquorice-allsorts-1000g/p/000000000001626591/",
        "brand_name": "Malaco",
        "brand_url": "https://www.heinemann-shop.com/en/global/malaco/c/BRAND_2915/",
        "product_name": "Malaco Allsorts Liquorice allsorts 1000g",
        "quantity": "1\u00a0kg",
        "price": "\u20ac12.90",
        "price_per_quantity": "(\u20ac12.90 / 1 kg)",
        "stock_availability": "",
        "description": "Another classic from Malaco is the Malaco Allsorts, which consist of assorted liquorice sugar candies and the taste is a mix between liqourice and fruity flavors.",
        "primary_image": "https://www.heinemann-shop.com/medias/527Wx527H-null?context=bWFzdGVyfGltYWdlc3wzNjk4OHxpbWFnZS9qcGVnfGFESm1MMmd5TlM4eE1USTROakk1TVRZM056SXhOQzgxTWpkWGVEVXlOMGhmYm5Wc2JBfGUyMjhjNDk0MGVjYWJkZDYzZTNhZTQ5YTlmMjRiYjdkMzhlNWM5OTA2MTAwN2Y2MzA2MjAzOWRkOTViMDkxZTk&v=1729323980352",
        "images": [
            "https://www.heinemann-shop.com/medias/527Wx527H-null?context=bWFzdGVyfGltYWdlc3wzNjk4OHxpbWFnZS9qcGVnfGFESm1MMmd5TlM4eE1USTROakk1TVRZM056SXhOQzgxTWpkWGVEVXlOMGhmYm5Wc2JBfGUyMjhjNDk0MGVjYWJkZDYzZTNhZTQ5YTlmMjRiYjdkMzhlNWM5OTA2MTAwN2Y2MzA2MjAzOWRkOTViMDkxZTk&v=1729323980352",
            "https://www.heinemann-shop.com/medias/527Wx527H-null?context=bWFzdGVyfGltYWdlc3w1MDEwMXxpbWFnZS9qcGVnfGFESmpMMmhtWmk4eE1USTROakk1TXpnek9Ua3dNaTgxTWpkWGVEVXlOMGhmYm5Wc2JBfDM0M2JmOWQ3MTNkMTNhODIwYWRiMzY1NjBkNGJmZmU2ZDQ2MzA0ODkyMGQ3NGY2ZTQ2NmFmOWMwYzE1NmI1YzQ&v=1729324092701"
        ]
    },
    {
        "product_url": "https://www.heinemann-shop.com/en/global/malaco/malaco-sour-candy/p/000000000001645067/",
        "brand_name": "Malaco",
        "brand_url": "https://www.heinemann-shop.com/en/global/malaco/c/BRAND_2915/",
        "product_name": "Malaco sour candy",
        "quantity": "0.45\u00a0kg",
        "price": "\u20ac7.90",
        "price_per_quantity": "(\u20ac17.56 / 1 kg)",
        "stock_availability": "",
        "description": "The well known and loved soda bottle shaped candy! Fruity flavor combined with a sour twist - a playful and delicious candy.",
        "primary_image": "https://www.heinemann-shop.com/medias/527Wx527H-null?context=bWFzdGVyfGltYWdlc3w4NTczM3xpbWFnZS9qcGVnfGFEWm1MMmd3TVM4eE1USTROalF3T0RJd01ESXlNaTgxTWpkWGVEVXlOMGhmYm5Wc2JBfDhmNmRkOGE3Y2ExNjhlMGU1NDUzMDRmNGM5ZDNkNTg2MTIzODBlYmU1YTlmM2VkNzA3NTRlMzJmYTg4NzY4MzE&v=1729324958387",
        "images": []
    },
    {
        "product_url": "https://www.heinemann-shop.com/en/global/lakrids-by-buelow/lakrids-by-buelow-crunchy-toffee-egg-480g/p/000000000001597781/",
        "brand_name": "Lakrids by B\u00fclow",
        "brand_url": "https://www.heinemann-shop.com/en/global/lakrids-by-buelow/c/BRAND_7902/",
        "product_name": "Lakrids by B\u00fclow - Crunchy Toffee - EGG 480g",
        "quantity": "0.48\u00a0kg",
        "price": "\u20ac24.90",
        "price_per_quantity": "(\u20ac51.88 / 1 kg)",
        "stock_availability": "",
        "description": "Enjoy a creamy sensation when you bite into the wonderful combination of delicious soft milk chocolate, crunchy caramel made of French butter and cream, completed by a core of salty liquorice. You simply can\u2019t have just one.",
        "primary_image": "https://www.heinemann-shop.com/medias/527Wx527H-null?context=bWFzdGVyfGltYWdlc3w2NjYzM3xpbWFnZS9qcGVnfGFHVTBMMmhtWXk4eE1UYzRNalkxTXpVM05URTVPQzgxTWpkWGVEVXlOMGhmYm5Wc2JBfDI5YTMwYWI2MTYyNzQ4OGU1YmM3ODhkZmE0YmNkZDBiYTkyMzMyYTI5ZDllODMzYjAxYTllNjExYjcyMTQ2ZWM&v=1739832502926",
        "images": []
    },
    {
        "product_url": "https://www.heinemann-shop.com/en/global/barebells/barebells-vegan-salty-peanut-protein-bar-55g/p/000000000001510564/",
        "brand_name": "Barebells",
        "brand_url": "https://www.heinemann-shop.com/en/global/barebells/c/BRAND_9186/",
        "product_name": "Barebells Vegan Salty Peanut, protein bar, 55g",
        "quantity": "0.055\u00a0kg",
        "price": "\u20ac3.70",
        "price_per_quantity": "(\u20ac67.27 / 1 kg)",
        "stock_availability": "",
        "description": "A dream come true for all peanut butter fans, with the perfect balance of sweet and salty.",
        "primary_image": "https://www.heinemann-shop.com/medias/527Wx527H-null?context=bWFzdGVyfGltYWdlc3w0NTM0NHxpbWFnZS9qcGVnfGFEQmtMMmhoT0M4NU56VTFOVGsxT1RNeE5qYzRMelV5TjFkNE5USTNTRjl1ZFd4c3xmMGQwYTZlYTg5OWM2OWQ1NDk5NWY2NWViMGRiMjZkODNmZmE4NzgzY2U2ZjAzZjM0ODU4NWU1MjMyNWQwOGNl&v=1681523584165",
        "images": []
    },
    {
        "product_url": "https://www.heinemann-shop.com/en/global/anthon-berg/easter-celebration-295g/p/000000000001597871/",
        "brand_name": "Anthon Berg",
        "brand_url": "https://www.heinemann-shop.com/en/global/anthon-berg/c/BRAND_0604/",
        "product_name": "Easter Celebration 295g",
        "quantity": "0.295\u00a0kg",
        "price": "\u20ac15.90",
        "price_per_quantity": "(\u20ac53.90 / 1 kg)",
        "stock_availability": "",
        "description": "In this colourfull Easter egg you will find a mix of Anthon Berg\u2019s popular Easter classics; bird eggs, almond eggs and marzipan eggs",
        "primary_image": "https://www.heinemann-shop.com/medias/527Wx527H-null?context=bWFzdGVyfGltYWdlc3w3MDE3NXxpbWFnZS9qcGVnfGFHRXpMMmcyWlM4eE1UUTBNRFEwTmpJME1qZzBOaTgxTWpkWGVEVXlOMGhmYm5Wc2JBfDQ3OWM5YjFjMTcxZmQ1NTNjNzgwNDE2MjkyYjg2YzlhZGFlYTgxNmEyNzk1ODE2NTgxOTBkM2Q2NjQ2ZGVjNTY&v=1732572578177",
        "images": []
    },
    {
        "product_url": "https://www.heinemann-shop.com/en/global/malaco/malaco-surt-blandat-450g/p/000000000000730564/",
        "brand_name": "Malaco",
        "brand_url": "https://www.heinemann-shop.com/en/global/malaco/c/BRAND_2915/",
        "product_name": "Malaco Surt Blandat 450g",
        "quantity": "0.45\u00a0kg",
        "price": "\u20ac7.90",
        "price_per_quantity": "(\u20ac17.56 / 1 kg)",
        "stock_availability": "",
        "description": "Malaco Gott & Blandat Super-sur was created after consumers who demanded a bag of really sour candy. The contents of the candy bag consist of different pieces of candy for those who really want a sour experience. The bag contains both soft and chewy pieces of gummy with different fruity flavors.  Only available at Duty Free.",
        "primary_image": "https://www.heinemann-shop.com/medias/527Wx527H-null?context=bWFzdGVyfGltYWdlc3wyMTc4Mjl8aW1hZ2UvanBlZ3xhRFkzTDJneE5DOHhNVEk0TlRVMU1EZzVNVEF6T0M4MU1qZFhlRFV5TjBoZmJuVnNiQXwzNzdiZWViNzdiNTI5YjY5YjY1NjU3ZmRhZDBiMDQ1NTJlNDI2N2ZhZjkxMGFmYjczZDcyZjkzMTRjMGNhNTlk&v=1729314340674",
        "images": []
    },
    {
        "product_url": "https://www.heinemann-shop.com/en/global/candyrific-unicorn/light-up-talker-unicorn-15g/p/000000000001558427/",
        "brand_name": "CandyRific/Unicorn",
        "brand_url": "https://www.heinemann-shop.com/en/global/candyrific-unicorn/c/BRAND_8536/",
        "product_name": "Light Up Talker Unicorn 15g",
        "quantity": "0.015\u00a0kg",
        "price": "\u20ac11.50",
        "price_per_quantity": "(\u20ac766.67 / 1 kg)",
        "stock_availability": "",
        "description": "Press the button to hear the Unicorn music as the base lights up. In the handle you will find 15g fruit flavoured pressed dextrose candy (Canadian origin).",
        "primary_image": "https://www.heinemann-shop.com/medias/527Wx527H-null?context=bWFzdGVyfGltYWdlc3wyOTI4MnxpbWFnZS9qcGVnfGFERTFMMmhtWmk4NU9EQXhPVEU1TkRrMk1qSXlMelV5TjFkNE5USTNTRjl1ZFd4c3w2YmQzM2E4MjFjNjg4ZDYyMzQzYTVjY2MyNDc3ZDRjMTBhYTRlZGFhNTExODg5ZTE3YzQwY2ZhM2FkZjhmOTBl&v=1691617543092",
        "images": []
    },
    {
        "product_url": "https://www.heinemann-shop.com/en/global/panda/panda-soft-fresh-licorice-salty-salmiak-500g/p/000000000001187071/",
        "brand_name": "Panda",
        "brand_url": "https://www.heinemann-shop.com/en/global/panda/c/BRAND_2484/",
        "product_name": "Panda Soft&Fresh Licorice Salty Salmiak 500g",
        "quantity": "0.5\u00a0kg",
        "price": "\u20ac6.90",
        "price_per_quantity": "(\u20ac13.80 / 1 kg)",
        "stock_availability": "",
        "description": "Salty Salmiak flavour brings a fantastically strong taste sensation to the famous Original Panda liquorice.",
        "primary_image": "https://www.heinemann-shop.com/medias/1187071-527Wx527H?context=bWFzdGVyfGltYWdlc3w3MjgyMHxpbWFnZS9qcGVnfGFHWmhMMmcyWlM4NU5qZ3pPVFF5Tmpjd016WTJMekV4T0Rjd056RmZOVEkzVjNnMU1qZEl8MDQ0OWIyYzM5NzcyODAzYzIyNjJmNGMzNjlhZTY1MTA5OGEwNTk5YTlkYzg0MTZmZDU4MGQ1MjQ1MTNiOTRlNA&v=1653083207723",
        "images": []
    },
    {
        "product_url": "https://www.heinemann-shop.com/en/global/hachez/hachez-cocoa-premier-cru-10x150g-are-superior-dark-chocolate-miniature-bars-with-88vol-cocoa-content-in-an-elegant-metal-tin/p/000000000001625455/",
        "brand_name": "Hachez",
        "brand_url": "https://www.heinemann-shop.com/en/global/hachez/c/BRAND_1268/",
        "product_name": "HACHEZ Cocoa Premier Cru 10x150g are superior dark chocolate miniature bars with 88% cocoa content in an elegant metal tin.",
        "quantity": "0.15\u00a0kg",
        "price": "\u20ac11.90",
        "price_per_quantity": "(\u20ac79.33 / 1 kg)",
        "stock_availability": "",
        "description": "HACHEZ Cocoa Premier Cru 10x150g are superior dark chocolate miniature bars with 88% cocoa content. A fine melting cuv\u00e9e of aromatic fine cocoas with an overwhelming variety of flavours - intense and subtle - characterises the taste nuances of this special chocolate. Packaged to a high standard in an elegant metal tin with embossing, these small 7.5g bars are an exquisite treat for demanding connoisseurs.",
        "primary_image": "https://www.heinemann-shop.com/medias/527Wx527H-null?context=bWFzdGVyfGltYWdlc3w0MDI1OHxpbWFnZS9qcGVnfGFESTJMMmcwT0M4eE1USTROakk1TURVMk16RXdNaTgxTWpkWGVEVXlOMGhmYm5Wc2JBfGQyMjE3OWVkZGQ2NTZiMjkyYzA4MmEyYjkwYWNhZjhlNDMwYWYxMDgwM2M5YmExMGZmZTA5MzAzMjRjYjlmOWI&v=1729323914617",
        "images": []
    },
    {
        "product_url": "https://www.heinemann-shop.com/en/global/ahlgrens/ahlgrens-bilar-sour-3-x-130g/p/000000000000950125/",
        "brand_name": "Ahlgrens",
        "brand_url": "https://www.heinemann-shop.com/en/global/ahlgrens/c/BRAND_4801/",
        "product_name": "Ahlgrens Bilar Sour 3 x 130g",
        "quantity": "0.39\u00a0kg",
        "price": "\u20ac9.30",
        "price_per_quantity": "(\u20ac23.85 / 1 kg)",
        "stock_availability": "",
        "description": "In 1953, Ahlgren's candy factory in G\u00e4vle wanted to produce marshmallows, but the result was not as they had imagined. Instead, it was foam candy pieces that looked like cars and tasted fantastically good. Thus Ahlgren's cars - Sweden's most bought car - were born! Pack of three bags Ahlgrens Bilar collected in one. These are small foam cars in different flavours with a sour sugar coating. Only available at Duty Free.",
        "primary_image": "https://www.heinemann-shop.com/medias/527Wx527H-null?context=bWFzdGVyfGltYWdlc3w5MzY5MHxpbWFnZS9qcGVnfGFEUmxMMmcxTmk4eE1USTROVFUyTWpRMU9ERTBNaTgxTWpkWGVEVXlOMGhmYm5Wc2JBfDI4NmRlNWNhOGRhNDc1NTJkNTMxNDk1MjgxNjA2M2Q4YWM2MDc4ZTdmYTY1OTE4MjY5ZjRiMzU1MzViMWJkMGI&v=1729315281720",
        "images": []
    },
    {
        "product_url": "https://www.heinemann-shop.com/en/global/laekerol/laekerol-sea-salt-4-pack-4x25g/p/000000000001129029/",
        "brand_name": "L\u00e4kerol",
        "brand_url": "https://www.heinemann-shop.com/en/global/laekerol/c/BRAND_4802/",
        "product_name": "L\u00e4kerol Sea Salt 4-pack 4x25g",
        "quantity": "0.1\u00a0kg",
        "price": "\u20ac5.90",
        "price_per_quantity": "(\u20ac59.00 / 1 kg)",
        "stock_availability": "",
        "description": "L\u00e4kerol was introduced in Sweden in 1909 and has now been a beloved classic for over 100 years. The well-known pastille carries with it a long history that has survived two world wars, been delivered in a gold box to royalty and sponsored Sweden's first glider. L\u00e4kerol are liqourice or fruity sugar-free and vegan pastilles that freshens the breath. There's a broad selection of flavours for any liking. L\u00e4kerol - Makes people talk.",
        "primary_image": "https://www.heinemann-shop.com/medias/527Wx527H-null?context=bWFzdGVyfGltYWdlc3w4NDgyMHxpbWFnZS9qcGVnfGFHWTRMMmd6WVM4eE1USTROVFUyTnpjMk5qVTFPQzgxTWpkWGVEVXlOMGhmYm5Wc2JBfDlhNjJiNGYzZjg3ZDE4MjJiNjM4NWVmNzFlYThhMTFlYTliNmVmM2VjYTllYjg2YTNhNzU3ZWY1OGQxMDBkMjQ&v=1729315690055",
        "images": [
            "https://www.heinemann-shop.com/medias/527Wx527H-null?context=bWFzdGVyfGltYWdlc3w4NDgyMHxpbWFnZS9qcGVnfGFHWTRMMmd6WVM4eE1USTROVFUyTnpjMk5qVTFPQzgxTWpkWGVEVXlOMGhmYm5Wc2JBfDlhNjJiNGYzZjg3ZDE4MjJiNjM4NWVmNzFlYThhMTFlYTliNmVmM2VjYTllYjg2YTNhNzU3ZWY1OGQxMDBkMjQ&v=1729315690055",
            "https://www.heinemann-shop.com/medias/527Wx527H-null?context=bWFzdGVyfGltYWdlc3w3NDgzNHxpbWFnZS9qcGVnfGFEVTBMMmd4WVM4eE1USTROVFUzTVRjNU56QXlNaTgxTWpkWGVEVXlOMGhmYm5Wc2JBfGM4OGVkMTI0OTBkNzczZjMzOTY1ZTY1MTFjYTYzN2JjMTZhNDljMTUzMzQ5ZThmODdjODM2OGE5ZGQ1NWU0NWU&v=1729316018226"
        ]
    },
    {
        "product_url": "https://www.heinemann-shop.com/en/global/marabou/marabou-oreo-220g/p/000000000001096359/",
        "brand_name": "Marabou",
        "brand_url": "https://www.heinemann-shop.com/en/global/marabou/c/BRAND_0481/",
        "product_name": "Marabou Oreo 220g",
        "quantity": "0.22\u00a0kg",
        "price": "\u20ac5.50",
        "price_per_quantity": "(\u20ac25.00 / 1 kg)",
        "stock_availability": "",
        "description": "Discover Marabou Oreo, where iconic Swedish milk chocolate meets the world\u2019s favorite cookie - a truly delicious combination! Enjoy the crunchy pieces of Oreo biscuit covered in Marabou milk chocolate, in an exclusive travel-size pack.",
        "primary_image": "https://www.heinemann-shop.com/medias/527Wx527H-null?context=bWFzdGVyfGltYWdlc3w0NDMxNnxpbWFnZS9qcGVnfGFHRmhMMmhpWXk4NU9EQXdPRGc0T1RjMU16a3dMelV5TjFkNE5USTNTRjl1ZFd4c3w5NGQxMTY4MjEzMmJlZTNlYjc4OTQ3N2FmN2YwOTZlNjZjMTY3NDAyMjQzNGZhYTU5ZmQyMGE4NDlkNzM4Njhk&v=1691470525869",
        "images": []
    },
    {
        "product_url": "https://www.heinemann-shop.com/en/global/panda/panda-all-natural-soft-licorice-240g/p/000000000000542271/",
        "brand_name": "Panda",
        "brand_url": "https://www.heinemann-shop.com/en/global/panda/c/BRAND_2484/",
        "product_name": "Panda All Natural Soft Licorice, 240g",
        "quantity": "0.24\u00a0kg",
        "price": "\u20ac3.50",
        "price_per_quantity": "(\u20ac14.58 / 1 kg)",
        "stock_availability": "",
        "description": "Since 1927 Panda have been producing liquorice renowned for its unique flavour and softness. The secret of such delicious liquorice lies in carefully cooking in a traditional way, only four simple ingredients \u2013 molasses syrup, wheat flour, liquorice extract and aniseed oil. Great tasting liquorice, as pure as it comes!",
        "primary_image": "https://www.heinemann-shop.com/medias/542271-527Wx527H?context=bWFzdGVyfGltYWdlc3w4NzE4MHxpbWFnZS9qcGVnfGFEY3lMMmhrTVM4NU5qZ3pPRFE0TVRBeE9URTRMelUwTWpJM01WODFNamRYZURVeU4wZ3w3ZWQxNWM0YzhkOWQxZTE2NTVmNDgxMDQ1OTU5YzVkY2YxOTM5MTVlYTY5NTMxZGQxYmYzYTc5OTMzOWNhNGFh&v=1653080089803",
        "images": []
    },
    {
        "product_url": "https://www.heinemann-shop.com/en/global/laekerol/laekerol-salvi-4-pack-4x25g/p/000000000001129026/",
        "brand_name": "L\u00e4kerol",
        "brand_url": "https://www.heinemann-shop.com/en/global/laekerol/c/BRAND_4802/",
        "product_name": "L\u00e4kerol Salvi 4-pack 4x25g",
        "quantity": "0.1\u00a0kg",
        "price": "\u20ac5.90",
        "price_per_quantity": "(\u20ac59.00 / 1 kg)",
        "stock_availability": "",
        "description": "L\u00e4kerol was introduced in Sweden in 1909 and has now been a beloved classic for over 100 years. The well-known pastille carries with it a long history that has survived two world wars, been delivered in a gold box to royalty and sponsored Sweden's first glider. L\u00e4kerol are liqourice or fruity sugar-free and vegan pastilles that freshens the breath. There's a broad selection of flavours for any liking. L\u00e4kerol - Makes people talk.",
        "primary_image": "https://www.heinemann-shop.com/medias/527Wx527H-null?context=bWFzdGVyfGltYWdlc3w3NDAxOHxpbWFnZS9qcGVnfGFESTNMMmhoTVM4eE1USTROVFUyTmpnNE1UZ3lNaTgxTWpkWGVEVXlOMGhmYm5Wc2JBfDM1YzNjMWM1NTVkOTg2MTdlYmNhZTU3OWRhMjI5NmI5NDIyNDIyMTI5NTZiMjQ1NTQ1Mjc3YzA3MjlkNmQxNTc&v=1729315625068",
        "images": [
            "https://www.heinemann-shop.com/medias/527Wx527H-null?context=bWFzdGVyfGltYWdlc3w3NDAxOHxpbWFnZS9qcGVnfGFESTNMMmhoTVM4eE1USTROVFUyTmpnNE1UZ3lNaTgxTWpkWGVEVXlOMGhmYm5Wc2JBfDM1YzNjMWM1NTVkOTg2MTdlYmNhZTU3OWRhMjI5NmI5NDIyNDIyMTI5NTZiMjQ1NTQ1Mjc3YzA3MjlkNmQxNTc&v=1729315625068",
            "https://www.heinemann-shop.com/medias/527Wx527H-null?context=bWFzdGVyfGltYWdlc3w3MTY4NXxpbWFnZS9qcGVnfGFEQTFMMmd3WXk4eE1USTROVFUzTVRNek9ESTNNQzgxTWpkWGVEVXlOMGhmYm5Wc2JBfGFjNDZhMmRjY2Y0MTQxMWM3MjBmOTFhOWU2ZDM1ZTdlYzdhNDc4MDQzZDQzNGFiNDRkYTk2MGJiMTFlNDY4MzY&v=1729315995044"
        ]
    },
    {
        "product_url": "https://www.heinemann-shop.com/en/global/lakrids-by-buelow/liquorice-coated-with-pineapple-white-chocolate-and-sugar/p/000000000001683727/",
        "brand_name": "Lakrids by B\u00fclow",
        "brand_url": "https://www.heinemann-shop.com/en/global/lakrids-by-buelow/c/BRAND_7902/",
        "product_name": "Liquorice coated with pineapple, white chocolate and sugar",
        "quantity": "0.295\u00a0kg",
        "price": "\u20ac18.90",
        "price_per_quantity": "(\u20ac64.07 / 1 kg)",
        "stock_availability": "",
        "description": "For some people pineapple is an unsurpassed fruit that hardly can get any better. Or can it? For PINK PINEAPPLE we have swirled sweet soft liquorice with fresh, exotic notes from pineapples and creamy white chocolate all enclosed by a delicate, pink sugar shell.",
        "primary_image": "https://www.heinemann-shop.com/medias/527Wx527H-null?context=bWFzdGVyfGltYWdlc3w0MjY5NXxpbWFnZS9qcGVnfGFHWXpMMmhpTnk4eE1UY3lNamczTURRMU5qTTFNQzgxTWpkWGVEVXlOMGhmYm5Wc2JBfGM4MTAzYjk0NDBiZjY5MDUzOWZlNWVlYjYxOTBjNmEwNzQ3MDZkOTAxMmI4N2NlYjYxMjkwYTk3YjQ1NzFiZTk&v=1738628235480",
        "images": []
    },
    {
        "product_url": "https://www.heinemann-shop.com/en/global/barebells/barbells-lemon-cheesecake-55g/p/000000000001685892/",
        "brand_name": "Barebells",
        "brand_url": "https://www.heinemann-shop.com/en/global/barebells/c/BRAND_9186/",
        "product_name": "Barbells Lemon Cheesecake 55g",
        "quantity": "0.055\u00a0kg",
        "price": "\u20ac3.90",
        "price_per_quantity": "(\u20ac70.91 / 1 kg)",
        "stock_availability": "",
        "description": "Barebells Lemon Cheesecake puts you straight in the summer mood. This is our soft protein bar with fresh lemon cake flavor, a soft and sweet and sour lemon cream coated in white chocolate. With 16 grams of protein and no added sugar, it leaves nothing to be desired.",
        "primary_image": "https://www.heinemann-shop.com/medias/527Wx527H-null?context=bWFzdGVyfGltYWdlc3w0NjM5NXxpbWFnZS9qcGVnfGFHWm1MMmhsWlM4eE1UWTVNVFl4T0RnMk1UQTROaTgxTWpkWGVEVXlOMGhmYm5Wc2JBfGZlYTA2OGE1MDZmNGE4N2Y4YjU1Njg2ZWM0MjAzZjQwMzZjNzM5OTU4M2IyYjdjZjRmZTYyMGRmMjI0MjY0Nzg&v=1738015651428",
        "images": []
    },
    {
        "product_url": "https://www.heinemann-shop.com/en/global/bifi/bifi-carazza-xxl-75-g/p/000000000000552556/",
        "brand_name": "Bifi",
        "brand_url": "https://www.heinemann-shop.com/en/global/bifi/c/BRAND_5365/",
        "product_name": "BiFi Carazza XXL 75 g",
        "quantity": "0.075\u00a0kg",
        "price": "\u20ac3.49",
        "price_per_quantity": "(\u20ac46.53 / 1 kg)",
        "stock_availability": "",
        "description": "Mamma Mia, it is time that this time Italian Gusto lands on your plate sales! Forget pizza and pasta and cross dear to the Mediterranean flair in the pocket. Tastes Like Pizza, feels like a snack, saturates as a whole meal. Ciao, hunger, now I come!",
        "primary_image": "https://www.heinemann-shop.com/medias/527Wx527H-null?context=bWFzdGVyfGltYWdlc3w0NDExNXxpbWFnZS9qcGVnfGFHSTNMMmhqTmk4NU56WXpNVFl3TWpZd05qTTRMelV5TjFkNE5USTNTRjl1ZFd4c3xlZTkxN2VlMTI0MmU1MmU3ZjY4NzI2ZmU3YzA4Mjc5OTk4NWViZjFhZjQzZWYzN2VmZDc5MGQzOTBjNjY5NDE4&v=1683777931446",
        "images": []
    },
    {
        "product_url": "https://www.heinemann-shop.com/en/global/venchi/venchi-chocoviar-pistachio-soft-bar-200-g/p/000000000001685881/",
        "brand_name": "Venchi",
        "brand_url": "https://www.heinemann-shop.com/en/global/venchi/c/BRAND_8202/",
        "product_name": "Venchi Chocoviar Pistachio soft bar 200 g",
        "quantity": "0.2\u00a0kg",
        "price": "",
        "price_per_quantity": "(\u20ac99.50 / 1 kg)",
        "stock_availability": "",
        "description": "The iconic Chocoviar Pistachio has been reinvented as a soft bar: creamy, lightly salted pistachio paste, hazelnut paste and crunchy whole pistachios, covered with a thin layer of dark chocolate, toffee crumbs and cocoa nibs.",
        "primary_image": "https://www.heinemann-shop.com/medias/527Wx527H-null?context=bWFzdGVyfGltYWdlc3w3MTM3M3xpbWFnZS9qcGVnfGFERXlMMmd6Wmk4eE1UWXpOelkzTXpFek1qQTJNaTgxTWpkWGVEVXlOMGhmYm5Wc2JBfGUxNjkxOGJiNGZhMWRlMzY3Y2EzN2IxYWEwZTQ1YTQ4ZjUyMmYxOTI4ZGRkZWE4MWNhYmYxZDYwZTY3MzQ5YmQ&v=1736898301120",
        "images": [
            "https://www.heinemann-shop.com/medias/527Wx527H-null?context=bWFzdGVyfGltYWdlc3w3MTM3M3xpbWFnZS9qcGVnfGFERXlMMmd6Wmk4eE1UWXpOelkzTXpFek1qQTJNaTgxTWpkWGVEVXlOMGhmYm5Wc2JBfGUxNjkxOGJiNGZhMWRlMzY3Y2EzN2IxYWEwZTQ1YTQ4ZjUyMmYxOTI4ZGRkZWE4MWNhYmYxZDYwZTY3MzQ5YmQ&v=1736898301120",
            "https://www.heinemann-shop.com/medias/527Wx527H-null?context=bWFzdGVyfGltYWdlc3w1NjU2M3xpbWFnZS9qcGVnfGFHUTRMMmcxTmk4eE1UWXpOelkzTXpneU1ERTVNQzgxTWpkWGVEVXlOMGhmYm5Wc2JBfGY4ZmJlYmUzOTJjNTNjYTYxMGZiZTQ1MzdiNjcwYjcxZDcwN2RiZjUzYzlhMmFlNzU1MWM4YTAxYjVhNGE3ZTA&v=1736898331221"
        ]
    },
    {
        "product_url": "https://www.heinemann-shop.com/en/global/lakrids-by-buelow/liquorice-coated-with-lemon-and-white-chocolate/p/000000000001683725/",
        "brand_name": "Lakrids by B\u00fclow",
        "brand_url": "https://www.heinemann-shop.com/en/global/lakrids-by-buelow/c/BRAND_7902/",
        "product_name": "Liquorice coated with lemon and white chocolate",
        "quantity": "0.295\u00a0kg",
        "price": "\u20ac18.90",
        "price_per_quantity": "(\u20ac64.07 / 1 kg)",
        "stock_availability": "",
        "description": "When life gives you lemons - combine them with Danish crafted liquorice. LEMON is a unique combination of salty liquorice and one of nature\u2019s freshest fruits: lemon. The liquorice core is swirled in luscious white chocolate, cream, and vanilla, to ensure the perfect balance between sweetness, sourness, and saltiness.",
        "primary_image": "https://www.heinemann-shop.com/medias/527Wx527H-null?context=bWFzdGVyfGltYWdlc3w0MjQ0M3xpbWFnZS9qcGVnfGFESTBMMmhoWlM4eE1UY3lNamczTURFNU5ESXdOaTgxTWpkWGVEVXlOMGhmYm5Wc2JBfDZiN2VjZmQzZDc5MWIxNjQ1MTM4Y2RlZjQ5YzU3OTc1ZjFhMTAwOTEwZTA5NTY3YmMxYWM1YTA3MmYyOTk2OTQ&v=1738628224157",
        "images": []
    },
    {
        "product_url": "https://www.heinemann-shop.com/en/global/anthon-berg/anhon-berg-marzipan-advent-calendar-325g/p/000000000001519700/",
        "brand_name": "Anthon Berg",
        "brand_url": "https://www.heinemann-shop.com/en/global/anthon-berg/c/BRAND_0604/",
        "product_name": "Anhon Berg Marzipan Advent Calendar 325g",
        "quantity": "0.325\u00a0kg",
        "price": "\u20ac22.50",
        "price_per_quantity": "(\u20ac69.23 / 1 kg)",
        "stock_availability": "",
        "description": "New Christmas calendar for adults with well-known and classic Anthon Berg marzipan icons",
        "primary_image": "https://www.heinemann-shop.com/medias/527Wx527H-null?context=bWFzdGVyfGltYWdlc3w5NzA2M3xpbWFnZS9qcGVnfGFHUTNMMmhoWWk4eE1EVTVOVFV5TkRBNE16YzBNaTgxTWpkWGVEVXlOMGhmYm5Wc2JBfGM0ZWZjYjQ1Y2ZiMDA0NTkwOWQxMjMyNzIyMDJkNzcwODE2ODJiYWNlYmFlM2UxZGUyYTVmMjU5ZmFhODJhNWY&v=1714011615684",
        "images": [
            "https://www.heinemann-shop.com/medias/527Wx527H-null?context=bWFzdGVyfGltYWdlc3w5NzA2M3xpbWFnZS9qcGVnfGFHUTNMMmhoWWk4eE1EVTVOVFV5TkRBNE16YzBNaTgxTWpkWGVEVXlOMGhmYm5Wc2JBfGM0ZWZjYjQ1Y2ZiMDA0NTkwOWQxMjMyNzIyMDJkNzcwODE2ODJiYWNlYmFlM2UxZGUyYTVmMjU5ZmFhODJhNWY&v=1714011615684",
            "https://www.heinemann-shop.com/medias/527Wx527H-null?context=bWFzdGVyfGltYWdlc3w1MjIwOXxpbWFnZS9qcGVnfGFEVTVMMmhsTUM4eE1EVTVOVFV5TlRNMk1UWTVOQzgxTWpkWGVEVXlOMGhmYm5Wc2JBfDJmZjE1MzZjNjRlZDg4NTFlOWExNTViODhkNmVhYTdjMTc3ZTUxMDlhNDFmY2QzOTc4MWI1OWViNTZkODZjNTk&v=1714011653583"
        ]
    },
    {
        "product_url": "https://www.heinemann-shop.com/en/global/malaco/malaco-g-b-mums-450g/p/000000000001564287/",
        "brand_name": "Malaco",
        "brand_url": "https://www.heinemann-shop.com/en/global/malaco/c/BRAND_2915/",
        "product_name": "Malaco G&B Mums 450g",
        "quantity": "0.45\u00a0kg",
        "price": "\u20ac7.90",
        "price_per_quantity": "(\u20ac17.56 / 1 kg)",
        "stock_availability": "",
        "description": "G&B Mums is a fantastic Malaco blend that is only available in Travel Retail.",
        "primary_image": "https://www.heinemann-shop.com/medias/527Wx527H-null?context=bWFzdGVyfGltYWdlc3wyMDkwNjR8aW1hZ2UvanBlZ3xhRFl4TDJnMU9DODVOelEyTmpFME9UUXpOemMwTHpVeU4xZDROVEkzU0Y5dWRXeHN8M2Q4NTVmOTU0MDgyNDViY2ExZDU2YzQwNGYzMDM3ZTViMjc4M2Y4YjBlYmM3MjkzY2JhNjA3ZTM1Y2UwMDM3MQ&v=1678915885051",
        "images": []
    },
    {
        "product_url": "https://www.heinemann-shop.com/en/global/milka/milka-37g-oreo-single/p/000000000001482120/",
        "brand_name": "Milka",
        "brand_url": "https://www.heinemann-shop.com/en/global/milka/c/BRAND_0831/",
        "product_name": "Milka 37g Oreo Single",
        "quantity": "0.037\u00a0kg",
        "price": "",
        "price_per_quantity": "(\u20ac78.38 / 1 kg)",
        "stock_availability": "",
        "description": "Alpine Milk chocolate bar filled with classic Oreo biscuit pieces.",
        "primary_image": "https://www.heinemann-shop.com/medias/527Wx527H-null?context=bWFzdGVyfGltYWdlc3wzMzIxNnxpbWFnZS9qcGVnfGFETXpMMmhpTXk4NU9EQXhNVEl4T1RVMU9EY3dMelV5TjFkNE5USTNTRjl1ZFd4c3w5YzY3NzdhOWNmMjcwYzBiZTMxMzhmMDAwOWViMzc1YzkyNDQ2NmQzMDYyZWEwZjQ1ZjFmMGJhMjk5YzEyY2Mz&v=1691499315386",
        "images": []
    },
    {
        "product_url": "https://www.heinemann-shop.com/en/global/skipper-s-pipes/skipper-s-pipes-original-18-pack/p/000000000001511859/",
        "brand_name": "Skipper's Pipes",
        "brand_url": "https://www.heinemann-shop.com/en/global/skipper-s-pipes/c/BRAND_5462/",
        "product_name": "Skipper\u00b4s Pipes Original 18-pack",
        "quantity": "0.306\u00a0kg",
        "price": "\u20ac10.50",
        "price_per_quantity": "(\u20ac34.31 / 1 kg)",
        "stock_availability": "",
        "description": "Sweet Licorice with flavour",
        "primary_image": "https://www.heinemann-shop.com/medias/527Wx527H-null?context=bWFzdGVyfGltYWdlc3w0Njg2MHxpbWFnZS9qcGVnfGFEYzNMMmd5WVM4eE1USTROakEwTmpZd05UTTBNaTgxTWpkWGVEVXlOMGhmYm5Wc2JBfGJjZmE5NTI5NjY0NTUzMmJlZGYzMzg2NGY5YTlmYmE0YzNlYjg0Njg0YWIxMjMxMDFiOTFlYzcyNDlkMzEwM2U&v=1729321167474",
        "images": []
    },
    {
        "product_url": "https://www.heinemann-shop.com/en/global/pingvin/pingvin-sweet-berry-winegums-270g/p/000000000001445461/",
        "brand_name": "Pingvin",
        "brand_url": "https://www.heinemann-shop.com/en/global/pingvin/c/BRAND_0392/",
        "product_name": "Pingvin Sweet Berry Winegums 270g",
        "quantity": "0.27\u00a0kg",
        "price": "\u20ac6.90",
        "price_per_quantity": "(\u20ac25.56 / 1 kg)",
        "stock_availability": "",
        "description": "Our Pingvin Sweet Berry Winegums are absolute favourites, popular with kids as well as adults for many years. Their chewy texture and deliciously fresh flavours make them sure carry-on choices for every journey",
        "primary_image": "https://www.heinemann-shop.com/medias/527Wx527H-null?context=bWFzdGVyfGltYWdlc3w1OTQ1MHxpbWFnZS9qcGVnfGFEaGpMMmhsTXk4eE1USTROVGcyTWpJMU1qVTNOQzgxTWpkWGVEVXlOMGhmYm5Wc2JBfGU1OWIyNmU5OGNmM2UwOTgwZGFmYzZmY2RjZTBjNWMzZDM4NjYyZGEwNDE5ZmVkMTg3MGUzYjM4ZTFmY2YxZWU&v=1729319934269",
        "images": []
    },
    {
        "product_url": "https://www.heinemann-shop.com/en/global/ahlgrens/ahlgrens-bilar-limousiner-390g/p/000000000001473019/",
        "brand_name": "Ahlgrens",
        "brand_url": "https://www.heinemann-shop.com/en/global/ahlgrens/c/BRAND_4801/",
        "product_name": "Ahlgrens Bilar Limousiner 390g",
        "quantity": "0.39\u00a0kg",
        "price": "\u20ac10.90",
        "price_per_quantity": "(\u20ac27.95 / 1 kg)",
        "stock_availability": "",
        "description": "In 1953, Ahlgren's candy factory in G\u00e4vle wanted to produce marshmallows, but the result was not as they had imagined. Instead, it was foam candy pieces that looked like cars and tasted fantastically good. Thus Ahlgren's cars - Sweden's most bought car - were born! Ahlgrens Bilar is the world's best-selling car and their Limousine version has the greatest size and taste experience!",
        "primary_image": "https://www.heinemann-shop.com/medias/527Wx527H-null?context=bWFzdGVyfGltYWdlc3w1ODAzM3xpbWFnZS9qcGVnfGFEVTVMMmcyWWk4eE1USTROVGcyTlRjNU1UVXhPQzgxTWpkWGVEVXlOMGhmYm5Wc2JBfDk1Zjg1ZGY2MDM2NDE1YTgxYzMxNTMwOWMyNzVlNmY2NDdjMDU2YTRjNzgyYTIyMDkzZTg5NWYyYzU2MzM2ZjU&v=1729320151470",
        "images": []
    },
    {
        "product_url": "https://www.heinemann-shop.com/en/global/malaco/malaco-kick-266g/p/000000000001376813/",
        "brand_name": "Malaco",
        "brand_url": "https://www.heinemann-shop.com/en/global/malaco/c/BRAND_2915/",
        "product_name": "Malaco Kick 266g",
        "quantity": "0.266\u00a0kg",
        "price": "\u20ac11.50",
        "price_per_quantity": "(\u20ac43.23 / 1 kg)",
        "stock_availability": "",
        "description": "Kick Original is sweet licorice with the characteristic slightly crumbly texture. A guaranteed winner with licorice lovers.",
        "primary_image": "https://www.heinemann-shop.com/medias/527Wx527H-null?context=bWFzdGVyfGltYWdlc3w2MTgyMnxpbWFnZS9qcGVnfGFHSTFMMmhpT1M4eE1USTROVGcxTXpNek9UWTNPQzgxTWpkWGVEVXlOMGhmYm5Wc2JBfGMzYzJlNGI1NDQxNWFkMzg3YzJkZjRiNjZiNjQwMGI1MDUxN2E4ZTMzZWE0NzBmYzNhNjExNjA3MDgwNTNmNTM&v=1729319423552",
        "images": []
    },
    {
        "product_url": "https://www.heinemann-shop.com/en/global/malaco/portioned-sweets-and-with-entertainment-for-children/p/000000000001642992/",
        "brand_name": "Malaco",
        "brand_url": "https://www.heinemann-shop.com/en/global/malaco/c/BRAND_2915/",
        "product_name": "portioned sweets and with entertainment for children",
        "quantity": "0.315\u00a0kg",
        "price": "\u20ac13.50",
        "price_per_quantity": "(\u20ac42.86 / 1 kg)",
        "stock_availability": "",
        "description": "Discover a taste experience that takes you back to the joys of childhood with the Malaco Zoo Suitcase. This nostalgic case of goods contains a diverse mix of favorite Nordic sweets and toys that match the zoo universe.",
        "primary_image": "https://www.heinemann-shop.com/medias/527Wx527H-null?context=bWFzdGVyfGltYWdlc3w5NjUwOHxpbWFnZS9qcGVnfGFEbGxMMmd4TlM4eE1USTROalF3TXpFeU1URTRNaTgxTWpkWGVEVXlOMGhmYm5Wc2JBfGVjOTQ1NTgwYzk3MTI4NmMwNTdmM2ZiZjExODhkNDA0ZWEzMmUxNTkwZGIxMGFmNGEyYWE3MWNlYzllMWE3NGE&v=1729324703691",
        "images": []
    },
    {
        "product_url": "https://www.heinemann-shop.com/en/global/freia/freia-150g-japp-bites-8ca-npd19/p/000000000001405012/",
        "brand_name": "Freia",
        "brand_url": "https://www.heinemann-shop.com/en/global/freia/c/BRAND_1378/",
        "product_name": "Freia 150g Japp Bites 8CA NPD19",
        "quantity": "0.15\u00a0kg",
        "price": "\u20ac3.90",
        "price_per_quantity": "(\u20ac26.00 / 1 kg)",
        "stock_availability": "",
        "description": "Our consumers want variety and surprises, and therefore we are always exploring exciting new taste experiences. New textures, new combinations, new flavors and new formats. Freia Sm\u00e5biter are our well known and loved products, in smaller pieces \u2013 perfectly made for a quick snack that appeals to the whole family. With Freia we are launching one of the first bags inspired by a well-known classic - Freia Japp Sm\u00e5biter, with the soft caramel and chocolate meringue. In addition to the familiar combination of crunchy crispy Oreo-biscuits in a creamy filling with the taste of vanilla, covered in delicious Freia chocolate.",
        "primary_image": "https://www.heinemann-shop.com/medias/527Wx527H-null?context=bWFzdGVyfGltYWdlc3w3Njc3NXxpbWFnZS9qcGVnfGFEUXpMMmd4TXk4NU9EQXdPVGsxTkRNNE5qSXlMelV5TjFkNE5USTNTRjl1ZFd4c3xjOWRkNTk0YjliNGE2NWExZGY1YmZkYjI3N2I2YTg4N2FjMGQ2YjBiNjI1ZTcxMDY5MThlY2U5ZTZhYzc3YmIz&v=1691490325087",
        "images": []
    },
    {
        "product_url": "https://www.heinemann-shop.com/en/global/tutti-frutti/tutti-frutti-natural-assorted-sweets-450g/p/000000000001372460/",
        "brand_name": "Tutti Frutti",
        "brand_url": "https://www.heinemann-shop.com/en/global/tutti-frutti/c/BRAND_5470/",
        "product_name": "Tutti Frutti Natural Assorted sweets 450g",
        "quantity": "0.45\u00a0kg",
        "price": "\u20ac7.50",
        "price_per_quantity": "(\u20ac16.67 / 1 kg)",
        "stock_availability": "",
        "description": "TRAVELLER EXCLUSIVE. Tutti Frutti brings the fun! Tutti Frutti Original is a cheerful assortment of fruity flavors: raspberry, pear, lemon and the unique Tutti Frutti. These original fruit-flavored candies are made with natural colors, gelatin-free and suitable for vegans. They get their fresh taste from natural flavors. This big bag contains enough fruit-flavored candies to share even with a whole bunch of friends.",
        "primary_image": "https://www.heinemann-shop.com/medias/527Wx527H-null?context=bWFzdGVyfGltYWdlc3w2NzU0MHxpbWFnZS9qcGVnfGFEUmpMMmhsTkM4eE1UYzROak01TURBeE1Ua3pOQzgxTWpkWGVEVXlOMGhmYm5Wc2JBfDQxYWNkYjRmZTYyNDhhOWYzYTNiMGQ5ZTU5YjcwOWY0YTI0OTM4Y2NmYjA0M2FkZDEwNGYzZDVmOTRiODZmZjk&v=1739914673839",
        "images": []
    },
    {
        "product_url": "https://www.heinemann-shop.com/en/global/baratti-milano/baratti-milano-fruit-jellies-gift-box/p/000000000001616996/",
        "brand_name": "Baratti & Milano",
        "brand_url": "https://www.heinemann-shop.com/en/global/baratti-milano/c/BRAND_2506/",
        "product_name": "Baratti & Milano Fruit Jellies Gift Box",
        "quantity": "0.4\u00a0kg",
        "price": "",
        "price_per_quantity": "(\u20ac39.98 / 1 kg)",
        "stock_availability": "",
        "description": "Elegant and colourful gift box containing assorted fruit jellies with 22% of fruit juice",
        "primary_image": "https://www.heinemann-shop.com/medias/527Wx527H-null?context=bWFzdGVyfGltYWdlc3wzOTkyM3xpbWFnZS9qcGVnfGFHUmhMMmc1WXk4eE1EUXlNRFExTlRBeE5EUXpNQzgxTWpkWGVEVXlOMGhmYm5Wc2JBfGY3Nzk1MzM5YTYwOWQ5ODY0M2E2NTRiMzA5ZTA3YTQ3YTdmNGJkYmY0NGQyOGUwNTY3M2U2ZjMwOTNkYTdmMWE&v=1709934393642",
        "images": []
    },
    {
        "product_url": "https://www.heinemann-shop.com/en/global/ahlgrens/ahlgrens-bilar-saltlakrits-travel-box-390g/p/000000000001376810/",
        "brand_name": "Ahlgrens",
        "brand_url": "https://www.heinemann-shop.com/en/global/ahlgrens/c/BRAND_4801/",
        "product_name": "Ahlgrens Bilar Saltlakrits Travel Box 390g",
        "quantity": "0.39\u00a0kg",
        "price": "\u20ac9.30",
        "price_per_quantity": "(\u20ac23.85 / 1 kg)",
        "stock_availability": "",
        "description": "In 1953, Ahlgren's candy factory in G\u00e4vle wanted to produce marshmallows, but the result was not as they had imagined. Instead, it was foam candy pieces that looked like cars and tasted fantastically good. Thus Ahlgren's cars - Sweden's most bought car - were born! Pack of three bags Ahlgrens Bilar collected in one. These are small foam cars with a salty liqourice flavour. Only available at Duty Free.",
        "primary_image": "https://www.heinemann-shop.com/medias/527Wx527H-null?context=bWFzdGVyfGltYWdlc3w5MzY4OHxpbWFnZS9qcGVnfGFERXpMMmcyTVM4eE1USTROVGcwT1RJeE1Ea3hNQzgxTWpkWGVEVXlOMGhmYm5Wc2JBfGEzOWU3MWU3YmYxNTBkYmEzZThhMWExODAxYzJjZWQ3ZmM2NTgyMTYxYWU2MDA5YjQwMTUyNWI0ZDEzYjQ1ODQ&v=1729319165857",
        "images": []
    },
    {
        "product_url": "https://www.heinemann-shop.com/en/global/skipper-s-pipes/malaco-skipper-s-mini-pipes-192g/p/000000000001626592/",
        "brand_name": "Skipper's Pipes",
        "brand_url": "https://www.heinemann-shop.com/en/global/skipper-s-pipes/c/BRAND_5462/",
        "product_name": "Malaco Skipper's Mini Pipes 192g",
        "quantity": "0.192\u00a0kg",
        "price": "\u20ac6.90",
        "price_per_quantity": "(\u20ac35.94 / 1 kg)",
        "stock_availability": "",
        "description": "SSkipper\u2019s Pipes is a classic brand and product founded in Finland in the 1920\u2019s. You can find the iconic pipe-shaped licorice in many different packaging that fit your needs!",
        "primary_image": "https://www.heinemann-shop.com/medias/527Wx527H-null?context=bWFzdGVyfGltYWdlc3w2NjQyNHxpbWFnZS9qcGVnfGFHSTBMMmc0TkM4eE1UYzRNall6T0RjMk5EQTJNaTgxTWpkWGVEVXlOMGhmYm5Wc2JBfGNjMjM5MGYyNDhiZDgzNDcxNmZhMjU2MDVjMzFjOGIzMDI0NDg2NjRiNDllZDkwNGM0MjE2ZTYzNGJmNjBjMzA&v=1739831430580",
        "images": [
            "https://www.heinemann-shop.com/medias/527Wx527H-null?context=bWFzdGVyfGltYWdlc3w2NjQyNHxpbWFnZS9qcGVnfGFHSTBMMmc0TkM4eE1UYzRNall6T0RjMk5EQTJNaTgxTWpkWGVEVXlOMGhmYm5Wc2JBfGNjMjM5MGYyNDhiZDgzNDcxNmZhMjU2MDVjMzFjOGIzMDI0NDg2NjRiNDllZDkwNGM0MjE2ZTYzNGJmNjBjMzA&v=1739831430580",
            "https://www.heinemann-shop.com/medias/527Wx527H-null?context=bWFzdGVyfGltYWdlc3w4MjU3OHxpbWFnZS9qcGVnfGFEUmlMMmhsT0M4eE1UYzRNalkwTURFM016QTROaTgxTWpkWGVEVXlOMGhmYm5Wc2JBfGE1MDU0YWI3YjBiMDdjMTA5MDI0Y2Q2YWU2M2EyNjI4YTg4OTRiMGY1MmJjMGE0OTk0OWMwOTFmODNjOWZhYjA&v=1739831482554",
            "https://www.heinemann-shop.com/medias/527Wx527H-null?context=bWFzdGVyfGltYWdlc3w4MjcwNHxpbWFnZS9qcGVnfGFHTXlMMmhtTVM4eE1UYzRNalkwTURRd01qUTJNaTgxTWpkWGVEVXlOMGhmYm5Wc2JBfGJjMDc1ZTJmY2JjNDEyZmIzZTUwZDY0YjYxZDQ1MjNhZjVjMDk3MTM4MTRjMjA4YjBiYTMyMDQ4Y2RiOTVmNTU&v=1739831492548"
        ]
    },
    {
        "product_url": "https://www.heinemann-shop.com/en/global/lakrids-by-buelow/lakrids-by-buelow-crunchy-toffee-regular-295g/p/000000000001597780/",
        "brand_name": "Lakrids by B\u00fclow",
        "brand_url": "https://www.heinemann-shop.com/en/global/lakrids-by-buelow/c/BRAND_7902/",
        "product_name": "Lakrids by B\u00fclow - Crunchy Toffee - Regular 295g",
        "quantity": "0.295\u00a0kg",
        "price": "\u20ac19.90",
        "price_per_quantity": "(\u20ac67.46 / 1 kg)",
        "stock_availability": "",
        "description": "Enjoy a creamy sensation when you bite into the wonderful combination of delicious soft milk chocolate, crunchy caramel made of French butter and cream, completed by a core of salty liquorice. You simply can\u2019t have just one.",
        "primary_image": "https://www.heinemann-shop.com/medias/527Wx527H-null?context=bWFzdGVyfGltYWdlc3w0Njc1NXxpbWFnZS9qcGVnfGFHWTJMMmhtT0M4eE1UYzRNalkxTXpJNE1ESTROaTgxTWpkWGVEVXlOMGhmYm5Wc2JBfDZhZTIxNTY5MGZjMzM5OTAwYzY4MjA1OGM4YTQxNWE5MDQ0NTA2MTIyYmU4ZDRjOGM1YzgzYzY1YTNkODRmYzU&v=1739832490428",
        "images": []
    },
    {
        "product_url": "https://www.heinemann-shop.com/en/global/be-kind/be-kind-mixed-nuts-bar-with-almonds-dark-chocolate-and-sea-salt-40g/p/000000000001625454/",
        "brand_name": "BE-KIND",
        "brand_url": "https://www.heinemann-shop.com/en/global/be-kind/c/BRAND_A065/",
        "product_name": "Be-Kind mixed nuts bar with almonds, dark chocolate and sea salt 40g",
        "quantity": "0.04\u00a0kg",
        "price": "\u20ac3.50",
        "price_per_quantity": "(\u20ac87,500.00 / 1000 kg)",
        "stock_availability": "",
        "description": "Dark Chocolate Nuts and Sea Salt is a sweet and salty blend of nuts and chocolate with a sprinkle of sea salt.",
        "primary_image": "https://www.heinemann-shop.com/medias/527Wx527H-null?context=bWFzdGVyfGltYWdlc3wzNTAzNHxpbWFnZS9qcGVnfGFEWXdMMmd3TXk4eE1EWXdNVE0wT1RFMU1qYzVPQzgxTWpkWGVEVXlOMGhmYm5Wc2JBfGZmOTJhMzgxYTgxOWQ0MTM3MTBkNzQ3ZDBhYzZmMmZmNzZkNzgzZDJhZDhlYTI1NWFiNWQ2M2ExNWQ5Zjk1ODY&v=1714144320840",
        "images": []
    },
    {
        "product_url": "https://www.heinemann-shop.com/en/global/wrigley-s/wrigley-s-extra-white-sweet-fruit-chewing-gum-98g/p/000000000001611190/",
        "brand_name": "Wrigley's",
        "brand_url": "https://www.heinemann-shop.com/en/global/wrigley-s/c/BRAND_2063/",
        "product_name": "Wrigley's EXTRA White Sweet Fruit chewing gum 98g",
        "quantity": "0.098\u00a0kg",
        "price": "\u20ac8.30",
        "price_per_quantity": "(\u20ac84.69 / 1 kg)",
        "stock_availability": "",
        "description": "Extra helps to keep teeth clean and neutralize plaque acids, so you have the confidence to smile and be at your best throughout theday. This multipack contains 7 x 10pc of Extra White Sweet Fruit gum.",
        "primary_image": "https://www.heinemann-shop.com/medias/527Wx527H-null?context=bWFzdGVyfGltYWdlc3wzMTQ5MXxpbWFnZS9qcGVnfGFHVm1MMmd4TXk4NU9USXpPRE0xT1RnMU9UVXdMelV5TjFkNE5USTNTRjl1ZFd4c3xlMzQxNjM5ZjUzNTczMWIxMDQyZDcwMGQzYjUzZDgwNDAxZGEwMGM4Nzc5MTYzYjg2NDlmOWU3MDhkN2MwYzQx&v=1697661732843",
        "images": []
    },
    {
        "product_url": "https://www.heinemann-shop.com/en/global/wrigley-s/wrigley-s-extra-peppermint-chewing-gum/p/000000000001610918/",
        "brand_name": "Wrigley's",
        "brand_url": "https://www.heinemann-shop.com/en/global/wrigley-s/c/BRAND_2063/",
        "product_name": "Wrigley's EXTRA Peppermint chewing gum",
        "quantity": "0.098\u00a0kg",
        "price": "\u20ac8.30",
        "price_per_quantity": "(\u20ac84.69 / 1 kg)",
        "stock_availability": "",
        "description": "Extra helps to keep teeth clean and neutralize plaque acids, so you have the confidence to smile and be at your best throughout theday. This multipack contains 7 x 10pc of Extra Peppermint gum.",
        "primary_image": "https://www.heinemann-shop.com/medias/527Wx527H-null?context=bWFzdGVyfGltYWdlc3wyNzQwMHxpbWFnZS9qcGVnfGFEWTVMMmhrTmk4NU9USXpPRE15T1RjeE1qazBMelV5TjFkNE5USTNTRjl1ZFd4c3wzYWZjZTIzZmI4MzhkYWQ1ZWZhNmVhZWQ4ZjljY2M0MDg4YmYzOTE0NjhmMGY1ODc4YWVkZjU1MTUxMDhlN2Nj&v=1697661600143",
        "images": []
    },
    {
        "product_url": "https://www.heinemann-shop.com/en/global/lakrids-by-buelow/lakrids-by-buelow-crispy-caramel-regular-295g/p/000000000001597099/",
        "brand_name": "Lakrids by B\u00fclow",
        "brand_url": "https://www.heinemann-shop.com/en/global/lakrids-by-buelow/c/BRAND_7902/",
        "product_name": "Lakrids by B\u00fclow - Crispy Caramel - Regular 295g",
        "quantity": "0.295\u00a0kg",
        "price": "\u20ac19.90",
        "price_per_quantity": "(\u20ac67.46 / 1 kg)",
        "stock_availability": "",
        "description": "Bite into a beautifully, speckled lightbrown shell and enjoy how silky dulche chocolate blends perfectly together with raw liquorice powder and a core of soft liquorice. Small flakes of sea salt complete the sensory experience.",
        "primary_image": "https://www.heinemann-shop.com/medias/527Wx527H-null?context=bWFzdGVyfGltYWdlc3w0MzM5MnxpbWFnZS9qcGVnfGFHUmhMMmd6Tmk4eE1UYzRNalkxTlRFNE1EZ3pNQzgxTWpkWGVEVXlOMGhmYm5Wc2JBfDBjY2E1ODI1N2U1N2M5MjEwY2Y4MWIxOGI2MGE0ZWU2YzMzZTgwMGQwYzVhN2ExZTNmNDA0ZGM5MjBkMWU0ZGI&v=1739832581446",
        "images": []
    },
    {
        "product_url": "https://www.heinemann-shop.com/en/global/laekerol/laekerol-lemon-tr-4x25g/p/000000000001564307/",
        "brand_name": "L\u00e4kerol",
        "brand_url": "https://www.heinemann-shop.com/en/global/laekerol/c/BRAND_4802/",
        "product_name": "L\u00e4kerol Lemon TR 4x25g",
        "quantity": "0.1\u00a0kg",
        "price": "\u20ac5.90",
        "price_per_quantity": "(\u20ac59.00 / 1 kg)",
        "stock_availability": "",
        "description": "L\u00e4kerol was introduced in Sweden in 1909 and has now been a beloved classic for over 100 years. The well-known pastille carries with it a long history that has survived two world wars, been delivered in a gold box to royalty and sponsored Sweden's first glider. L\u00e4kerol are liqourice or fruity sugar-free and vegan pastilles that freshens the breath. There's a broad selection of flavours for any liking. L\u00e4kerol - Makes people talk.",
        "primary_image": "https://www.heinemann-shop.com/medias/527Wx527H-null?context=bWFzdGVyfGltYWdlc3w3MzM3MXxpbWFnZS9qcGVnfGFESTRMMmhsWkM4eE1USTROakEyTlRnM01qa3lOaTgxTWpkWGVEVXlOMGhmYm5Wc2JBfDlhNjllY2E1YzY4ODZiZDE0ODMxN2YzMGIyNmEzMmNkZDM1MjRjZDczN2NjOGYxNzgzNjNlMjdmM2E4YzBlNTU&v=1729322282820",
        "images": []
    },
    {
        "product_url": "https://www.heinemann-shop.com/en/global/guylian/guylian-seashells-dark-praline-337g/p/000000000001564679/",
        "brand_name": "Guylian",
        "brand_url": "https://www.heinemann-shop.com/en/global/guylian/c/BRAND_1409/",
        "product_name": "Guylian Seashells Dark Pralin\u00e9 337g",
        "quantity": "0.337\u00a0kg",
        "price": "\u20ac14.90",
        "price_per_quantity": "(\u20ac44.21 / 1 kg)",
        "stock_availability": "",
        "description": "Our new dark pralin\u00e9 chocolate takes our original artisanal recipe of carefully selected roasted hazelnuts and combines it with velvety dark chocolate.",
        "primary_image": "https://www.heinemann-shop.com/medias/527Wx527H-null?context=bWFzdGVyfGltYWdlc3w0MzcyN3xpbWFnZS9qcGVnfGFHSmxMMmhsTVM4eE1UYzROak01TkRreU56RXpOQzgxTWpkWGVEVXlOMGhmYm5Wc2JBfDdiZDExNTEwOGM3M2Y1MzkzNmUxNDI4ZWJjYmRkYzFlZmRkN2YyZTkzZWFlYTRlNDAwYTk0NzBiNTU2OWMwZjg&v=1739915108053",
        "images": []
    },
    {
        "product_url": "https://www.heinemann-shop.com/en/global/malaco/malaco-g-b-salt-450-g/p/000000000001515050/",
        "brand_name": "Malaco",
        "brand_url": "https://www.heinemann-shop.com/en/global/malaco/c/BRAND_2915/",
        "product_name": "Malaco G &B Salt 450 g",
        "quantity": "0.45\u00a0kg",
        "price": "\u20ac7.90",
        "price_per_quantity": "(\u20ac17.56 / 1 kg)",
        "stock_availability": "",
        "description": "Malaco Gott & Blandat Salt is a great mix of salty sweets in different shapes and textures. A must for those who love salty licorice. The bag of sweets contains flavours such as jalapeno, licorice, honey and mild salmiak. . Only available at Duty Free.",
        "primary_image": "https://www.heinemann-shop.com/medias/527Wx527H-null?context=bWFzdGVyfGltYWdlc3wyMDE4NTF8aW1hZ2UvanBlZ3xhRFV5TDJnNVppOHhNVEk0TmpBMU1UazNPVEk1TkM4MU1qZFhlRFV5TjBoZmJuVnNiQXw1OWMwMzJkOWQwYWViNjk3OTcxODY0MTJjMTA1MDJmMTMwMDBlNDQ3NjU2YzJmNzhmNjIwZTA0NGE4NTIzMTg0&v=1729321469236",
        "images": []
    },
    {
        "product_url": "https://www.heinemann-shop.com/en/global/anthon-berg/anthon-berg-chocolate-liqueurs-250g/p/000000000001318950/",
        "brand_name": "Anthon Berg",
        "brand_url": "https://www.heinemann-shop.com/en/global/anthon-berg/c/BRAND_0604/",
        "product_name": "Anthon Berg Chocolate Liqueurs 250g",
        "quantity": "0.25\u00a0kg",
        "price": "\u20ac17.50",
        "price_per_quantity": "(\u20ac70.00 / 1 kg)",
        "stock_availability": "",
        "description": "Worldwide renowned bottle-shaped chocolates endorsed by some of the most famous original liqueur brands. They have no sugar crust inside which gives a superior taste",
        "primary_image": "https://www.heinemann-shop.com/medias/527Wx527H-null?context=bWFzdGVyfGltYWdlc3wzNDA0MnxpbWFnZS9qcGVnfGFHUXdMMmd4TUM4NU56ZzNNRGsxTVRVME56RTRMelV5TjFkNE5USTNTRjl1ZFd4c3w0MDIwOWVjNDM2MTRmZTY5ZmI2OTczZjNmZTZlYWNhNDE5MjM2NTBhNmVkOGFmMTA0YmVjMzEzMGNjNDYwMjRl&v=1689283812185",
        "images": []
    },
    {
        "product_url": "https://www.heinemann-shop.com/en/global/skipper/skipper-licorice-200g/p/000000000001472385/",
        "brand_name": "Skipper",
        "brand_url": "https://www.heinemann-shop.com/en/global/skipper/c/BRAND_5461/",
        "product_name": "Skipper licorice 200g",
        "quantity": "0.2\u00a0kg",
        "price": "\u20ac4.30",
        "price_per_quantity": "(\u20ac21.50 / 1 kg)",
        "stock_availability": "",
        "description": "Skipper licorice boats are cute, gentle licorice boats that have navigated Norwegian waters since 1922!",
        "primary_image": "https://www.heinemann-shop.com/medias/1472385-527Wx527H?context=bWFzdGVyfGltYWdlc3w1ODczMnxpbWFnZS9qcGVnfGFHSmlMMmhoTUM4NU5qZzBNRGt4TVRjME9UUXlMekUwTnpJek9EVmZOVEkzVjNnMU1qZEl8NDMyNjE0M2M3YzllOTIxOGU2OGFjZjA1NTkwY2NkYzc3OTM5ZTcwNjk0ZmFmZGNiNGY5MTNlNDczNWJhNGJiYw&v=1653089553298",
        "images": []
    },
    {
        "product_url": "https://www.heinemann-shop.com/en/global/lakrids-by-buelow/liquorice-coated-with-sea-salt-dulce-chocolate-and-sugar/p/000000000001467129/",
        "brand_name": "Lakrids by B\u00fclow",
        "brand_url": "https://www.heinemann-shop.com/en/global/lakrids-by-buelow/c/BRAND_7902/",
        "product_name": "Liquorice coated with sea salt, dulce chocolate and sugar",
        "quantity": "0.48\u00a0kg",
        "price": "\u20ac24.90",
        "price_per_quantity": "(\u20ac51.88 / 1 kg)",
        "stock_availability": "",
        "description": "Bite into a beautifully, speckled lightbrown shell and enjoy how silky dulche chocolate blends perfectly together with raw liquorice powder and a core of soft liquorice. Small flakes of sea salt complete the sensory experience.",
        "primary_image": "https://www.heinemann-shop.com/medias/527Wx527H-null?context=bWFzdGVyfGltYWdlc3w3MDg1M3xpbWFnZS9qcGVnfGFEazNMMmd6Tmk4eE1UYzRNalkwT0RFMk9EUTNPQzgxTWpkWGVEVXlOMGhmYm5Wc2JBfGZmYTRjOTEwZTQwZDFjZDRlMGJmOWQ0NGU0YWUxMWZjZDAzYjU0NjI4NGM2NTZiMTc4OGJmZWZlZWM4OWI2ZDQ&v=1739832072128",
        "images": []
    },
    {
        "product_url": "https://www.heinemann-shop.com/en/global/pingvin/pingvin-sweet-liquorice-270g/p/000000000001445460/",
        "brand_name": "Pingvin",
        "brand_url": "https://www.heinemann-shop.com/en/global/pingvin/c/BRAND_0392/",
        "product_name": "Pingvin Sweet Liquorice 270g",
        "quantity": "0.27\u00a0kg",
        "price": "\u20ac6.90",
        "price_per_quantity": "(\u20ac25.56 / 1 kg)",
        "stock_availability": "",
        "description": "Our Pingvin Sweet Liquorice Pastilles are absolute favourites, popular with kids as well as adults for many years. Their chewy texture and deliciously fresh flavours make them sure carry-on choices for every journey",
        "primary_image": "https://www.heinemann-shop.com/medias/527Wx527H-null?context=bWFzdGVyfGltYWdlc3w1Nzk5NHxpbWFnZS9qcGVnfGFEa3hMMmhqTnk4eE1USTROVGcyTVRnNU1qRXlOaTgxTWpkWGVEVXlOMGhmYm5Wc2JBfDg4YzJmZmJlM2E1ZTdlYmUxY2I2YThiMGRhMWM0OTczOGJhYjExY2JhY2JkYTc1OWZjOWY0YzI3MWNhZTdjNTk&v=1729319919141",
        "images": []
    },
    {
        "product_url": "https://www.heinemann-shop.com/en/global/toblerone/toblerone-advent-calendar-200g/p/000000000001400060/",
        "brand_name": "Toblerone",
        "brand_url": "https://www.heinemann-shop.com/en/global/toblerone/c/BRAND_0485/",
        "product_name": "Toblerone Advent calendar 200g",
        "quantity": "0.2\u00a0kg",
        "price": "\u20ac14.90",
        "price_per_quantity": "(\u20ac74.50 / 1 kg)",
        "stock_availability": "",
        "description": "Looking for a perfect gift for your loved ones? Don\u2019t miss Toblerone\u2019s unique calendar in the shape of a real Toblerone with 25 individually wrapped pieces of delicious Toblerone: Milk, White Dark and Crunchy Almonds Chocolate in miniature 8g bars. A surprising and emotional gift to bring back home and enjoy one of the favourite Mini Toblerone piece every day during this festive season.",
        "primary_image": "https://www.heinemann-shop.com/medias/527Wx527H-null?context=bWFzdGVyfGltYWdlc3w0NjkzNXxpbWFnZS9qcGVnfGFEUXpMMmczTnk4eE1EVTRPVGN6TnpJeU1qRTNOQzgxTWpkWGVEVXlOMGhmYm5Wc2JBfGZhYWMwNzljYjI0NzhiN2IyNDc0YmVhNWRjNjY1YzQ0N2U1ZTM2N2E2ZGZlY2IyMmRiOWIyNWZjY2Y3OWIzNzA&v=1713847294892",
        "images": [
            "https://www.heinemann-shop.com/medias/527Wx527H-null?context=bWFzdGVyfGltYWdlc3w0NjkzNXxpbWFnZS9qcGVnfGFEUXpMMmczTnk4eE1EVTRPVGN6TnpJeU1qRTNOQzgxTWpkWGVEVXlOMGhmYm5Wc2JBfGZhYWMwNzljYjI0NzhiN2IyNDc0YmVhNWRjNjY1YzQ0N2U1ZTM2N2E2ZGZlY2IyMmRiOWIyNWZjY2Y3OWIzNzA&v=1713847294892",
            "https://www.heinemann-shop.com/medias/527Wx527H-null?context=bWFzdGVyfGltYWdlc3w1MzU3NXxpbWFnZS9qcGVnfGFHRmpMMmd3WkM4eE1EVTRPVGN6T0RJd05USXhOQzgxTWpkWGVEVXlOMGhmYm5Wc2JBfGI1Y2U0Zjk5YTk5YTQ4ODkzZWMxY2YxMjcwNzI5MjFhMTllMzVmN2ZhYjUxNWNhZWI1MTMzZGU0ZDEwNDc3Y2U&v=1713847374430",
            "https://www.heinemann-shop.com/medias/527Wx527H-null?context=bWFzdGVyfGltYWdlc3w1Mjk1OXxpbWFnZS9qcGVnfGFESmxMMmd3Tmk4eE1EVTRPVGN6T0RRMk56TTFPQzgxTWpkWGVEVXlOMGhmYm5Wc2JBfDBkNTUwNmFlN2YxMzg5NWM3ZWMwOWI3MmU0OWJmYzMyMmRlNzBjMGQxOWZkMGM2NDQxYTgwZmU1MGY0NDkzNWY&v=1713847382859"
        ]
    },
    {
        "product_url": "https://www.heinemann-shop.com/en/global/malaco/malaco-gott-blandat-original-450g/p/000000000001473017/",
        "brand_name": "Malaco",
        "brand_url": "https://www.heinemann-shop.com/en/global/malaco/c/BRAND_2915/",
        "product_name": "Malaco Gott & Blandat Original 450g",
        "quantity": "0.45\u00a0kg",
        "price": "\u20ac7.90",
        "price_per_quantity": "(\u20ac17.56 / 1 kg)",
        "stock_availability": "",
        "description": "Scandinavia's best-selling winegum variant! The candy bag contains a unique blend of sweet and salty sweets with a soft texture, which means that there is something for everyone. The bag's mix consists of popular wine gum in different fruity flavors, salty licorice and the famous revolver licorice. The mixed content makes the bag a clear family favorite and has variants that suit everyone and makes it great to share.",
        "primary_image": "https://www.heinemann-shop.com/medias/527Wx527H-null?context=bWFzdGVyfGltYWdlc3wyMzIzMzl8aW1hZ2UvanBlZ3xhR1k1TDJnMU9TOHhNVEk0TlRnMk5USTJOekl6TUM4MU1qZFhlRFV5TjBoZmJuVnNiQXw4OTkwMTg1YTFmZmNmZjY4ZTRkYzVhM2Y1NDA3MDcxYjAzZWFhOWM2Y2Q5N2JlZWM3ZTg1OWU5NWUyODJlM2M4&v=1729320123024",
        "images": []
    },
    {
        "product_url": "https://www.heinemann-shop.com/en/global/pingvin/pingvin-salty-caramel-270g/p/000000000001457090/",
        "brand_name": "Pingvin",
        "brand_url": "https://www.heinemann-shop.com/en/global/pingvin/c/BRAND_0392/",
        "product_name": "Pingvin Salty Caramel 270g",
        "quantity": "0.27\u00a0kg",
        "price": "\u20ac6.90",
        "price_per_quantity": "(\u20ac25.56 / 1 kg)",
        "stock_availability": "",
        "description": "Delicious new liquorice pastille with caramel and salt",
        "primary_image": "https://www.heinemann-shop.com/medias/527Wx527H-null?context=bWFzdGVyfGltYWdlc3w1NzM5MnxpbWFnZS9qcGVnfGFHWXlMMmc0TXk4eE1USTROVGczTVRBNU9Ua3pOQzgxTWpkWGVEVXlOMGhmYm5Wc2JBfDNhN2FmZGU3ZDI0Mjg2YTdhNDNmMjMxZGFiZDc0MmVjZjJlZTc4ODQyMzk1MjAzZGQ1ZGQ3YjAyY2Y0NGQ5ZmU&v=1729320468085",
        "images": []
    },
    {
        "product_url": "https://www.heinemann-shop.com/en/global/candyrific-unicorn/einhorn-chocolate-egg-3-pack-60g/p/000000000001443490/",
        "brand_name": "CandyRific/Unicorn",
        "brand_url": "https://www.heinemann-shop.com/en/global/candyrific-unicorn/c/BRAND_8536/",
        "product_name": "Einhorn Chocolate Egg 3-pack 60g",
        "quantity": "0.06\u00a0kg",
        "price": "\u20ac5.70",
        "price_per_quantity": "(\u20ac95.00 / 1 kg)",
        "stock_availability": "",
        "description": "Fine milk chocolate eggs each with a nice Unicorn collectable figurine inside",
        "primary_image": "https://www.heinemann-shop.com/medias/527Wx527H-null?context=bWFzdGVyfGltYWdlc3w2MjczN3xpbWFnZS9qcGVnfGFETXdMMmcwTWk4NU56azBNVEUwTURJM05UVXdMelV5TjFkNE5USTNTRjl1ZFd4c3w1NWIwMjI0NmUxMjk4ZjUyMGZmMjViMmExMjhhZGZiMDlmOTVlYzViMzZlZDBjYzUwMzI2MjdjNWY2Mzk3ZTY2&v=1690231033967",
        "images": []
    },
    {
        "product_url": "https://www.heinemann-shop.com/en/global/fisherman-s-friend/fisherman-s-friend-raspberry-pastilles-4x25g/p/000000000001440250/",
        "brand_name": "Fisherman's Friend",
        "brand_url": "https://www.heinemann-shop.com/en/global/fisherman-s-friend/c/BRAND_0493/",
        "product_name": "Fisherman's Friend Raspberry pastilles 4x25g",
        "quantity": "0.1\u00a0kg",
        "price": "\u20ac6.70",
        "price_per_quantity": "(\u20ac67.00 / 1 kg)",
        "stock_availability": "",
        "description": "Raspberry is our newest sugar-free variety with the taste of raspberry and menthol. Pastel with a round fruit taste.",
        "primary_image": "https://www.heinemann-shop.com/medias/527Wx527H-null?context=bWFzdGVyfGltYWdlc3w4MzQ1N3xpbWFnZS9qcGVnfGFEZ3hMMmhrT0M4NU56VTNNalV6TXpNM01URTRMelV5TjFkNE5USTNTRjl1ZFd4c3wyMzQ0NmM4NDUyMjQ1ZGRiYjE2OGJkZmYyNGJmMjc2YmE1NzdiZTcyYWFiZmEzYjY4ZmUxNDE2YTUzZTQyNTEy&v=1682034941695",
        "images": []
    },
    {
        "product_url": "https://www.heinemann-shop.com/en/global/laekerol/laekerol-orginal-4-pack-4x25g/p/000000000001129022/",
        "brand_name": "L\u00e4kerol",
        "brand_url": "https://www.heinemann-shop.com/en/global/laekerol/c/BRAND_4802/",
        "product_name": "L\u00e4kerol Orginal 4-pack 4x25g",
        "quantity": "0.1\u00a0kg",
        "price": "\u20ac5.90",
        "price_per_quantity": "(\u20ac59.00 / 1 kg)",
        "stock_availability": "",
        "description": "L\u00e4kerol was introduced in Sweden in 1909 and has now been a beloved classic for over 100 years. The well-known pastille carries with it a long history that has survived two world wars, been delivered in a gold box to royalty and sponsored Sweden's first glider. L\u00e4kerol are liqourice or fruity sugar-free and vegan pastilles that freshens the breath. There's a broad selection of flavours for any liking. L\u00e4kerol - Makes people talk.",
        "primary_image": "https://www.heinemann-shop.com/medias/527Wx527H-null?context=bWFzdGVyfGltYWdlc3w3MDc0NXxpbWFnZS9qcGVnfGFEUTBMMmhpT1M4eE1USTROVFUyTmpFMk1Ea3lOaTgxTWpkWGVEVXlOMGhmYm5Wc2JBfDMyNzA3YjJlMjc0Y2U2NGFiYjI3NmU3ZDllY2I4ZWVmZWQwYzM3M2ZhMjQxZWI1ZGMxMWYyYWU4NTU3MzU0Nzg&v=1729315587434",
        "images": [
            "https://www.heinemann-shop.com/medias/527Wx527H-null?context=bWFzdGVyfGltYWdlc3w3MDc0NXxpbWFnZS9qcGVnfGFEUTBMMmhpT1M4eE1USTROVFUyTmpFMk1Ea3lOaTgxTWpkWGVEVXlOMGhmYm5Wc2JBfDMyNzA3YjJlMjc0Y2U2NGFiYjI3NmU3ZDllY2I4ZWVmZWQwYzM3M2ZhMjQxZWI1ZGMxMWYyYWU4NTU3MzU0Nzg&v=1729315587434",
            "https://www.heinemann-shop.com/medias/527Wx527H-null?context=bWFzdGVyfGltYWdlc3w3MTU4NnxpbWFnZS9qcGVnfGFHUm1MMmd3TVM4eE1USTROVFUzTVRBME16TTFPQzgxTWpkWGVEVXlOMGhmYm5Wc2JBfDVlYTZmNzMyODZiZWZmMDczMWRjNDc3NWNlYjY5NmQ0OWQxZWQ3OTU1MGIyMTg3NzQzOGU4MjIyMjcyMGRjNjA&v=1729315982811"
        ]
    },
    {
        "product_url": "https://www.heinemann-shop.com/en/global/milka/milka-choco-wafer-360g/p/000000000001264638/",
        "brand_name": "Milka",
        "brand_url": "https://www.heinemann-shop.com/en/global/milka/c/BRAND_0831/",
        "product_name": "Milka choco wafer 360g",
        "quantity": "0.36\u00a0kg",
        "price": "\u20ac14.79",
        "price_per_quantity": "(\u20ac41.08 / 1 kg)",
        "stock_availability": "",
        "description": "If you're feeling hungry and only Milka will satisfy, try this travel exclusive bag of 12 individually wrapped wafers with cocoa filling covered in Alpine milk chocolate.",
        "primary_image": "https://www.heinemann-shop.com/medias/527Wx527H-null?context=bWFzdGVyfGltYWdlc3w2NDc4M3xpbWFnZS9qcGVnfGFESTBMMmd5TkM4NU9EQXdPVEUyTlRNek1qYzRMelV5TjFkNE5USTNTRjl1ZFd4c3xkODNjODlhMDg4ZmFiYWNmMmRjYmFiYjI4YzJhNjEyMGQyYjU3YjAxYjk5Y2FjNjAzNWU2NjZlYmExYzJhNjBj&v=1691477431596",
        "images": []
    },
    {
        "product_url": "https://www.heinemann-shop.com/en/global/confiserie-felicitas/felicitas-bar-milk-chocolate-caramelcrisp-berlin-100g/p/000000000001447740/",
        "brand_name": "Confiserie Felicitas",
        "brand_url": "https://www.heinemann-shop.com/en/global/confiserie-felicitas/c/BRAND_2939/",
        "product_name": "Felicitas+bar milk chocolate caramelcrisp Berlin+100g",
        "quantity": "0.1\u00a0kg",
        "price": "\u20ac6.90",
        "price_per_quantity": "(\u20ac69.00 / 1 kg)",
        "stock_availability": "",
        "description": "Tenderly melting, mild whole milk chocolate with a cocoa content of 33% refined with crispy crispy pearls in a caramel coat.",
        "primary_image": "",
        "images": []
    },
    {
        "product_url": "https://www.heinemann-shop.com/en/global/anthon-berg/anthon-berg-marzipan-bar-cognac-280g/p/000000000001187266/",
        "brand_name": "Anthon Berg",
        "brand_url": "https://www.heinemann-shop.com/en/global/anthon-berg/c/BRAND_0604/",
        "product_name": "Anthon Berg Marzipan Bar Cognac 280g",
        "quantity": "0.28\u00a0kg",
        "price": "\u20ac10.90",
        "price_per_quantity": "(\u20ac38.93 / 1 kg)",
        "stock_availability": "",
        "description": "Anthon Berg Chocolate covered marzipan stirred with fine cognac.",
        "primary_image": "https://www.heinemann-shop.com/medias/527Wx527H-null?context=bWFzdGVyfGltYWdlc3w0MjkxN3xpbWFnZS9qcGVnfGFHRmtMMmhsTWk4NU56ZzNNRFk0TWpnME9UVTRMelV5TjFkNE5USTNTRjl1ZFd4c3xjYTFhN2JkNTU5YjQwZTgxYWI4Mjk0OWE2OTg0NjQ2ZjNlOGZmNTllNTc2YzdhNWFjMGNiYzIxY2YxMjdhZjgz&v=1689275712102",
        "images": []
    },
    {
        "product_url": "https://www.heinemann-shop.com/en/global/fisherman-s-friend/fisherman-s-friend-sugarfree-salmiak-menthol-4x25g/p/000000000001127404/",
        "brand_name": "Fisherman's Friend",
        "brand_url": "https://www.heinemann-shop.com/en/global/fisherman-s-friend/c/BRAND_0493/",
        "product_name": "Fisherman's Friend Sugarfree Salmiak Menthol 4x25g",
        "quantity": "0.1\u00a0kg",
        "price": "\u20ac6.70",
        "price_per_quantity": "(\u20ac67.00 / 1 kg)",
        "stock_availability": "",
        "description": "Salmiak and Menthol Flavour Lozenges Sugar Free - With Sweetener. The Fisherman's Friend product was originally developed in 1865 for fishermen working in extreme conditions of the Icelandic deep-sea fishing grounds.",
        "primary_image": "https://www.heinemann-shop.com/medias/527Wx527H-null?context=bWFzdGVyfGltYWdlc3w4NjUyMnxpbWFnZS9qcGVnfGFHUXpMMmd4TWk4NU9EQXdPRGt6TXpNek5UTTBMelV5TjFkNE5USTNTRjl1ZFd4c3wwZWVkODZjYWE4ZTQzZjAwNDU1NmZmOThiYmRmOWI2ZWU4NTA2NGRjOTlhYzk1M2NkNTYyMzQ3YTlkM2JlNjZj&v=1691471715367",
        "images": []
    },
    {
        "product_url": "https://www.heinemann-shop.com/en/global/laekerol/laekerol-salmiak-4-pack-4x25g/p/000000000001129027/",
        "brand_name": "L\u00e4kerol",
        "brand_url": "https://www.heinemann-shop.com/en/global/laekerol/c/BRAND_4802/",
        "product_name": "L\u00e4kerol Salmiak 4-pack 4x25g",
        "quantity": "0.1\u00a0kg",
        "price": "\u20ac5.90",
        "price_per_quantity": "(\u20ac59.00 / 1 kg)",
        "stock_availability": "",
        "description": "L\u00e4kerol was introduced in Sweden in 1909 and has now been a beloved classic for over 100 years. The well-known pastille carries with it a long history that has survived two world wars, been delivered in a gold box to royalty and sponsored Sweden's first glider. L\u00e4kerol are liqourice or fruity sugar-free and vegan pastilles that freshens the breath. There's a broad selection of flavours for any liking. L\u00e4kerol - Makes people talk.",
        "primary_image": "https://www.heinemann-shop.com/medias/527Wx527H-null?context=bWFzdGVyfGltYWdlc3w4NTIxOHxpbWFnZS9qcGVnfGFEUTFMMmcwWXk4eE1USTROVFUyTnpJME1qSTNNQzgxTWpkWGVEVXlOMGhmYm5Wc2JBfDRjNjRiZmY5ZmIxMTg0ZWEzMDFmOGEyNzJhOTJjMjRmOWU0ODcwMjVhOTlhNmFmOTYzMTU4YTBmMDBmYThkNTA&v=1729315647820",
        "images": [
            "https://www.heinemann-shop.com/medias/527Wx527H-null?context=bWFzdGVyfGltYWdlc3w4NTIxOHxpbWFnZS9qcGVnfGFEUTFMMmcwWXk4eE1USTROVFUyTnpJME1qSTNNQzgxTWpkWGVEVXlOMGhmYm5Wc2JBfDRjNjRiZmY5ZmIxMTg0ZWEzMDFmOGEyNzJhOTJjMjRmOWU0ODcwMjVhOTlhNmFmOTYzMTU4YTBmMDBmYThkNTA&v=1729315647820",
            "https://www.heinemann-shop.com/medias/527Wx527H-null?context=bWFzdGVyfGltYWdlc3w4NTI3OHxpbWFnZS9qcGVnfGFESmpMMmd4TXk4eE1USTROVFUzTVRVMk56WTBOaTgxTWpkWGVEVXlOMGhmYm5Wc2JBfDAzMWNlZjg0ZjA5YmU0YWZhZTk2ZDkzMWM1MDUwNTY4M2Q1NjgzOTQ0ZTliNmU4MDRhMjFlYzE5NjY3OTE2ZTg&v=1729316006695"
        ]
    },
    {
        "product_url": "https://www.heinemann-shop.com/en/global/lakrids-by-buelow/chocolate-coated-liquorice/p/000000000001661147/",
        "brand_name": "Lakrids by B\u00fclow",
        "brand_url": "https://www.heinemann-shop.com/en/global/lakrids-by-buelow/c/BRAND_7902/",
        "product_name": "CHOCOLATE COATED LIQUORICE",
        "quantity": "0.125\u00a0kg",
        "price": "\u20ac9.90",
        "price_per_quantity": "(\u20ac79.20 / 1 kg)",
        "stock_availability": "",
        "description": "A - THE ORIGINAL was the first product developed when Johan B\u00fclow was inspired to coat liquorice with chocolate - something that was not seen before in Denmark. People were at first sceptical about the idea, but the popular product A - THE ORIGINAL soon saw the light of day. The combination of sweet liquorice, exclusive milk chocolate and fine liquorice powder is, according to many, instantly addictive.",
        "primary_image": "https://www.heinemann-shop.com/medias/527Wx527H-null?context=bWFzdGVyfGltYWdlc3w0OTAxM3xpbWFnZS9qcGVnfGFHTTVMMmd3WkM4eE1UYzROalF6TmpVM05USTJNaTgxTWpkWGVEVXlOMGhmYm5Wc2JBfDExM2Q0YjA4ZDczODVmNWYyNmRkMDAxM2E5MzM3MGJlZDgyZTYxYzYyYTE5MGZmY2ZkYjI4OTRiNzZiNTUwZTY&v=1739916030434",
        "images": []
    },
    {
        "product_url": "https://www.heinemann-shop.com/en/global/kex/cloetta-kexchoklad-8x60g/p/000000000001335318/",
        "brand_name": "Kex",
        "brand_url": "https://www.heinemann-shop.com/en/global/kex/c/BRAND_7368/",
        "product_name": "Cloetta Kexchoklad 8x60g",
        "quantity": "0.48\u00a0kg",
        "price": "\u20ac10.50",
        "price_per_quantity": "(\u20ac21.88 / 1 kg)",
        "stock_availability": "",
        "description": "KEX is the Swedish classic, which is eaten by 9 out of 10 Swedes. KEX is crispy waffle under a blanket of light milk chocolate. There\u2019s a broad selection of KEX sizes whether you\u2019ll have them for yourself or share with loved ones!",
        "primary_image": "https://www.heinemann-shop.com/medias/527Wx527H-null?context=bWFzdGVyfGltYWdlc3w1NTY4NXxpbWFnZS9qcGVnfGFHVTRMMmd6T0M4eE1USTROakEwTWprek5UTXlOaTgxTWpkWGVEVXlOMGhmYm5Wc2JBfDIxYWUwZjk3NjI5ZDEwZWY2NDBlNjI0N2IxYjQ5NjRjZmNhNjBjNmJhZTkwMjAzZTJhYjIyNWM2NjIyM2UzYTU&v=1729320945251",
        "images": []
    },
    {
        "product_url": "https://www.heinemann-shop.com/en/global/malaco/malaco-favorit-mix-450g/p/000000000000540566/",
        "brand_name": "Malaco",
        "brand_url": "https://www.heinemann-shop.com/en/global/malaco/c/BRAND_2915/",
        "product_name": "Malaco Favorit Mix 450g",
        "quantity": "0.45\u00a0kg",
        "price": "\u20ac7.90",
        "price_per_quantity": "(\u20ac17.56 / 1 kg)",
        "stock_availability": "",
        "description": "Bag of different favourite pieces of candy from the pick & mix range with different flavours. Perfect for those who likes a little bit of everything. You'll find salty liquorice fish, fruit pacifiers, strawberries, raspberry/licorice fish and forest berries. Only available at Duty Free.",
        "primary_image": "https://www.heinemann-shop.com/medias/527Wx527H-null?context=bWFzdGVyfGltYWdlc3wyMzgwODF8aW1hZ2UvanBlZ3xhRFF3TDJnNFlpOHhNVEk0TlRNek9Ea3hORGcwTmk4MU1qZFhlRFV5TjBoZmJuVnNiQXxhOWUwOWUzNTUzM2E4MGNjOWFkYTczZTUxMGUzYmZkNjE1MGNiNDg1NWI0MDk5MDk1OGEwNjFlMDhjMjk0MmU4&v=1729312886344",
        "images": []
    },
    {
        "product_url": "https://www.heinemann-shop.com/en/global/reber/reber-white-chocolate-pralines-with-a-nougat-core-and-a-coffee-flavored-marzipan-filling-200g/p/000000000001619101/",
        "brand_name": "Reber",
        "brand_url": "https://www.heinemann-shop.com/en/global/reber/c/BRAND_2097/",
        "product_name": "Reber white chocolate pralines with a nougat core and a coffee-flavored marzipan filling 200g",
        "quantity": "0.2\u00a0kg",
        "price": "\u20ac9.30",
        "price_per_quantity": "(\u20ac46.50 / 1 kg)",
        "stock_availability": "",
        "description": "At Reber, true confectionery craftsmanship, traditional family recipes and exquisite, natural ingredients set the tone. All this with just one goal: to give you the perfect Reber enjoyment moment with every single Reber Confiserie!",
        "primary_image": "https://www.heinemann-shop.com/medias/527Wx527H-null?context=bWFzdGVyfGltYWdlc3w1ODUzN3xpbWFnZS9qcGVnfGFEQm1MMmcyT0M4eE1ESTJNVFU0TnpreE9EZzNPQzgxTWpkWGVEVXlOMGhmYm5Wc2JBfDQwZGRhMDQxODllYjdhNjdjNTljZmI4ZmJlOTI2OTk2OGE2MDAyNzEwMWJiMDUwMGJmYjA3ZTdjYTQzM2ZhMGI&v=1706307377951",
        "images": []
    },
    {
        "product_url": "https://www.heinemann-shop.com/en/global/barebells/barebells-soft-bar-caramel-choco-55g/p/000000000001558700/",
        "brand_name": "Barebells",
        "brand_url": "https://www.heinemann-shop.com/en/global/barebells/c/BRAND_9186/",
        "product_name": "Barebells Soft Bar Caramel Choco, 55g",
        "quantity": "0.055\u00a0kg",
        "price": "\u20ac3.70",
        "price_per_quantity": "(\u20ac67.27 / 1 kg)",
        "stock_availability": "",
        "description": "With the Barebells Soft Protein Bar Caramel Choco, we have created a new taste experience. 16 grams of protein power meets soft caramel and creamy milk chocolate.",
        "primary_image": "https://www.heinemann-shop.com/medias/527Wx527H-null?context=bWFzdGVyfGltYWdlc3wzOTk1OHxpbWFnZS9qcGVnfGFHRmlMMmhrWkM4NU9UZzNOVE0xTXpNNU5UVXdMelV5TjFkNE5USTNTRjl1ZFd4c3wwY2QzMDA3MzQxYzk5MGRkMjk0YjY0OWI5M2NiOGMxNDhjZjg4ZThjYjhlZDA0OTE2MjE4OTNlM2Y2NTNiNjRm&v=1699567380097",
        "images": []
    },
    {
        "product_url": "https://www.heinemann-shop.com/en/global/ahlgrens/ahlgrens-bilar-original-2-x-200g/p/000000000000730469/",
        "brand_name": "Ahlgrens",
        "brand_url": "https://www.heinemann-shop.com/en/global/ahlgrens/c/BRAND_4801/",
        "product_name": "Ahlgrens Bilar Original 2 x 200g",
        "quantity": "0.4\u00a0kg",
        "price": "\u20ac9.30",
        "price_per_quantity": "(\u20ac23.25 / 1 kg)",
        "stock_availability": "",
        "description": "In 1953, Ahlgren's candy factory in G\u00e4vle wanted to produce marshmallows, but the result was not as they had imagined. Instead, it was foam candy pieces that looked like cars and tasted fantastically good. Thus Ahlgren's cars - Sweden's most bought car - were born! Pack of three bags Ahlgrens Bilar collected in one. These are small foam cars with different flavours. Only available at Duty Free.",
        "primary_image": "https://www.heinemann-shop.com/medias/527Wx527H-null?context=bWFzdGVyfGltYWdlc3w5NDY0NnxpbWFnZS9qcGVnfGFEZzVMMmcyTlM4eE1USTROVFUxTVRFeU1EUXhOQzgxTWpkWGVEVXlOMGhmYm5Wc2JBfDk5ODg4NGI4ZmY3OWE4ZGQzNWZkNWJhYTNiYTY1YjEyYTM0YzIwMWRiMDljMmRjZjdkYTM2NGJmZmUyNDRmNDk&v=1729314362166",
        "images": []
    },
    {
        "product_url": "https://www.heinemann-shop.com/en/global/barebells/barebells-soft-bar-marshmallow-rocky-road-55g/p/000000000001558699/",
        "brand_name": "Barebells",
        "brand_url": "https://www.heinemann-shop.com/en/global/barebells/c/BRAND_9186/",
        "product_name": "Barebells Soft Bar Marshmallow Rocky Road, 55g",
        "quantity": "0.055\u00a0kg",
        "price": "\u20ac3.70",
        "price_per_quantity": "(\u20ac67.27 / 1 kg)",
        "stock_availability": "",
        "description": "The Barebells Soft Protein Bar Rocky Road Marshmallow convinces with 17 grams of protein power with an incomparable, soft taste and no added sugar. Your new and ideal companion is filled with soft marshmallow puffs, crunchy peanuts and a creamy caramel sauce.",
        "primary_image": "https://www.heinemann-shop.com/medias/527Wx527H-null?context=bWFzdGVyfGltYWdlc3w0MDQyNXxpbWFnZS9qcGVnfGFHUmhMMmc1T1M4eE1ERTBNRGt5TXpnNE56WTBOaTgxTWpkWGVEVXlOMGhmYm5Wc2JBfGY0NGY2NGM2Y2ZmY2JmNTgwYmM4ZTA5MWJiOGJiYTY2MjgwZjViNWFjYWY5YmUyZTg4M2I3NTJlMDFkNzM3NjU&v=1703279332412",
        "images": []
    },
    {
        "product_url": "https://www.heinemann-shop.com/en/global/smorbukk/smoerbukk-original-150g/p/000000000001472308/",
        "brand_name": "Smorbukk",
        "brand_url": "https://www.heinemann-shop.com/en/global/smorbukk/c/BRAND_5465/",
        "product_name": "Sm\u00f8rbukk Original 150g",
        "quantity": "0.15\u00a0kg",
        "price": "\u20ac4.30",
        "price_per_quantity": "(\u20ac28.67 / 1 kg)",
        "stock_availability": "",
        "description": "Sm\u00f8rbukk are delicious toffees that melt on the tongue - made from real butter.",
        "primary_image": "https://www.heinemann-shop.com/medias/1472308-527Wx527H?context=bWFzdGVyfGltYWdlc3w3MzkxNXxpbWFnZS9qcGVnfGFEWXpMMmczTUM4NU5qZzBNRGcxT0RNek56VTRMekUwTnpJek1EaGZOVEkzVjNnMU1qZEl8YjMwOTMzZTFmZWIxMjU1ZTU0MWE2YmJkNTIyOTc0ZWZhMTk3OTFlOGZiMWRkYjg2Yzk1OTkyNjU2YTZhNjQxNw&v=1653089425112",
        "images": []
    },
    {
        "product_url": "https://www.heinemann-shop.com/en/global/cloetta/cloetta-paskeskum-100g/p/000000000001415800/",
        "brand_name": "Cloetta",
        "brand_url": "https://www.heinemann-shop.com/en/global/cloetta/c/BRAND_1266/",
        "product_name": "Cloetta Paskeskum 100g",
        "quantity": "0.72\u00a0kg",
        "price": "\u20ac15.90",
        "price_per_quantity": "(\u20ac22.08 / 1 kg)",
        "stock_availability": "",
        "description": "This year's Cloetta Easter foam has a new and improved flavor",
        "primary_image": "https://www.heinemann-shop.com/medias/527Wx527H-null?context=bWFzdGVyfGltYWdlc3w0OTczMnxpbWFnZS9qcGVnfGFEQTRMMmc0WVM4eE1UUXpPVGszTXpRNU9Ea3hNQzgxTWpkWGVEVXlOMGhmYm5Wc2JBfGNiMjBmZWJlMzNmMmI1ZDMzNjEyYmM1MTE1MTI0ODkwNGE5YmU5MzNiOTgzMzEzNGI3OTI0NDI4NzNmNDczNzc&v=1732571647562",
        "images": []
    },
    {
        "product_url": "https://www.heinemann-shop.com/en/global/pingvin/toms-hit-mix-550g/p/000000000001445454/",
        "brand_name": "Pingvin",
        "brand_url": "https://www.heinemann-shop.com/en/global/pingvin/c/BRAND_0392/",
        "product_name": "Toms Hit Mix 550g",
        "quantity": "0.55\u00a0kg",
        "price": "\u20ac7.50",
        "price_per_quantity": "(\u20ac13.64 / 1 kg)",
        "stock_availability": "",
        "description": "Winegum, Liquorice and Drag\u00e9e - mini bite sizes",
        "primary_image": "https://www.heinemann-shop.com/medias/527Wx527H-null?context=bWFzdGVyfGltYWdlc3w3MTQ1MHxpbWFnZS9qcGVnfGFEY3pMMmcwTlM4eE1USTROVGcyTURFMU5UUXlNaTgxTWpkWGVEVXlOMGhmYm5Wc2JBfGU4ZTE5MThhNWQ5YjliZTE5NTUzZjlkNmEwNzhlZGM4ZDYwMDEzNDAyZDIxNGQwYTUyMDE1NWJlNzU2OGY5NTk&v=1729319841275",
        "images": []
    },
    {
        "product_url": "https://www.heinemann-shop.com/en/global/tutti-frutti/tutti-frutti-natural-mix-assorted-sweets-450g/p/000000000001372428/",
        "brand_name": "Tutti Frutti",
        "brand_url": "https://www.heinemann-shop.com/en/global/tutti-frutti/c/BRAND_5470/",
        "product_name": "Tutti Frutti Natural Mix Assorted sweets 450g",
        "quantity": "0.45\u00a0kg",
        "price": "\u20ac7.50",
        "price_per_quantity": "(\u20ac16.67 / 1 kg)",
        "stock_availability": "",
        "description": "TRAVELLER EXCLUSIVE. Tutti Frutti brings the fun! Tutti Frutti Mix is a classic among candy mixes! Classic Tutti Frutti fruit-flavored candies join with salty licorice and regular licorice candies. Tutti Fruttis, made with natural colors, are gelatin-free and get their fresh taste from natural flavors. Tutti Frutti Mix is perfect for movie nights, and the definite centerpiece of a party!",
        "primary_image": "https://www.heinemann-shop.com/medias/527Wx527H-null?context=bWFzdGVyfGltYWdlc3w2NjY1NHxpbWFnZS9qcGVnfGFHVmpMMmhsTVM4eE1UYzROak00Tmpnd01EWTNNQzgxTWpkWGVEVXlOMGhmYm5Wc2JBfDEyOTRmNWEwNGJiYzFiZmE1MzAxOTA1ODBkMGUyZTc0YjI1ZTVmNDcwYzZjZGI2MzQwMjdlMTQ5NTk3ZDMyMzA&v=1739914510749",
        "images": []
    },
    {
        "product_url": "https://www.heinemann-shop.com/en/global/minde/minde-banan-200g/p/000000000001520008/",
        "brand_name": "Minde",
        "brand_url": "https://www.heinemann-shop.com/en/global/minde/c/BRAND_5447/",
        "product_name": "Minde Banan 200g",
        "quantity": "0.2\u00a0kg",
        "price": "\u20ac3.70",
        "price_per_quantity": "(\u20ac18.50 / 1 kg)",
        "stock_availability": "",
        "description": "Our best-selling bananas are now made completely without palm oil and a new taste test shows that they are significantly better at both taste and consistency. Well worth a try, if you ask us!",
        "primary_image": "https://www.heinemann-shop.com/medias/527Wx527H-null?context=bWFzdGVyfGltYWdlc3w5NzYzNHxpbWFnZS9qcGVnfGFETXpMMmd4Tnk4eE1EQTVNVEEzTmpZNE1UYzFPQzgxTWpkWGVEVXlOMGhmYm5Wc2JBfDEyOWZiYzU0MTQ3OWE0NGZjYjk5YzA4ZWFjZDY5MWZkMDA3MWYyNmUyYTNiYzU5NDc2NGExN2U4ZTMwZDI1ZmE&v=1702071471467",
        "images": []
    },
    {
        "product_url": "https://www.heinemann-shop.com/en/global/pingvin/toms-pingvin-mix-550g/p/000000000001445455/",
        "brand_name": "Pingvin",
        "brand_url": "https://www.heinemann-shop.com/en/global/pingvin/c/BRAND_0392/",
        "product_name": "Toms Pingvin Mix 550g",
        "quantity": "0.55\u00a0kg",
        "price": "\u20ac7.50",
        "price_per_quantity": "(\u20ac13.64 / 1 kg)",
        "stock_availability": "",
        "description": "A mix of winegums and sticks",
        "primary_image": "https://www.heinemann-shop.com/medias/527Wx527H-null?context=bWFzdGVyfGltYWdlc3w3MzQxOXxpbWFnZS9qcGVnfGFEWTRMMmcxTmk4eE1USTROVGcyTURZME5qazBNaTgxTWpkWGVEVXlOMGhmYm5Wc2JBfDdjMDcxMzUyMmUyMDUxNTE3OWU2NWJmNWQ4ZDk0NWY2MzlkM2UzMzE2NGEzYmJkOTZiOGI5MTEyMWY5ZTJlZDc&v=1729319856710",
        "images": []
    },
    {
        "product_url": "https://www.heinemann-shop.com/en/global/confiserie-felicitas/confiserie-felicitas-berlin-wall-city-crest-dark-chocolate-125g/p/000000000001193595/",
        "brand_name": "Confiserie Felicitas",
        "brand_url": "https://www.heinemann-shop.com/en/global/confiserie-felicitas/c/BRAND_2939/",
        "product_name": "Confiserie Felicitas, Berlin wall city crest, dark chocolate 125g",
        "quantity": "0.125\u00a0kg",
        "price": "\u20ac14.50",
        "price_per_quantity": "(\u20ac116.00 / 1 kg)",
        "stock_availability": "",
        "description": "Pure pleasure from natural raw materials, combined with individual handwork: thanks to the fall of the Berlin wall Belgian-Brandenburg chocolate history is written in Hornow since 1992. The Berlin wall has divided the German capital from 13th August 1961 until its opening on November the 9th 1989. These pieces of the wall made of delightful chocolate, symbolise the joy and hope of the reunification.",
        "primary_image": "https://www.heinemann-shop.com/medias/1193595-527Wx527H?context=bWFzdGVyfGltYWdlc3w4MDg3MHxpbWFnZS9qcGVnfGFXMWhaMlZ6TDJoaVpDOW9OekV2T1RNMU1Ua3pPVEEyTXpnek9DNXFjR2N8NWNmOWU5ODViMThlMmE5ODFmZjgxZWY2OWY1MjQwMmZlNDdmYzZkMGYyMDg0MmM2NTAxMzQ4MDYyMDU1OGI0MA&v=1577758972996",
        "images": []
    },
    {
        "product_url": "https://www.heinemann-shop.com/en/global/malaco/malaco-swedish-fish-450g/p/000000000001441368/",
        "brand_name": "Malaco",
        "brand_url": "https://www.heinemann-shop.com/en/global/malaco/c/BRAND_2915/",
        "product_name": "Malaco Swedish Fish 450g",
        "quantity": "0.45\u00a0kg",
        "price": "\u20ac7.90",
        "price_per_quantity": "(\u20ac17.56 / 1 kg)",
        "stock_availability": "",
        "description": "The popular chewy wine gum shaped like a fish in different colors with a fruity taste.",
        "primary_image": "https://www.heinemann-shop.com/medias/527Wx527H-null?context=bWFzdGVyfGltYWdlc3wyMTM4Mzh8aW1hZ2UvanBlZ3xhR1ZrTDJoa01pOHhNVEk0TlRnMk1qY3hNVE15Tmk4MU1qZFhlRFV5TjBoZmJuVnNiQXw3ZWI0M2FhYjg4YzlmY2JjMTYwYjNiMjc5ZGFiZjQ2NDI5NjFlYjE5MDMxMTRlYTRlMDE4MzRjMjZkNzRhNWYz&v=1729319969586",
        "images": []
    },
    {
        "product_url": "https://www.heinemann-shop.com/en/global/confiserie-felicitas/confiserie-felicitas-milk-chocolate-ampelmann-geher-125g/p/000000000001264173/",
        "brand_name": "Confiserie Felicitas",
        "brand_url": "https://www.heinemann-shop.com/en/global/confiserie-felicitas/c/BRAND_2939/",
        "product_name": "Confiserie Felicitas, milk chocolate \"Ampelmann Geher\" 125g",
        "quantity": "0.125\u00a0kg",
        "price": "\u20ac14.50",
        "price_per_quantity": "(\u20ac116.00 / 1 kg)",
        "stock_availability": "",
        "description": "Pure pleasure from natural raw materials, combined with individual handcraft: thanks to the fall of the Berlin wall Belgian-Brandenburg chocolate history is written in Hornow since 1992. The Berlin wall has divided the German capital from 13th August 1961 until its opening on November the 9th 1989. These pieces of wall made of delightful chocolate, sybolise the joy and hope of the reunification.",
        "primary_image": "https://www.heinemann-shop.com/medias/1264173-527Wx527H?context=bWFzdGVyfGltYWdlc3w1MTUyN3xpbWFnZS9qcGVnfGFHUXdMMmd4WlM4NU5qa3hOamt6TkRFMk5EYzRMekV5TmpReE56TmZOVEkzVjNnMU1qZEl8MjEwMTM0OTYyODlkMDI4MGMxNmViNGU4MDUzZjEyNDEzZmU0ZGNjNjU1ZGUxZjZjZTFmZDRiOGM5YzA3NDdkZQ&v=1656362492512",
        "images": []
    },
    {
        "product_url": "https://www.heinemann-shop.com/en/global/milka/milka-choco-grains-pouch-378g/p/000000000001308965/",
        "brand_name": "Milka",
        "brand_url": "https://www.heinemann-shop.com/en/global/milka/c/BRAND_0831/",
        "product_name": "Milka Choco Grains Pouch 378g",
        "quantity": "0.378\u00a0kg",
        "price": "\u20ac14.79",
        "price_per_quantity": "(\u20ac39.13 / 1 kg)",
        "stock_availability": "",
        "description": "Milka Chocograins Pouch is filled with 27 crunchy oat biscuits covered with the favorite alpine milk chocolate. Packs of 42g keeps them fresh and makes them perfect for sharing",
        "primary_image": "https://www.heinemann-shop.com/medias/527Wx527H-null?context=bWFzdGVyfGltYWdlc3w2OTI3NXxpbWFnZS9qcGVnfGFEVTJMMmd4TkM4NU9EQXdPVE0zTnpBeE5EQTJMelV5TjFkNE5USTNTRjl1ZFd4c3w3N2U5YjcxMzdmZmQxMDA4N2IzNzlmNjllMTRjZDY2OGI3M2Q5ZjdhMzBjZmI5ZGU5NjIzYzhlY2U2MDA3ZGRi&v=1691483142692",
        "images": []
    },
    {
        "product_url": "https://www.heinemann-shop.com/en/global/milka/milka-chocolate-with-lu-biscuite-pouch-350g/p/000000000001186910/",
        "brand_name": "Milka",
        "brand_url": "https://www.heinemann-shop.com/en/global/milka/c/BRAND_0831/",
        "product_name": "Milka chocolate with LU biscuite Pouch 350g",
        "quantity": "0.35\u00a0kg",
        "price": "\u20ac14.79",
        "price_per_quantity": "(\u20ac42.26 / 1 kg)",
        "stock_availability": "",
        "description": "Delicious combination of two much loved products: tender Milka Alpine chocolate with LU biscuits. Delivers new taste and product experience. Convenient pouch filled with 10 individually wrapped, snack size mini tablets is ideal for sharing and snacking.",
        "primary_image": "https://www.heinemann-shop.com/medias/527Wx527H-null?context=bWFzdGVyfGltYWdlc3w2NTE2NXxpbWFnZS9qcGVnfGFEZzFMMmhqTUM4NU9EQXdPRGsyT1Rjd056Z3lMelV5TjFkNE5USTNTRjl1ZFd4c3xiOTcxYTU5MDNlOGQ2YTEwMjJkODk5Yjk5ZDMyMjc0ZjM5MjJhYzg0ODNkYjI0M2UyYjJjOTE2NjlkMjg2YmRh&v=1691472915382",
        "images": []
    },
    {
        "product_url": "https://www.heinemann-shop.com/en/global/cloetta/cloetta-pops-corn-pops-with-milk-chocolate-crunchy-snack-210g/p/000000000001312893/",
        "brand_name": "Cloetta",
        "brand_url": "https://www.heinemann-shop.com/en/global/cloetta/c/BRAND_1266/",
        "product_name": "Cloetta Pops - corn pops with milk chocolate - crunchy snack 210g",
        "quantity": "0.21\u00a0kg",
        "price": "\u20ac8.50",
        "price_per_quantity": "(\u20ac40.48 / 1 kg)",
        "stock_availability": "",
        "description": "Pops are wonderful crunchy, crispy corn puffs dipped in delicious milk chocolate. Pops are perfect for the weekend cuddle, and tastes extra good when you share it with someone.",
        "primary_image": "https://www.heinemann-shop.com/medias/527Wx527H-null?context=bWFzdGVyfGltYWdlc3w4NzQwNHxpbWFnZS9qcGVnfGFEYzRMMmcxWkM4eE1USTROVGcwTnpnMk56UXlNaTgxTWpkWGVEVXlOMGhmYm5Wc2JBfGY1NGE2MTZhZDA1YWQ0ZDRkYjBhYThmYzExNmE4ODBhNTk1YWYxMzg4ZTg4N2U2MThjNDUxNjM0Y2NlOGIzZGE&v=1729319073376",
        "images": []
    },
    {
        "product_url": "https://www.heinemann-shop.com/en/global/anthon-berg/anthon-berg-luxury-gold-800g/p/000000000000791184/",
        "brand_name": "Anthon Berg",
        "brand_url": "https://www.heinemann-shop.com/en/global/anthon-berg/c/BRAND_0604/",
        "product_name": "Anthon Berg Luxury Gold 800g",
        "quantity": "0.8\u00a0kg",
        "price": "\u20ac40.90",
        "price_per_quantity": "(\u20ac51.12 / 1 kg)",
        "stock_availability": "",
        "description": "Anthon Berg has a long tradition of making chocolate pralines. The Luxury Gold giftbox contains classic as well as new pralines from the Anthon Berg assortment",
        "primary_image": "https://www.heinemann-shop.com/medias/527Wx527H-null?context=bWFzdGVyfGltYWdlc3wzNzU4MHxpbWFnZS9qcGVnfGFHWmhMMmd6T0M4NU56ZzJPVE0xTmpBM016STJMelV5TjFkNE5USTNTRjl1ZFd4c3w2MWZjMjQ1ZmYzNDc4ZmQyM2VkMGJjYmE3MTNkNjU4N2EzNjBjYjI0MTYwNTk3NzNhMmE5YTNlMTcxNDNiNDhl&v=1689260121419",
        "images": []
    },
    {
        "product_url": "https://www.heinemann-shop.com/en/global/ga-jol/ga-jol-yellow-8-pack-salt-liquorice-184g/p/000000000000799158/",
        "brand_name": "Ga-Jol",
        "brand_url": "https://www.heinemann-shop.com/en/global/ga-jol/c/BRAND_2059/",
        "product_name": "Ga-Jol Yellow 8 Pack Salt Liquorice 184g",
        "quantity": "0.184\u00a0kg",
        "price": "\u20ac7.90",
        "price_per_quantity": "(\u20ac42.93 / 1 kg)",
        "stock_availability": "",
        "description": "Ga-Jol are ideal for clearing your throat and refreshing your breath. The yellow Ga-Jol are sugarfree salted liquorice pastilles.",
        "primary_image": "https://www.heinemann-shop.com/medias/527Wx527H-null?context=bWFzdGVyfGltYWdlc3w1MDEyM3xpbWFnZS9qcGVnfGFEVTVMMmhsTlM4NU56ZzJPVFF4TXpBNE9UVTRMelV5TjFkNE5USTNTRjl1ZFd4c3w3NDBkYjc2NDBkOTMwMzViZDBlYmY2MmJiMGExNDY4NmE3YzcwZWU0ZjNiYzQxODQ1YjcwOWU0OGUxNDk1NDU0&v=1689260729196",
        "images": []
    },
    {
        "product_url": "https://www.heinemann-shop.com/en/global/haribo/haribo-miami-fizz-vegan-fruit-gums/p/000000000001683779/",
        "brand_name": "Haribo",
        "brand_url": "https://www.heinemann-shop.com/en/global/haribo/c/BRAND_1079/",
        "product_name": "HARIBO Miami Fizz vegan fruit gums",
        "quantity": "0.425\u00a0kg",
        "price": "\u20ac4.90",
        "price_per_quantity": "(\u20ac11.53 / 1 kg)",
        "stock_availability": "",
        "description": "Experience the fizzing rainbow of sour flavors that is HARIBO Miami Fizz pack (425 g)!",
        "primary_image": "https://www.heinemann-shop.com/medias/527Wx527H-null?context=bWFzdGVyfGltYWdlc3wxMTQxOTF8aW1hZ2UvanBlZ3xhR1UyTDJoa015OHhNVGN5TWpnM01UYzJOekEzTUM4MU1qZFhlRFV5TjBoZmJuVnNiQXw1ODRiM2VmNTg4YzQ5ZTVmYmUxNGQyYjgyOTE3NDk4Mjk3YzRmNjMzYjY2YWU0ZGQ0YmI3OTY2ZWUzZWU1YjBk&v=1738628294191",
        "images": []
    },
    {
        "product_url": "https://www.heinemann-shop.com/en/global/unique-concept/macaron-mix-flavours-monaco-d-antan-meringue-with-cream-90g/p/000000000001299354/",
        "brand_name": "Unique Concept",
        "brand_url": "https://www.heinemann-shop.com/en/global/unique-concept/c/BRAND_4214/",
        "product_name": "Macaron mix flavours Monaco D'Antan, meringue with cream 90g",
        "quantity": "0.09\u00a0kg",
        "price": "\u20ac9.90",
        "price_per_quantity": "(\u20ac110.00 / 1 kg)",
        "stock_availability": "",
        "description": "Elegant packaging encloses the original macaron, biscuit with half a century of history made of two soft meringues made with almonds stuffed with cream.",
        "primary_image": "https://www.heinemann-shop.com/medias/527Wx527H-null?context=bWFzdGVyfGltYWdlc3w0MzI4NXxpbWFnZS9qcGVnfGFHUXhMMmc1TlM4eE1ERXlOVGMwTURFeE16azFNQzgxTWpkWGVEVXlOMGhmYm5Wc2JBfDNlYjRhZmIyNzdlZTI3OGMzZGVkNTMxZThjOWM2N2I5ZjgxNmQ3YTQyYmZlMGM4M2NjZDY0ZWZkYTYyZTYzMjU&v=1702942709938",
        "images": []
    },
    {
        "product_url": "https://www.heinemann-shop.com/en/global/niederegger/niederegger-mini-bars-greetings-from-hamburg-tin-175g/p/000000000001240640/",
        "brand_name": "Niederegger",
        "brand_url": "https://www.heinemann-shop.com/en/global/niederegger/c/BRAND_1439/",
        "product_name": "Niederegger Mini bars Greetings from Hamburg tin 175g",
        "quantity": "0.175\u00a0kg",
        "price": "\u20ac12.50",
        "price_per_quantity": "(\u20ac71.43 / 1 kg)",
        "stock_availability": "",
        "description": "Tasty greetings from Hamburg. Send Greetings from Hamburg with the popular marzipan from Niederegger. Five bars covered by dark chocolate fill up the unique tin designed with well-known buildings from Hamburg.",
        "primary_image": "https://www.heinemann-shop.com/medias/527Wx527H-null?context=bWFzdGVyfGltYWdlc3wzOTkyNHxpbWFnZS9qcGVnfGFERXpMMmhpWmk4eE1UYzRPVGc0TnpNd056Z3dOaTgxTWpkWGVEVXlOMGhmYm5Wc2JBfGQyMTM1N2E2OTZiMDkzZjA1MTFlZDg4ZWUzNDFjODM5MTlhNjY0NDA5ZTlhMDExNTljMjU1YTZiMzM5ODg0YjM&v=1740000480500",
        "images": []
    },
    {
        "product_url": "https://www.heinemann-shop.com/en/global/malaco/malaco-treasury-box-418g/p/000000000001319416/",
        "brand_name": "Malaco",
        "brand_url": "https://www.heinemann-shop.com/en/global/malaco/c/BRAND_2915/",
        "product_name": "Malaco Treasury Box 418g",
        "quantity": "0.393\u00a0kg",
        "price": "\u20ac19.90",
        "price_per_quantity": "(\u20ac50.64 / 1 kg)",
        "stock_availability": "",
        "description": "A fancy treasury box filled with mixed sweets from famous swedish brands like Malaco and Ahlgrens bilar.",
        "primary_image": "https://www.heinemann-shop.com/medias/527Wx527H-null?context=bWFzdGVyfGltYWdlc3w2OTA1NHxpbWFnZS9qcGVnfGFERXpMMmhpTXk4eE1USTROVGcwTlRBeE5qWXdOaTgxTWpkWGVEVXlOMGhmYm5Wc2JBfDE1ZjFmNzY3Yjc0NTY0YzdhZjMzZjMzMjZiYTBmY2JjOTUxMGE5NmYwNDkyMmZiOWY0ZThkYTQ2YzQwNDUxMjI&v=1729318883118",
        "images": []
    },
    {
        "product_url": "https://www.heinemann-shop.com/en/global/ritter-sport/ritter-sport-vegan-tower-with-5-vegan-chocolate-bars/p/000000000001688737/",
        "brand_name": "Ritter Sport",
        "brand_url": "https://www.heinemann-shop.com/en/global/ritter-sport/c/BRAND_0476/",
        "product_name": "Ritter Sport Vegan Tower with 5 vegan chocolate bars",
        "quantity": "0.5\u00a0kg",
        "price": "\u20ac24.90",
        "price_per_quantity": "(\u20ac49.80 / 1 kg)",
        "stock_availability": "",
        "description": "YES, VEGAN! When you eat chocolate, you want to savour it. Really enjoy it, with full flavour, without doubt, without anything. From the first bite to the last crumb.",
        "primary_image": "https://www.heinemann-shop.com/medias/527Wx527H-null?context=bWFzdGVyfGltYWdlc3wyMjI0OXxpbWFnZS9qcGVnfGFEZ3hMMmczTUM4eE1UY3dOVFE1TVRjMU1EazBNaTgxTWpkWGVEVXlOMGhmYm5Wc2JBfDUwOTVmYThmMzg5MGM0NDhmNWY1ZDVlNjEwZWVkZjczMjVlMjJjOTVlMzFhODg3MzM0NDBkYmYwNTMxYmQxNzY&v=1738281736778",
        "images": []
    },
    {
        "product_url": "https://www.heinemann-shop.com/en/global/skipper-s-pipes/malaco-skipper-s-pipes-357g/p/000000000001626595/",
        "brand_name": "Skipper's Pipes",
        "brand_url": "https://www.heinemann-shop.com/en/global/skipper-s-pipes/c/BRAND_5462/",
        "product_name": "Malaco Skipper's Pipes 357g",
        "quantity": "0.357\u00a0kg",
        "price": "\u20ac11.90",
        "price_per_quantity": "(\u20ac33.33 / 1 kg)",
        "stock_availability": "",
        "description": "Skipper\u2019s Pipes is a classic brand and product founded in Finland in the 1920\u2019s. You can find the iconic pipe-shaped licorice in many different packaging that fit your needs!",
        "primary_image": "https://www.heinemann-shop.com/medias/527Wx527H-null?context=bWFzdGVyfGltYWdlc3w3NzIyNnxpbWFnZS9qcGVnfGFEVm1MMmc0T0M4eE1USTROakk1TWpRNU5qUXhOQzgxTWpkWGVEVXlOMGhmYm5Wc2JBfDQ5ZjM4NGNkM2M4ZjgxMDk4YmJlYWYwZWM3NDg4M2ZiYWNhMjA3ZjI0OWM3NzEyM2I3NjAxNmM0ZGEwNGJiN2E&v=1729324021385",
        "images": []
    },
    {
        "product_url": "https://www.heinemann-shop.com/en/global/van-slooten/van-slootentravel-refill-mix-900g-liquorice-favourites-gluten-free/p/000000000001625348/",
        "brand_name": "Van Slooten",
        "brand_url": "https://www.heinemann-shop.com/en/global/van-slooten/c/BRAND_1852/",
        "product_name": "Van SlootenTravel Refill Mix 900g Liquorice Favourites Gluten Free",
        "quantity": "0.9\u00a0kg",
        "price": "\u20ac12.90",
        "price_per_quantity": "(\u20ac14.33 / 1 kg)",
        "stock_availability": "",
        "description": "The Iconic Van Slooten Liquorice Favourites packed in the travel exclusive 900g carton, Gluten Free",
        "primary_image": "https://www.heinemann-shop.com/medias/527Wx527H-null?context=bWFzdGVyfGltYWdlc3w5MDAxNXxpbWFnZS9qcGVnfGFHWXhMMmc1T1M4eE1EVXlOREU1T0RZek16VXdNaTgxTWpkWGVEVXlOMGhmYm5Wc2JBfGRlMWU4NmJhYWYwOTE4YjU1Yzc1MWE0MmEyZTQ0NGZmYmI4YzI4ODY4OWVkZTAxMDU1ZDUwMTMxYThmMTM0NjY&v=1712176563561",
        "images": []
    },
    {
        "product_url": "https://www.heinemann-shop.com/en/global/mentos/mentos-jumboroll-chewy-candies-with-berry-flavor-cherry-blueberry-and-raspberry/p/000000000001683807/",
        "brand_name": "Mentos",
        "brand_url": "https://www.heinemann-shop.com/en/global/mentos/c/BRAND_2323/",
        "product_name": "Mentos Jumboroll chewy candies with berry flavor: cherry, blueberry and raspberry",
        "quantity": "0.296\u00a0kg",
        "price": "\u20ac8.90",
        "price_per_quantity": "(\u20ac30.07 / 1 kg)",
        "stock_availability": "",
        "description": "This roll contains the Berry flavoured dragees. Each Jumboroll contains 8 single rolls.",
        "primary_image": "https://www.heinemann-shop.com/medias/527Wx527H-null?context=bWFzdGVyfGltYWdlc3wyOTkwOHxpbWFnZS9qcGVnfGFHRXdMMmhsWWk4eE1UWTVNVFl3TlRFek1USTVOQzgxTWpkWGVEVXlOMGhmYm5Wc2JBfDRlNGU2MWQ5ODliMWQyYThkMWZiMDRiZGYxZmU0Y2IwMjg2YmY4YzA2YzUyOGQ1MjBiMWNmNDU5ZDRiNTlmMTI&v=1738015157698",
        "images": []
    },
    {
        "product_url": "https://www.heinemann-shop.com/en/global/freia/freia-220g-with-daim/p/000000000001625508/",
        "brand_name": "Freia",
        "brand_url": "https://www.heinemann-shop.com/en/global/freia/c/BRAND_1378/",
        "product_name": "FREIA 220G WITH DAIM",
        "quantity": "0.22\u00a0kg",
        "price": "\u20ac5.90",
        "price_per_quantity": "(\u20ac26.82 / 1 kg)",
        "stock_availability": "",
        "description": "Two favourites in one product! Pure and natural Freia milk chocolate with pieces of Daim.",
        "primary_image": "https://www.heinemann-shop.com/medias/527Wx527H-null?context=bWFzdGVyfGltYWdlc3wzOTg1MHxpbWFnZS9qcGVnfGFERm1MMmhqWlM4eE1EWTJNVFkzTURJeU16a3dNaTgxTWpkWGVEVXlOMGhmYm5Wc2JBfDZlNmY1NWYwMjRjZTk0N2I1M2E2MGZmYjI0MGJjMDRkMzdlMmI1YThmYWM5NzA3MzhhNjk2MjI4OWYwZWYzZDg&v=1715775914148",
        "images": []
    },
    {
        "product_url": "https://www.heinemann-shop.com/en/global/malaco/malaco-kick-bites-385g/p/000000000001626594/",
        "brand_name": "Malaco",
        "brand_url": "https://www.heinemann-shop.com/en/global/malaco/c/BRAND_2915/",
        "product_name": "Malaco Kick Bites 385g",
        "quantity": "0.385\u00a0kg",
        "price": "\u20ac11.90",
        "price_per_quantity": "(\u20ac30.91 / 1 kg)",
        "stock_availability": "",
        "description": "Kick Original is sweet licorice with the characteristic slightly crumbly texture. A guaranteed winner with licorice lovers.",
        "primary_image": "https://www.heinemann-shop.com/medias/527Wx527H-null?context=bWFzdGVyfGltYWdlc3w3NTg3M3xpbWFnZS9qcGVnfGFETTRMMmc0TVM4eE1USTROakk1TWpJMk56QXpPQzgxTWpkWGVEVXlOMGhmYm5Wc2JBfGNjMGJiMGNlMGJiZDY4M2UxN2FmOGMzN2YzZmYxYTgzYTRkYjZkZjdlNWUzMWY1YzYxZTRhNjkzYzdlZGJmNzM&v=1729324007760",
        "images": []
    },
    {
        "product_url": "https://www.heinemann-shop.com/en/global/toblerone/toblerone-happy-holidays-tinies-bag-272g/p/000000000001318888/",
        "brand_name": "Toblerone",
        "brand_url": "https://www.heinemann-shop.com/en/global/toblerone/c/BRAND_0485/",
        "product_name": "Toblerone Happy Holidays Tinies Bag 272g",
        "quantity": "0.272\u00a0kg",
        "price": "\u20ac11.50",
        "price_per_quantity": "(\u20ac42.28 / 1 kg)",
        "stock_availability": "",
        "description": "Looking for a perfect gift for your loved ones? Don\u2019t miss Toblerone\u2019s limited edition: A dedicated festive design for our Tiny Mixed Bag with 34 individually wrapped pieces of delicious Toblerone Milk, White and Dark Chocolate in miniature 8g bars. A surprising and emotional gift to bring back home during this festive season.",
        "primary_image": "https://www.heinemann-shop.com/medias/527Wx527H-null?context=bWFzdGVyfGltYWdlc3w3OTc3OHxpbWFnZS9qcGVnfGFHVTRMMmcxWXk4NU56a3lPVEl3TVRJMU5EY3dMelV5TjFkNE5USTNTRjl1ZFd4c3xjODc4NjdmOTQ1OTUwMmYzNGRiMGMyNGNlNTIyOTY3NzNlMjUwNTY2YjJjZGU4ODY3MWU5MzMzZjRhYTNlMjAz&v=1689972614198",
        "images": []
    },
    {
        "product_url": "https://www.heinemann-shop.com/en/global/niederegger/niederegger-mini-bars-greetings-from-frankfurt-tin-175g/p/000000000001240636/",
        "brand_name": "Niederegger",
        "brand_url": "https://www.heinemann-shop.com/en/global/niederegger/c/BRAND_1439/",
        "product_name": "Niederegger Mini bars Greetings from Frankfurt tin 175g",
        "quantity": "0.175\u00a0kg",
        "price": "\u20ac12.49",
        "price_per_quantity": "(\u20ac71.37 / 1 kg)",
        "stock_availability": "",
        "description": "Tasty greetings from Frankfurt. Send Greetings from Frankfurt with the popular marzipan from Niederegger. Five bars covered by dark chocolate fill up the unique tin designed with well-known buildings from Frankfurt.",
        "primary_image": "https://www.heinemann-shop.com/medias/527Wx527H-null?context=bWFzdGVyfGltYWdlc3wzNjAzMHxpbWFnZS9qcGVnfGFHRXlMMmcxWmk4eE1UYzRPVGc0TmpZeE9UWTNPQzgxTWpkWGVEVXlOMGhmYm5Wc2JBfDBhMDg0YzAyODdiY2FiNWFiMzhkYjJhMWUyNWZmZDFjMDkzMmQwOTJjNTVkYmNkZDcyZWExNjkyZDhhMDc0NWY&v=1740000448681",
        "images": []
    },
    {
        "product_url": "https://www.heinemann-shop.com/en/global/freia/freia-220g-firklover/p/000000000001625507/",
        "brand_name": "Freia",
        "brand_url": "https://www.heinemann-shop.com/en/global/freia/c/BRAND_1378/",
        "product_name": "FREIA 220G FIRKLOVER",
        "quantity": "0.22\u00a0kg",
        "price": "\u20ac5.90",
        "price_per_quantity": "(\u20ac26.82 / 1 kg)",
        "stock_availability": "",
        "description": "Pure and natural Freia milk chocolate with chopped and roasted hazelnuts",
        "primary_image": "https://www.heinemann-shop.com/medias/527Wx527H-null?context=bWFzdGVyfGltYWdlc3wzNzg3MXxpbWFnZS9qcGVnfGFESXhMMmhoWmk4eE1UQTVOREl5TlRRMU16QTROaTgxTWpkWGVEVXlOMGhmYm5Wc2JBfGJiYzY1Mjg0ZTA5YTM5NDRjYzAwNzhkNjdjMTJkZGMwNTQxYWE2NWMwYjAxZmJhZDJjNTVjNzU2ZmZjNmNkODE&v=1725396415120",
        "images": []
    },
    {
        "product_url": "https://www.heinemann-shop.com/en/global/nestle-sustain-sourced-cocoa/nestle-dark-chocolate-with-almonds-270g/p/000000000001627652/",
        "brand_name": "Nestl\u00e9 Sustain.Sourced Cocoa",
        "brand_url": "https://www.heinemann-shop.com/en/global/nestle-sustain-sourced-cocoa/c/BRAND_A138/",
        "product_name": "NESTLE Dark Chocolate with Almonds 270g",
        "quantity": "0.27\u00a0kg",
        "price": "",
        "price_per_quantity": "(\u20ac42.56 / 1 kg)",
        "stock_availability": "",
        "description": "Enjoy a delightful chocolatey moment during your travels with the taste of NESTLE Sustainably Sourced Cocoa Dark Chocolate with Almonds Tablet. Deliciously rich and smooth dark chocolate packed with pieces of almonds. At the heart of our chocolate is sustainably sourced cocoa, so you can enjoy chocolate that does good* and tastes great. The perfect accompaniment to any adventure, for sharing with friends and family along the way.",
        "primary_image": "https://www.heinemann-shop.com/medias/527Wx527H-null?context=bWFzdGVyfGltYWdlc3wzOTExNnxpbWFnZS9qcGVnfGFEWTBMMmc1WkM4eE1UUXlNVEF4TWpreE9ETXdNaTgxTWpkWGVEVXlOMGhmYm5Wc2JBfDA1YTgyNTRlMjc3YjBmNGFiYmFkMzBjYTgwMTkzMDczOWZkMWJiOTgxMTM2ZGIxMjJmOTcyMWY3ZjkzZmU5ZWQ&v=1732139439889",
        "images": []
    },
    {
        "product_url": "https://www.heinemann-shop.com/en/global/ritter-sport/ritter-sport-pink-tower-with-mini-chocolate-bars/p/000000000001688105/",
        "brand_name": "Ritter Sport",
        "brand_url": "https://www.heinemann-shop.com/en/global/ritter-sport/c/BRAND_0476/",
        "product_name": "Ritter Sport pink tower with mini chocolate bars",
        "quantity": "0.25\u00a0kg",
        "price": "\u20ac11.50",
        "price_per_quantity": "(\u20ac46.00 / 1 kg)",
        "stock_availability": "",
        "description": "The Ritter Sport mini Colourful Variety Tower PINK 250g with 15 minis and 5 different flavours is a sensational mix of sweet, salty, fruity and crunchy.",
        "primary_image": "https://www.heinemann-shop.com/medias/527Wx527H-null?context=bWFzdGVyfGltYWdlc3wxODg1MXxpbWFnZS9qcGVnfGFHVTJMMmcyWmk4eE1UY3dOVFE0T0RFM09USXpNQzgxTWpkWGVEVXlOMGhmYm5Wc2JBfDcwYWQ5Y2ZiMWY1NjlmMmFhM2Q3MjMwYWNlMzgyNmEyZWM5OTgxOGFmNmZhMDE2ZmI0MWUzZTIxMzJlNTk3NzU&v=1738281439442",
        "images": []
    },
    {
        "product_url": "https://www.heinemann-shop.com/en/global/toblerone/toblerone-tiny-gingery-orange-mix-bag-272g/p/000000000001413627/",
        "brand_name": "Toblerone",
        "brand_url": "https://www.heinemann-shop.com/en/global/toblerone/c/BRAND_0485/",
        "product_name": "Toblerone Tiny Gingery Orange Mix Bag 272g",
        "quantity": "0.272\u00a0kg",
        "price": "\u20ac11.49",
        "price_per_quantity": "(\u20ac42.24 / 1 kg)",
        "stock_availability": "",
        "description": "Toblerone Tiny Gingery Orange MIX bag \u2013 The assortment of milk chocolates, dark chocolates both with honey and almond nougat and milk chocolates with addition of Orange peels covered with ginger with honey and almond nougat. Travel exclusive bag of 34 individually wrapped snack-sized pieces. Perfect to share with your loved ones.\u00a0 Made in Switzerland.",
        "primary_image": "https://www.heinemann-shop.com/medias/527Wx527H-null?context=bWFzdGVyfGltYWdlc3w4MTE2NnxpbWFnZS9qcGVnfGFESmtMMmcyTVM4NU9EQXdPVGs1TnprMk56WTJMelV5TjFkNE5USTNTRjl1ZFd4c3xhYzliOGIyYTZhMWNlN2QyZDE2NGYzNTU1MTRhZThiMzAxNzk2YzI5ZGM0M2Q5ZTcxZGJlMzI3YmQ4NTRkMWRh&v=1691491815386",
        "images": []
    },
    {
        "product_url": "https://www.heinemann-shop.com/en/global/toblerone/toblerone-tiny-milk-bag-272g/p/000000000001306106/",
        "brand_name": "Toblerone",
        "brand_url": "https://www.heinemann-shop.com/en/global/toblerone/c/BRAND_0485/",
        "product_name": "Toblerone Tiny Milk Bag 272g",
        "quantity": "0.272\u00a0kg",
        "price": "\u20ac13.49",
        "price_per_quantity": "(\u20ac49.60 / 1 kg)",
        "stock_availability": "",
        "description": "The iconic milk chocolate with honey and almond nougat - in snack size format. Offered in a shiny golden bag of 34 individually wrapped pieces, it is a convenient treat for yourself and your companions while traveling or for family at home. Made in Switzerland and exclusively available in travel retail (272g).",
        "primary_image": "https://www.heinemann-shop.com/medias/527Wx527H-null?context=bWFzdGVyfGltYWdlc3w1NjAxOXxpbWFnZS9qcGVnfGFEUXlMMmhoTkM4NU9EQXdPVE0wTkRJME5qQTJMelV5TjFkNE5USTNTRjl1ZFd4c3w2YTdmMTY0ZDM5Nzc1MmJkYzE3ODlhMzdhZjhmMTcwYTVmMzJlNDBkMWNhNDVjMTBhZjhmZGUzOGQ4N2ExM2Fm&v=1691482232101",
        "images": []
    },
    {
        "product_url": "https://www.heinemann-shop.com/en/global/nestle-sustain-sourced-cocoa/nestle-assorted-chocolate-chunks-bag-426g/p/000000000001627658/",
        "brand_name": "Nestl\u00e9 Sustain.Sourced Cocoa",
        "brand_url": "https://www.heinemann-shop.com/en/global/nestle-sustain-sourced-cocoa/c/BRAND_A138/",
        "product_name": "NESTLE Assorted Chocolate Chunks Bag 426g",
        "quantity": "0.426\u00a0kg",
        "price": "\u20ac29.90",
        "price_per_quantity": "(\u20ac70.19 / 1 kg)",
        "stock_availability": "",
        "description": "NESTLE Sustainably Sourced Cocoa Assorted Chocolate Chunks. Unwrap each chunk of delicious premium chocolate, with approximately 50 satisfying pieces in three varieties to suit everyone's tastes: dark chocolate, milk chocolate, and milk chocolate with hazelnuts. At the heart of our creamy, smooth chocolate is sustainably sourced cocoa, so you can enjoy chocolate that does good* and tastes great. These irresistible bites of chocolate are perfect for catching up with friends and family back home.",
        "primary_image": "https://www.heinemann-shop.com/medias/527Wx527H-null?context=bWFzdGVyfGltYWdlc3w3MTMzNHxpbWFnZS9qcGVnfGFETTNMMmhoT0M4eE1USTROak01TmpRMk9USTNPQzgxTWpkWGVEVXlOMGhmYm5Wc2JBfGQ3OGIyOTY1NDcxNzg3ZWM4ZGMyYmI3MmQ4MTY1NWU1YjI0MjY1MjM5ODUzNjU0YzMwZWRmM2U2NjEwYjlmMDA&v=1729324293721",
        "images": []
    },
    {
        "product_url": "https://www.heinemann-shop.com/en/global/fazer/fazer-avec-french-vegan-chocolate-lentils-300g/p/000000000001619339/",
        "brand_name": "Fazer",
        "brand_url": "https://www.heinemann-shop.com/en/global/fazer/c/BRAND_0482/",
        "product_name": "Fazer Avec French vegan chocolate lentils 300g",
        "quantity": "0.3\u00a0kg",
        "price": "\u20ac7.90",
        "price_per_quantity": "(\u20ac26.33 / 1 kg)",
        "stock_availability": "",
        "description": "The history of the mint-flavoured Avec chocolate pastilles stretches as far back as 1929. Also known as \u201cFrench pastilles\u201d, the crispy coating of these well-known classic sweets contains a heart of melt-in-the-mouth chocolate. Best of all, Fazer\u2019s delicious chocolates are made from 100% responsibly produced cocoa. A delicious treat to enjoy alone or with friends! Suitable for vegans.",
        "primary_image": "https://www.heinemann-shop.com/medias/527Wx527H-null?context=bWFzdGVyfGltYWdlc3w2NzcyN3xpbWFnZS9qcGVnfGFETTRMMmczTkM4eE1UYzROak01T0RNd01qSXpPQzgxTWpkWGVEVXlOMGhmYm5Wc2JBfGNkNTNiOTMwNmMzMjAzZDczZGIyZGU1MDE4NWMyMDg5ZTcxNzZjMDBiMGZiOWU0YjVlNTYwYTc2Zjk4YTBmMmQ&v=1739915421223",
        "images": []
    },
    {
        "product_url": "https://www.heinemann-shop.com/en/global/toblerone/toblerone-tiny-white-bag-272g/p/000000000001306104/",
        "brand_name": "Toblerone",
        "brand_url": "https://www.heinemann-shop.com/en/global/toblerone/c/BRAND_0485/",
        "product_name": "Toblerone Tiny White Bag 272g",
        "quantity": "0.272\u00a0kg",
        "price": "\u20ac13.49",
        "price_per_quantity": "(\u20ac49.60 / 1 kg)",
        "stock_availability": "",
        "description": "Toblerone Tiny White - the iconic chocolate with honey and almond nougat - in snack size format. Offered in a shiny silver bag of 34 individually wrapped pieces, it is a convenient treat for yourself and your companions while traveling or at home. Made in Switzerland and exclusively available in travel retail (272g).",
        "primary_image": "https://www.heinemann-shop.com/medias/527Wx527H-null?context=bWFzdGVyfGltYWdlc3w1NzA1OHxpbWFnZS9qcGVnfGFEWTVMMmhtWkM4NU9EQXdPVE13TkRVNU5qYzRMelV5TjFkNE5USTNTRjl1ZFd4c3wyMjAzODkxNmRkMzMyMWMzZTE3ZTQxOTI3YmUxMzYxZDc1MDI3ZmY0ZDUxN2Q1ZmI5OTcwOTg5MGY3Nzk2MDJj&v=1691481015460",
        "images": []
    },
    {
        "product_url": "https://www.heinemann-shop.com/en/global/neuhaus/the-timeless-masterpieces-ballotin-350-g-contains-30-iconic-neuhaus-chocolates/p/000000000001637943/",
        "brand_name": "Neuhaus",
        "brand_url": "https://www.heinemann-shop.com/en/global/neuhaus/c/BRAND_1376/",
        "product_name": "The Timeless Masterpieces Ballotin (350 g) contains +/- 30 iconic Neuhaus chocolates",
        "quantity": "0.35\u00a0kg",
        "price": "\u20ac35.50",
        "price_per_quantity": "(\u20ac101.43 / 1 kg)",
        "stock_availability": "In stock, immediately available",
        "description": "The Timeless Masterpieces Ballotin (350g) contains +/- 30 iconic Neuhaus chocolates; a selection of fresh cream, pralin\u00e9, ganache and gianduja filled pralines.",
        "primary_image": "https://www.heinemann-shop.com/medias/527Wx527H-null?context=bWFzdGVyfGltYWdlc3w3MDIyN3xpbWFnZS9qcGVnfGFHRXhMMmc0Wmk4eE1EVXpNakkzTmpVd01qVTFPQzgxTWpkWGVEVXlOMGhmYm5Wc2JBfDZlNTIwYWNiOTAwNDBhYTU0OGY4OGM4MGUwMmFiZDdmNjZjZWFlMDYwNDdhNjE1MDVlNGRjNGM3MTFiNmNlNmU&v=1712349658516",
        "images": []
    },
    {
        "product_url": "https://www.heinemann-shop.com/en/global/lindt/lindt-nuxor-assorted-chocolates-with-whole-hazelnuts/p/000000000001648568/",
        "brand_name": "Lindt",
        "brand_url": "https://www.heinemann-shop.com/en/global/lindt/c/BRAND_1486/",
        "product_name": "Lindt NUXOR assorted chocolates with whole hazelnuts",
        "quantity": "0.15\u00a0kg",
        "price": "\u20ac14.50",
        "price_per_quantity": "(\u20ac96.67 / 1 kg)",
        "stock_availability": "In stock, immediately available",
        "description": "Lindt NUXOR combines finest ingredients \u2013 roasting whole hazelnuts to perfection then enrobing them in smooth Gianduja chocolate. Each cube is seductively wrapped in an exquisite gold wrapper and teases the senses with a delightfully smooth Lindt chocolate coating that contrasts beautifully with the crunchy roasted hazelnut centre. This Ballotin comes in an assorted version with the most popular flavours Milk and Dark.",
        "primary_image": "https://www.heinemann-shop.com/medias/527Wx527H-null?context=bWFzdGVyfGltYWdlc3w0NzM3N3xpbWFnZS9qcGVnfGFEQmlMMmhtT0M4eE1UQTVNRGN4TVRFMU1EWXlNaTgxTWpkWGVEVXlOMGhmYm5Wc2JBfGE2MzNmZDM4Mzc2YzA5OGQ5Y2Y3M2E2ZWQwMzc1NmExYTYyYzBhZTlkY2U4MDU2MWRjM2M4NjAzMjI5NzdlNWU&v=1725309133867",
        "images": []
    },
    {
        "product_url": "https://www.heinemann-shop.com/en/global/niederegger/niederegger-mini-bars-greetings-from-germany-tin-175g/p/000000000001240639/",
        "brand_name": "Niederegger",
        "brand_url": "https://www.heinemann-shop.com/en/global/niederegger/c/BRAND_1439/",
        "product_name": "Niederegger Mini bars Greetings from Germany tin 175g",
        "quantity": "0.175\u00a0kg",
        "price": "\u20ac12.50",
        "price_per_quantity": "(\u20ac71.43 / 1 kg)",
        "stock_availability": "",
        "description": "Tasty greetings from Germany. Send Greetings from Germany with the popular marzipan from Niederegger. Five bars covered by dark chocolate fill up the unique tin designed with well-known buildings from Germany.",
        "primary_image": "https://www.heinemann-shop.com/medias/527Wx527H-null?context=bWFzdGVyfGltYWdlc3w0MDkyN3xpbWFnZS9qcGVnfGFEbGpMMmhpTlM4eE1UYzRPVGc0TnpBM09EUXpNQzgxTWpkWGVEVXlOMGhmYm5Wc2JBfDJhNzE1MDcwMWE5ZGFiNjlkZWNmOGU0ZGRjNDAxN2MzMmJhZTQzNDYzNDRlM2U3MjA2NTE0ZmM4NGM4Mzc0ZDE&v=1740000470346",
        "images": []
    },
    {
        "product_url": "https://www.heinemann-shop.com/en/global/anthon-berg/anthon-berg-baileys-in-marzipan-175g/p/000000000001621340/",
        "brand_name": "Anthon Berg",
        "brand_url": "https://www.heinemann-shop.com/en/global/anthon-berg/c/BRAND_0604/",
        "product_name": "Anthon Berg Baileys in Marzipan 175g",
        "quantity": "0.175\u00a0kg",
        "price": "\u20ac7.50",
        "price_per_quantity": "(\u20ac42.86 / 1 kg)",
        "stock_availability": "In stock, immediately available",
        "description": "The perfect match of Anthon Berg marzipan and the taste of Baileys cream liqueur. Covered in milk chocolate, with a swirl of dark chocolate as decoration.",
        "primary_image": "https://www.heinemann-shop.com/medias/527Wx527H-null?context=bWFzdGVyfGltYWdlc3w1NDI2NHxpbWFnZS9qcGVnfGFEQTJMMmhrTXk4eE1ESTFPREEzTnpnM05qSTFOQzgxTWpkWGVEVXlOMGhmYm5Wc2JBfDFmOTI2YzQ0YWFlMzg0ODYxYzE1NDUwYTk1MTU2M2YyMDRiMzA3OTA0MzBmNzdlNmUwYzBhMjFlZGFlODVhOWU&v=1706221629857",
        "images": []
    },
    {
        "product_url": "https://www.heinemann-shop.com/en/global/haribo/haribo-goldbears-450-g-halal/p/000000000001515380/",
        "brand_name": "Haribo",
        "brand_url": "https://www.heinemann-shop.com/en/global/haribo/c/BRAND_1079/",
        "product_name": "Haribo Goldbears 450 g Halal",
        "quantity": "0.45\u00a0kg",
        "price": "\u20ac5.50",
        "price_per_quantity": "(\u20ac12.22 / 1 kg)",
        "stock_availability": "In stock, immediately available",
        "description": "Our number one in the sweet aisle! For generations we have grown up with them and, of course, loved them! HARIBO GOLDBEARS have been a successful product for over 90 years, with their unmistakable fruit flavours of strawberry, raspberry, apple, lemon, orange and pineapple. HARIBO GOLDBEARS \u2013 the ultimate fruit jelly in halal version",
        "primary_image": "https://www.heinemann-shop.com/medias/527Wx527H-null?context=bWFzdGVyfGltYWdlc3wxMDEzMzV8aW1hZ2UvanBlZ3xhR0UxTDJnM1l5OHhNVEk0TmpBMU9Ea3lOakV4TUM4MU1qZFhlRFV5TjBoZmJuVnNiQXw5MmViNzAzZTBkNGE0YjNkNmIxY2U2NDZmNmM5NzI5YTEyZmYwZDMyMjk1ODdkNWM3YzNhODZkZWMyMGQ0Nzlk&v=1729321888128",
        "images": []
    },
    {
        "product_url": "https://www.heinemann-shop.com/en/global/kinder/kinder-happy-hippo-crispy-wafer-with-a-milky-and-cocoa-filling-103-5g/p/000000000001633792/",
        "brand_name": "Kinder",
        "brand_url": "https://www.heinemann-shop.com/en/global/kinder/c/BRAND_4645/",
        "product_name": "Kinder Happy Hippo crispy wafer with a milky and cocoa filling 103,5g",
        "quantity": "0.104\u00a0kg",
        "price": "\u20ac3.90",
        "price_per_quantity": "(\u20ac37.50 / 1 kg)",
        "stock_availability": "In stock, immediately available",
        "description": "Kinder Happy Hippo is a unique hippo shape-wafer filled with delicious double cream for a break full of fun and taste.",
        "primary_image": "https://www.heinemann-shop.com/medias/527Wx527H-null?context=bWFzdGVyfGltYWdlc3w1OTQ4N3xpbWFnZS9qcGVnfGFEZ3hMMmhpWkM4eE1USTVPRGs0T0RJeU9EWXpPQzgxTWpkWGVEVXlOMGhmYm5Wc2JBfDQxYzVmNDFlMWU5ZWM4NzgwZmY2ZjkyYzRiZWI5OGEyMTRhNzJhYzdjZWU2NzIxZTg3ZTgxZDg4NmIwMTM0ZDE&v=1729549585862",
        "images": []
    },
    {
        "product_url": "https://www.heinemann-shop.com/en/global/lindt/lindt-nuxor-gianduja-hazelnut-milk-chocolates-with-whole-hazelnuts/p/000000000001648976/",
        "brand_name": "Lindt",
        "brand_url": "https://www.heinemann-shop.com/en/global/lindt/c/BRAND_1486/",
        "product_name": "Lindt NUXOR Gianduja hazelnut milk chocolates with whole hazelnuts",
        "quantity": "0.15\u00a0kg",
        "price": "\u20ac14.50",
        "price_per_quantity": "(\u20ac96.67 / 1 kg)",
        "stock_availability": "In stock, immediately available",
        "description": "Lindt NUXOR combines finest ingredients \u2013 roasting whole hazelnuts to perfection then enrobing them in smooth Gianduja chocolate. Each cube is seductively wrapped in an exquisite gold wrapper and teases the senses with a delightfully smooth Lindt chocolate coating that contrasts beautifully with the crunchy roasted hazelnut centre. This Ballotin comes in a classic version with the most popular flavour Milk.",
        "primary_image": "https://www.heinemann-shop.com/medias/527Wx527H-null?context=bWFzdGVyfGltYWdlc3w0MzI4MXxpbWFnZS9qcGVnfGFERm1MMmhtWmk4eE1UQTVNRGN4TVRNM09UazVPQzgxTWpkWGVEVXlOMGhmYm5Wc2JBfGE5ZGI4ZjYxOGIzZDA0YWIxMWI0MDNhMWM1MDJiN2U0MzdkNmU4MmZhMDM5ZDBkZWY5NzNlNWU1OWI2NGEwMDQ&v=1725309160020",
        "images": []
    },
    {
        "product_url": "https://www.heinemann-shop.com/en/global/niederegger/niederegger-marzipan-hearts-in-gift-tin-75g/p/000000000001588476/",
        "brand_name": "Niederegger",
        "brand_url": "https://www.heinemann-shop.com/en/global/niederegger/c/BRAND_1439/",
        "product_name": "Niederegger marzipan hearts in gift tin 75g",
        "quantity": "0.075\u00a0kg",
        "price": "\u20ac7.90",
        "price_per_quantity": "(\u20ac105.33 / 1 kg)",
        "stock_availability": "",
        "description": "A gift that comes from the heart! The Niederegger gift tin filled with marzipan hearts and covered in crunchy dark chocolate is just the right gift for any occasion.",
        "primary_image": "https://www.heinemann-shop.com/medias/527Wx527H-null?context=bWFzdGVyfGltYWdlc3w0NTAwNnxpbWFnZS9qcGVnfGFHSXhMMmhrTXk4eE1UYzRPVGc1TmpVME9ETTRNaTgxTWpkWGVEVXlOMGhmYm5Wc2JBfGMwM2VhNjVjOGNjMGJjNmI4OTI1ZjRjMjQzMzk2NTBhYzEwMzhhYzk5ZTg1ZmRhN2U4ZDllZWQ0YWZhYmUwNDA&v=1740000941177",
        "images": []
    },
    {
        "product_url": "https://www.heinemann-shop.com/en/global/lindt/lindt-swiss-masterpieces-chocolate-pralines/p/000000000001564351/",
        "brand_name": "Lindt",
        "brand_url": "https://www.heinemann-shop.com/en/global/lindt/c/BRAND_1486/",
        "product_name": "Lindt Swiss Masterpieces chocolate pralines",
        "quantity": "0.193\u00a0kg",
        "price": "\u20ac31.90",
        "price_per_quantity": "(\u20ac165.28 / 1 kg)",
        "stock_availability": "In stock, immediately available",
        "description": "Discover our Lindt SWISS MASTERPIECES, exquisite chocolate pralines carefully crafted with passion and know-how by our Lindt Swiss Master Chocolatiers and delicately selected to create an unparalleled indulgence. For each recipe, we combined the finest Lindt chocolate with high quality ingredients to create masterpieces which delight the senses.",
        "primary_image": "https://www.heinemann-shop.com/medias/527Wx527H-null?context=bWFzdGVyfGltYWdlc3wzOTcyNHxpbWFnZS9qcGVnfGFERm1MMmd5TkM4eE1USTROakEyTnpVME5EQTVOQzgxTWpkWGVEVXlOMGhmYm5Wc2JBfGY2ZmFmMWIxYWYzMTMwMDE2YTdiOWI5OTQ4YzI2YzMwMTEyN2NhZjkyYzFlMzEyNDU1YzE2MjBmYzZjY2I5YzY&v=1729322385751",
        "images": []
    },
    {
        "product_url": "https://www.heinemann-shop.com/en/global/chocome/chocome-entree-white-chocolate-cranberry-freeze-dried-sour-cherry-pieces-freeze-dried-raspberry-whole/p/000000000001520284/",
        "brand_name": "ChocoMe",
        "brand_url": "https://www.heinemann-shop.com/en/global/chocome/c/BRAND_3312/",
        "product_name": "chocoMe Entr\u00e9e - white chocolate, Cranberry, Freeze-dried sour cherry pieces, Freeze-dried raspberry whole",
        "quantity": "0.11\u00a0kg",
        "price": "\u20ac11.50",
        "price_per_quantity": "(\u20ac104.55 / 1 kg)",
        "stock_availability": "In stock, immediately available",
        "description": "During the process of freeze-drying our various fruit toppings only the moisture content disappears, their unique flavours stay in a concentrated form as does the valuable vitamins and minerals. The fruit toppings made this way do not contain added preservatives, sugar, artificial colouring or aromas, they are \"original\" and can give back their natural savours all year long, even when out of their season.",
        "primary_image": "https://www.heinemann-shop.com/medias/527Wx527H-null?context=bWFzdGVyfGltYWdlc3w1MjA3NHxpbWFnZS9qcGVnfGFETmtMMmcxWmk4NU9EQXhNVFV4TVRVeU1UVTRMelV5TjFkNE5USTNTRjl1ZFd4c3w5NGZkYTc4YzMyZDgzM2JkZGM1NjViNjk4YTdlMmRkZTM0NDZlZTA4OTA1YzllZWM5NWM0ZWJkZWE3Y2JhN2I1&v=1691506859593",
        "images": []
    },
    {
        "product_url": "https://www.heinemann-shop.com/en/global/twix/twix-mono-pouch-500g/p/000000000000498952/",
        "brand_name": "Twix",
        "brand_url": "https://www.heinemann-shop.com/en/global/twix/c/BRAND_5052/",
        "product_name": "Twix Mono Pouch, 500g",
        "quantity": "0.5\u00a0kg",
        "price": "\u20ac8.90",
        "price_per_quantity": "(\u20ac17.80 / 1 kg)",
        "stock_availability": "In stock, immediately available",
        "description": "An easy pouch full of delicious Twix bars in a mini format. Share them with all your friends or family - there's plenty to go round.",
        "primary_image": "https://www.heinemann-shop.com/medias/527Wx527H-null?context=bWFzdGVyfGltYWdlc3w2NjM1MHxpbWFnZS9qcGVnfGFHRmtMMmcxTkM4eE1EUXdOelE0TkRBMk16YzNOQzgxTWpkWGVEVXlOMGhmYm5Wc2JBfDlkZmQ2YWU1ODViZTY0OWFlYzg0NTFiNDFiZGQyMzE5Njg0M2I1MzY0OGM4ZjhlZTY4ZTYxZTIxY2Y1M2U4YWE&v=1709588223108",
        "images": []
    },
    {
        "product_url": "https://www.heinemann-shop.com/en/global/chocome/chocome-entree-valrhona-66vol-dark-chocolate-pistachio-from-bronte-freeze-dried-blackcurrant-crystallized-violet-petal/p/000000000001520280/",
        "brand_name": "ChocoMe",
        "brand_url": "https://www.heinemann-shop.com/en/global/chocome/c/BRAND_3312/",
        "product_name": "chocoMe Entr\u00e9e - Valrhona 66% dark chocolate, Pistachio from Bronte, Freeze-dried blackcurrant, Crystallized violet petal",
        "quantity": "0.11\u00a0kg",
        "price": "\u20ac11.50",
        "price_per_quantity": "(\u20ac104.55 / 1 kg)",
        "stock_availability": "In stock, immediately available",
        "description": "Chocolate and wine - by themselves they are exciting gastronomic products, each offering hundreds of aroma components to the taste buds. What happens if we combine them? We made such chocolate creations with the help of famous sommeliers that have similar taste patterns and can be paired with their respective wines to the benefit of both.",
        "primary_image": "https://www.heinemann-shop.com/medias/527Wx527H-null?context=bWFzdGVyfGltYWdlc3w1NDE0NHxpbWFnZS9qcGVnfGFEZzNMMmhpTnk4NU9EQXhNVFV3Tmprek5EQTJMelV5TjFkNE5USTNTRjl1ZFd4c3xiMTg0Njg0MTA5ZWNkYWM0ZTgxN2E1YmMyMmFhMTA2NzE2Zjc5OGE4ODg0NWEzMTk1Y2Q0ZGY0ZTg1YmQ2ZmQ5&v=1691506834301",
        "images": []
    },
    {
        "product_url": "https://www.heinemann-shop.com/en/global/anthon-berg/anthon-berg-grand-cordials-400g/p/000000000000058686/",
        "brand_name": "Anthon Berg",
        "brand_url": "https://www.heinemann-shop.com/en/global/anthon-berg/c/BRAND_0604/",
        "product_name": "Anthon Berg Grand Cordials 400g",
        "quantity": "0.4\u00a0kg",
        "price": "\u20ac23.90",
        "price_per_quantity": "(\u20ac59.75 / 1 kg)",
        "stock_availability": "In stock, immediately available",
        "description": "Anthon Berg Worldwide renowned bottle-shaped chocolates endorsed by some of the most famous original liqueur brands.",
        "primary_image": "https://www.heinemann-shop.com/medias/527Wx527H-null?context=bWFzdGVyfGltYWdlc3wzNjczMHxpbWFnZS9qcGVnfGFEZGlMMmhpTkM4NU56ZzJOVGs0T1RRNE9EazBMelV5TjFkNE5USTNTRjl1ZFd4c3w4ZjkyMWJkMzJmN2E0ZjYzZDAxZGNkODhlNjc2MzFjN2U2MmEzNDYyYWRjOWI2NDNlZjllOGFhYjY4MmRlYjNl&v=1689235722082",
        "images": [
            "https://www.heinemann-shop.com/medias/527Wx527H-null?context=bWFzdGVyfGltYWdlc3wzNjczMHxpbWFnZS9qcGVnfGFEZGlMMmhpTkM4NU56ZzJOVGs0T1RRNE9EazBMelV5TjFkNE5USTNTRjl1ZFd4c3w4ZjkyMWJkMzJmN2E0ZjYzZDAxZGNkODhlNjc2MzFjN2U2MmEzNDYyYWRjOWI2NDNlZjllOGFhYjY4MmRlYjNl&v=1689235722082",
            "https://www.heinemann-shop.com/medias/527Wx527H-null?context=bWFzdGVyfGltYWdlc3wzOTI0OXxpbWFnZS9qcGVnfGFHRTRMMmcyTlM4NU56ZzJOVGs1TVRjNE1qY3dMelV5TjFkNE5USTNTRjl1ZFd4c3wzZWU5MzgwN2Q3NWM2YWYzMzBmN2U0ODZkZDViMDU0MmM4ZmZmNTliODU0MDI1NzZlZTRhOWQ0ZmIwZjc5MDRm&v=1689235731888"
        ]
    },
    {
        "product_url": "https://www.heinemann-shop.com/en/global/neuhaus/neuhaus-collection-discovery-box-mix-141g/p/000000000001494468/",
        "brand_name": "Neuhaus",
        "brand_url": "https://www.heinemann-shop.com/en/global/neuhaus/c/BRAND_1376/",
        "product_name": "Neuhaus Collection Discovery Box Mix 141g",
        "quantity": "0.141\u00a0kg",
        "price": "\u20ac23.90",
        "price_per_quantity": "(\u20ac169.50 / 1 kg)",
        "stock_availability": "In stock, immediately available",
        "description": "The Neuhaus Collection Discovery Box contains a selection of 12 timeless Neuhaus chocolats au lait, chocolats noirs & white filled chocolates. A contemporary and elegant gift box hand-filled with smooth fresh cream, pralin\u00e9s, ganaches, giandujas and caramels. We carefully select every ingredient, ensuring that every Neuhaus praline is of the highest quality and of 100% natural origin. All our products are made without GMOs and without palm oil. The perfect gift for any occasion or to keep for yourself.",
        "primary_image": "https://www.heinemann-shop.com/medias/527Wx527H-null?context=bWFzdGVyfGltYWdlc3w1NTkyNHxpbWFnZS9qcGVnfGFHUmpMMmhtWVM4NU56VTVOVFEzTmpVME1UYzBMelV5TjFkNE5USTNTRjl1ZFd4c3w3OGFjYjRiNzRkOWRiZWUzY2RlNDgwMGY0ZThjNTlkNzAzNmQ3MmEwYmFhODQwNmE0MDNiMGEyMmNhNzdhN2U1&v=1682646335326",
        "images": []
    },
    {
        "product_url": "https://www.heinemann-shop.com/en/global/niederegger/nie-360353-marzipanerie-398g/p/000000000001564616/",
        "brand_name": "Niederegger",
        "brand_url": "https://www.heinemann-shop.com/en/global/niederegger/c/BRAND_1439/",
        "product_name": "NIE 360353 Marzipanerie 398g",
        "quantity": "0.398\u00a0kg",
        "price": "\u20ac27.90",
        "price_per_quantity": "(\u20ac70.10 / 1 kg)",
        "stock_availability": "In stock, immediately available",
        "description": "Niederegger Marzipanerie offers a varied sweet tooth. The range includes various specialities made from succulent marzipan, which know how to convince with their soft bite.",
        "primary_image": "https://www.heinemann-shop.com/medias/527Wx527H-null?context=bWFzdGVyfGltYWdlc3w4NDk0MnxpbWFnZS9qcGVnfGFEUTNMMmc0TVM4eE1UYzRPVGc1TWpNNE5qZzBOaTgxTWpkWGVEVXlOMGhmYm5Wc2JBfDBlMzZjNzA3MjI1ZjA5MDI3MWMyNDQ2N2M0MDU0YzA2NzNjZjZiODY1ZjBkY2NiMDRkZjgxNDk2NWMyOTUyY2I&v=1740000738818",
        "images": []
    },
    {
        "product_url": "https://www.heinemann-shop.com/en/global/haribo/haribo-tropi-frutti-450-g-halal/p/000000000001515177/",
        "brand_name": "Haribo",
        "brand_url": "https://www.heinemann-shop.com/en/global/haribo/c/BRAND_1079/",
        "product_name": "Haribo Tropi Frutti 450 g Halal",
        "quantity": "0.45\u00a0kg",
        "price": "\u20ac5.50",
        "price_per_quantity": "(\u20ac12.22 / 1 kg)",
        "stock_availability": "In stock, immediately available",
        "description": "TROPIFRUTTI just makes life more tropical! Whether a toucan, a palm tree, a passion flower, a banana, a mango, a mandarin, a blackcurrant or a pineapple, treat yourself to the unique fruity fun of HARIBO TROPIFRUTTI. Sweet exotic jelly sweetsin halal version, in passion fruit, melon, mango-mandarin, banana, pineapple and blackcurrant flavours.",
        "primary_image": "https://www.heinemann-shop.com/medias/527Wx527H-null?context=bWFzdGVyfGltYWdlc3w5ODMyOXxpbWFnZS9qcGVnfGFHUTFMMmd5TXk4eE1USTROakExTkRreU9EUXhOQzgxTWpkWGVEVXlOMGhmYm5Wc2JBfDgxZjM0OTdjZTRmZjA0NTIxMTFhMGI1MjExNTg5OGE3ZDBjN2U3ZmQ1YTQ4ZGY2YzdlNTMxMjRhZDM5YjYyMGY&v=1729321650375",
        "images": []
    },
    {
        "product_url": "https://www.heinemann-shop.com/en/global/oreo/oreo-287g-enrobed-milk-choco-gift/p/000000000001482135/",
        "brand_name": "Oreo",
        "brand_url": "https://www.heinemann-shop.com/en/global/oreo/c/BRAND_4182/",
        "product_name": "Oreo 287g Enrobed Milk Choco Gift",
        "quantity": "0.287\u00a0kg",
        "price": "\u20ac9.90",
        "price_per_quantity": "(\u20ac34.49 / 1 kg)",
        "stock_availability": "In stock, immediately available",
        "description": "Classic Oreos generously enrobed for a moment of pure indulgence.",
        "primary_image": "https://www.heinemann-shop.com/medias/527Wx527H-null?context=bWFzdGVyfGltYWdlc3w3OTc1M3xpbWFnZS9qcGVnfGFESXpMMmc1T1M4eE1EQXpOVFUwTXpBeE5UUTFOQzgxTWpkWGVEVXlOMGhmYm5Wc2JBfGExZWRmYzYyMzg0NzgxMDY4NzQ5NjY3OGNmZjU2YWYxZmQxMWIxMWJmZTQyYjU1MDBhN2U2OTQ2NDY0ZTY4ZjM&v=1700861431813",
        "images": []
    },
    {
        "product_url": "https://www.heinemann-shop.com/en/global/haribo/haribo-rotella-lakritz-450-g/p/000000000001518417/",
        "brand_name": "Haribo",
        "brand_url": "https://www.heinemann-shop.com/en/global/haribo/c/BRAND_1079/",
        "product_name": "HARIBO Rotella Lakritz 450 G",
        "quantity": "0.45\u00a0kg",
        "price": "\u20ac4.90",
        "price_per_quantity": "(\u20ac10.89 / 1 kg)",
        "stock_availability": "In stock, immediately available",
        "description": "The liquorice favourite in the large HARIBO assortment! For years, this classic has proved its popularity and reputation, and has long since been an iconic product. It\u2019s a must-have for any liquorice lover.",
        "primary_image": "https://www.heinemann-shop.com/medias/527Wx527H-null?context=bWFzdGVyfGltYWdlc3wxMDA5Nzl8aW1hZ2UvanBlZ3xhRGcyTDJobVlTOHhNVEk0TmpBMk1EazVNRFE1TkM4MU1qZFhlRFV5TjBoZmJuVnNiQXwwOGQyOTYyOWJmODE3ODY2MDFhYjg1MTkyMjM5MDY1YWY0YTBkYmQ5MjJhMDlmZmNmYmQ2M2UyZmZkOGQyMTdl&v=1729322006366",
        "images": []
    },
    {
        "product_url": "https://www.heinemann-shop.com/en/global/hofbauer/hofbauer-falco-rock-me-amadeus-kugeln-200g/p/000000000001508153/",
        "brand_name": "Hofbauer",
        "brand_url": "https://www.heinemann-shop.com/en/global/hofbauer/c/BRAND_9125/",
        "product_name": "Hofbauer Falco Rock me Amadeus Kugeln 200g",
        "quantity": "0.2\u00a0kg",
        "price": "\u20ac11.99",
        "price_per_quantity": "(\u20ac59.95 / 1 kg)",
        "stock_availability": "",
        "description": "Hofbauer creates a special memorial to Falco (1957-1998) for his world hit \"Rock me Amadeus\". A special premium Mozartkugel with a heart made of the finest nougat, covered in fine marzipan and dark chocolate, is dedicated to the Austrian musician. Inspired by W.A. Mozart, Falco managed to storm the top of the US charts for the first time with a German-language song in the 1980s.",
        "primary_image": "https://www.heinemann-shop.com/medias/1508153-527Wx527H?context=bWFzdGVyfGltYWdlc3w3Njk4MnxpbWFnZS9qcGVnfGFHTTVMMmd6WVM4NU5qUTROVEl4TlRFd09UUXlMekUxTURneE5UTmZOVEkzVjNnMU1qZEl8ZDIwYTE4NDkzMGMyOTY4NTM2YTlkM2JjMjEyY2NmZGM1ZGU4Mzg3OTJjNzlmYjM1N2NjNWEzNjM3OTQwOTJmZQ&v=1640121040417",
        "images": []
    },
    {
        "product_url": "https://www.heinemann-shop.com/en/global/haribo/haribo-pico-balla-425g/p/000000000001513669/",
        "brand_name": "Haribo",
        "brand_url": "https://www.heinemann-shop.com/en/global/haribo/c/BRAND_1079/",
        "product_name": "Haribo Pico-Balla 425g",
        "quantity": "0.425\u00a0kg",
        "price": "\u20ac4.90",
        "price_per_quantity": "(\u20ac11.53 / 1 kg)",
        "stock_availability": "In stock, immediately available",
        "description": "With HARIBO Pico-Balla, everything goes together: fruit gum with confectionery, red with green or lemon with strawberry. Crazy combinations and trying things out - that's exactly what HARIBO Pico-Balla is all about. And it provides one thing above all: the ultimate flavour explosion.",
        "primary_image": "https://www.heinemann-shop.com/medias/527Wx527H-null?context=bWFzdGVyfGltYWdlc3wxMDYxMzZ8aW1hZ2UvanBlZ3xhREJqTDJnek1TOHhNVEk0TmpBMU5EVTJOemsyTmk4MU1qZFhlRFV5TjBoZmJuVnNiQXxhZGM1YjQxYzMwNjAzOGVmZGYyYjYwYmI4MjdiYTU1NWRjM2Y4NDczMTI0NDk0OTQxOWExNDcyMTFhMjQyYjg2&v=1729321629742",
        "images": []
    },
    {
        "product_url": "https://www.heinemann-shop.com/en/global/ferrero-rocher/ferrero-rocher-tablet-white-270g/p/000000000001496647/",
        "brand_name": "Ferrero Rocher",
        "brand_url": "https://www.heinemann-shop.com/en/global/ferrero-rocher/c/BRAND_5430/",
        "product_name": "Ferrero Rocher Tablet White 270g",
        "quantity": "0.27\u00a0kg",
        "price": "\u20ac13.70",
        "price_per_quantity": "(\u20ac50.74 / 1 kg)",
        "stock_availability": "In stock, immediately available",
        "description": "The world-famous Ferrero Rocher praline reinterpreted in a unique chocolate tablet shape, to take consumers\u2019 taste buds on a delicious chocolatey journey. An exclusive pack format dedicated to Travel Retail, reflecting a premium look and feel and containing 3 delicious White Chocolate Tablets.",
        "primary_image": "https://www.heinemann-shop.com/medias/527Wx527H-null?context=bWFzdGVyfGltYWdlc3w2NzcxN3xpbWFnZS9qcGVnfGFHSm1MMmhtTWk4eE1UY3dOVFV5TVRnMk5EY3pOQzgxTWpkWGVEVXlOMGhmYm5Wc2JBfDFjN2NkNWRhZmJjOGZmYzdmOGE5NDc5OTk4ZDgzMTcwYzFiYWI2NGQ0NzM1Y2IyMWMxODY0Y2E1OGMxYzk2MDc&v=1738284220737",
        "images": []
    },
    {
        "product_url": "https://www.heinemann-shop.com/en/global/celebrations/celebrations-pouch-450g/p/000000000000211417/",
        "brand_name": "Celebrations",
        "brand_url": "https://www.heinemann-shop.com/en/global/celebrations/c/BRAND_5049/",
        "product_name": "Celebrations pouch 450g",
        "quantity": "0.45\u00a0kg",
        "price": "\u20ac16.90",
        "price_per_quantity": "(\u20ac37.56 / 1 kg)",
        "stock_availability": "In stock, immediately available",
        "description": "Launched in 1997, Celebrations was the first to bring together a selection of well-loved brands in miniature. With a mix of everyone's favourites, Celebrations is a guaranteed crowd-pleaser for any occasion.",
        "primary_image": "https://www.heinemann-shop.com/medias/527Wx527H-null?context=bWFzdGVyfGltYWdlc3w1ODUyMXxpbWFnZS9qcGVnfGFEVmxMMmhsTVM4NU9EQXdOekF5T0RnMU9URTRMelV5TjFkNE5USTNTRjl1ZFd4c3xkMDQ1N2MwYjIzY2JlZjc0MzJkNmIzMGE5ZjU2ZmZiNWMwYmY1ZmI4MDE1ODlmZGZiMjk4ZDQ4NzQ5ZmQ2ZDdk&v=1691443540575",
        "images": []
    },
    {
        "product_url": "https://www.heinemann-shop.com/en/global/milka/milka-alpine-milk-tablet-270g/p/000000000001278433/",
        "brand_name": "Milka",
        "brand_url": "https://www.heinemann-shop.com/en/global/milka/c/BRAND_0831/",
        "product_name": "Milka Alpine Milk Tablet 270g",
        "quantity": "0.27\u00a0kg",
        "price": "\u20ac6.90",
        "price_per_quantity": "(\u20ac25.56 / 1 kg)",
        "stock_availability": "In stock, immediately available",
        "description": "An all-time classic favourite featuring Alpine milk chocolate in a a big size tablet. The perfect way to enjoy the unmistakeably tender taste of Milka.",
        "primary_image": "https://www.heinemann-shop.com/medias/527Wx527H-null?context=bWFzdGVyfGltYWdlc3w0MjMxMnxpbWFnZS9qcGVnfGFEZzFMMmhoWWk4NU9EQXdPVEkyTlRJM05URTRMelV5TjFkNE5USTNTRjl1ZFd4c3xmYzU3NmE2MTY3MzVkNTBkNzM1MWM0YTQ4NGIxNzQ4M2VmZDcxNDJjZjU0ZDcwMjZkNzY0MWUzODVlOWFiNjkx&v=1691480415264",
        "images": []
    },
    {
        "product_url": "https://www.heinemann-shop.com/en/global/toffifee/toffifee-200g/p/000000000000785844/",
        "brand_name": "Toffifee",
        "brand_url": "https://www.heinemann-shop.com/en/global/toffifee/c/BRAND_5059/",
        "product_name": "Toffifee 200g",
        "quantity": "0.2\u00a0kg",
        "price": "\u20ac5.30",
        "price_per_quantity": "(\u20ac26.50 / 1 kg)",
        "stock_availability": "In stock, immediately available",
        "description": "There\u2019s a lot to enjoy in Toffifee: a crunchy whole hazelnut in a caramel cup with a delicious hazelnut filling and a chocolate button on top. It\u2019s this unique combination that\u2019s perfect for every taste and is a great way to treat the whole family.",
        "primary_image": "https://www.heinemann-shop.com/medias/527Wx527H-null?context=bWFzdGVyfGltYWdlc3w1NzM1MXxpbWFnZS9qcGVnfGFHVmpMMmczWVM4eE1USTROVFUwT0RFM01USTVOQzgxTWpkWGVEVXlOMGhmYm5Wc2JBfGVlZWMzYTMxYjZjZjg0MDdkYjcxZDhmYzJlNDMzYzZlMTlmNzk1ZTNmMTBlZmIzM2YzMWMxZjczMzFmNjdmM2I&v=1729314114369",
        "images": []
    },
    {
        "product_url": "https://www.heinemann-shop.com/en/global/maltesers/maltesers-milk-pouch-175g/p/000000000000737789/",
        "brand_name": "Maltesers",
        "brand_url": "https://www.heinemann-shop.com/en/global/maltesers/c/BRAND_5048/",
        "product_name": "Maltesers Milk Pouch, 175g",
        "quantity": "0.175\u00a0kg",
        "price": "\u20ac5.30",
        "price_per_quantity": "(\u20ac30.29 / 1 kg)",
        "stock_availability": "In stock, immediately available",
        "description": "Maltesers - the lighter way to enjoy chocolate. These crisp honeycombed centres covered in delicious milk chocolate were first introduced in the UK in 1936.",
        "primary_image": "https://www.heinemann-shop.com/medias/527Wx527H-null?context=bWFzdGVyfGltYWdlc3w3NzgyOXxpbWFnZS9qcGVnfGFESXdMMmd5WXk4eE1EUXdOelE0T1Rjek1qWXpPQzgxTWpkWGVEVXlOMGhmYm5Wc2JBfGExOGU4NDU4OTM2OTNjYjY2NTU1NTg4YjM0YjZiZDAxZjEyZTg1NzJmN2VjM2E2MjQyOTFmYTFlYjg0NDNkMTQ&v=1709588809659",
        "images": []
    },
    {
        "product_url": "https://www.heinemann-shop.com/en/global/ferrero-rocher/ferrero-rocher-600g/p/000000000000541858/",
        "brand_name": "Ferrero Rocher",
        "brand_url": "https://www.heinemann-shop.com/en/global/ferrero-rocher/c/BRAND_5430/",
        "product_name": "Ferrero Rocher, 600g",
        "quantity": "0.6\u00a0kg",
        "price": "\u20ac28.50",
        "price_per_quantity": "(\u20ac47.50 / 1 kg)",
        "stock_availability": "In stock, immediately available",
        "description": "The Rocher 600g diamond box is a perfect gift to bring home from your trip. The box contains 48 pieces of delicious Ferrero Rocher pralines.",
        "primary_image": "https://www.heinemann-shop.com/medias/527Wx527H-null?context=bWFzdGVyfGltYWdlc3w2MDAyNXxpbWFnZS9qcGVnfGFEUmhMMmhrT1M4eE1USTVPRGs1TVRBeE16a3hPQzgxTWpkWGVEVXlOMGhmYm5Wc2JBfGUxMTk4NTUzMmRlMWNiMTVhMDUyMjE4YTViNGJiODNiOGNjNWU2NWEwMTVlMWY4ZjIxODk1ZDllZGFiM2FhZDM&v=1729549929901",
        "images": []
    },
    {
        "product_url": "https://www.heinemann-shop.com/en/global/nutella/nutella-b-ready-132g/p/000000000001496507/",
        "brand_name": "Nutella",
        "brand_url": "https://www.heinemann-shop.com/en/global/nutella/c/BRAND_4646/",
        "product_name": "Nutella B-Ready 132g",
        "quantity": "0.132\u00a0kg",
        "price": "\u20ac3.90",
        "price_per_quantity": "(\u20ac29.55 / 1 kg)",
        "stock_availability": "In stock, immediately available",
        "description": "Nutella B-ready , individually packed and always ready to hand - for real Nutella \u00ae enjoyment anytime and anywhere. Enjoy your favorite spread in a crispy waffle.",
        "primary_image": "https://www.heinemann-shop.com/medias/527Wx527H-null?context=bWFzdGVyfGltYWdlc3w5ODc3OHxpbWFnZS9qcGVnfGFHWmpMMmhtWlM4eE1USTVPRFEwTURnek9URTVPQzgxTWpkWGVEVXlOMGhmYm5Wc2JBfDg2NDNiY2E2MTg2ODUyNjhiODQ1NzEyOWRhYTAwODMyNDBhNzJiNGM2MzJkMjQzM2Q4NTg1MDEzMTQ2YmRjNGM&v=1729546896552",
        "images": []
    },
    {
        "product_url": "https://www.heinemann-shop.com/en/global/ritter-sport/ritter-sport-mini-pouch-500g/p/000000000001490307/",
        "brand_name": "Ritter Sport",
        "brand_url": "https://www.heinemann-shop.com/en/global/ritter-sport/c/BRAND_0476/",
        "product_name": "Ritter Sport Mini Pouch 500g",
        "quantity": "0.5\u00a0kg",
        "price": "\u20ac19.90",
        "price_per_quantity": "(\u20ac39.80 / 1 kg)",
        "stock_availability": "",
        "description": "No matter how diverse the choice of chocolates in Ritter Sport\u2019s mini bag, they have one thing in common: their unmistakably delicious Ritter Sport taste. Whether they contain roasted hazelnuts, fine marzipan, delicate praline, crispy cornflakes, crunchy organic shortbread biscuits or rich milk chocolate, there is something here to suit every taste. The Ritter Sport mini Pouch contains 30 mini bars of assorted flavours and is perfect for sharing with family and friends.",
        "primary_image": "https://www.heinemann-shop.com/medias/527Wx527H-null?context=bWFzdGVyfGltYWdlc3w2NTA2NXxpbWFnZS9qcGVnfGFEUXpMMmcxWXk4eE1USTRORGd4T0RNNU5URTJOaTgxTWpkWGVEVXlOMGhmYm5Wc2JBfDE1MzFkZjAyM2RmNTRiMDE4OWY3ZjhjZmI2NjBiMzgzZDdlNzg0NWE3MWFmZDQwM2ViZDZkMGZhNWQwOTk3OGY&v=1729300893713",
        "images": []
    },
    {
        "product_url": "https://www.heinemann-shop.com/en/global/toffifee/toffifee-800g/p/000000000001482678/",
        "brand_name": "Toffifee",
        "brand_url": "https://www.heinemann-shop.com/en/global/toffifee/c/BRAND_5059/",
        "product_name": "Toffifee 800g",
        "quantity": "0.8\u00a0kg",
        "price": "\u20ac16.90",
        "price_per_quantity": "(\u20ac21.12 / 1 kg)",
        "stock_availability": "In stock, immediately available",
        "description": "There\u2019s a lot to enjoy in Toffifee: a crunchy whole hazelnut in a caramel cup with a delicious hazelnut filling and a chocolate button on top. It\u2019s this unique combination that\u2019s perfect for every taste and is a great way to treat the whole family.",
        "primary_image": "https://www.heinemann-shop.com/medias/527Wx527H-null?context=bWFzdGVyfGltYWdlc3w1ODU1OXxpbWFnZS9qcGVnfGFHWmpMMmd6Wmk4eE1USTROakF6T1RVeU56UTFOQzgxTWpkWGVEVXlOMGhmYm5Wc2JBfDg4ZTYzYjNjNjg4YzczMDU2OTJlOWZiZjViZTJjZmYwNzJiN2U3NTc3N2ZiZThkMDllYzk3ODJmMGRkZGFiNDA&v=1729320736645",
        "images": []
    },
    {
        "product_url": "https://www.heinemann-shop.com/en/global/anthon-berg/anthon-berg-petit-nougat-225g/p/000000000000702680/",
        "brand_name": "Anthon Berg",
        "brand_url": "https://www.heinemann-shop.com/en/global/anthon-berg/c/BRAND_0604/",
        "product_name": "Anthon Berg Petit Nougat 225g",
        "quantity": "0.225\u00a0kg",
        "price": "\u20ac9.30",
        "price_per_quantity": "(\u20ac41.33 / 1 kg)",
        "stock_availability": "In stock, immediately available",
        "description": "Anthon Berg dark chocolate-coated marzipan miniatures with hazlenut nougat",
        "primary_image": "https://www.heinemann-shop.com/medias/527Wx527H-null?context=bWFzdGVyfGltYWdlc3w0NDIxOXxpbWFnZS9qcGVnfGFHVXpMMmhpTlM4NU56ZzJPVEl4TkRnME16RTRMelV5TjFkNE5USTNTRjl1ZFd4c3w2MzhmZTEzZTE4NGExZTllZDkyNWFmMjM5OTUzZjcxMjE5YTdmNjc0OGIwOTg3NWFiM2NkNGYzMjFiYmIzMTRj&v=1689256524888",
        "images": []
    },
    {
        "product_url": "https://www.heinemann-shop.com/en/global/chupa-chups/chupa-chups-mega-chup-180g/p/000000000001482199/",
        "brand_name": "Chupa Chups",
        "brand_url": "https://www.heinemann-shop.com/en/global/chupa-chups/c/BRAND_1707/",
        "product_name": "Chupa Chups Mega Chup 180g",
        "quantity": "0.18\u00a0kg",
        "price": "\u20ac15.90",
        "price_per_quantity": "(\u20ac88.33 / 1 kg)",
        "stock_availability": "In stock, immediately available",
        "description": "Chupa Chups is the world's most famous lollipop. This Chupa Chups Megachup contains 15 assorted flavour lollipops (Strawberry, Orange, Apple, Cherry, Watermelon and Lemon).",
        "primary_image": "https://www.heinemann-shop.com/medias/527Wx527H-null?context=bWFzdGVyfGltYWdlc3w2MTEyOHxpbWFnZS9qcGVnfGFHSm1MMmd6TXk4eE1USTROakEwTVRnNE5qYzFNQzgxTWpkWGVEVXlOMGhmYm5Wc2JBfDNhNzMxZTFjMjBiMGI1ODk5ZjFlNjFiYzg5MTE4NTQ0MmZjOGQ5M2FmOTIzNGQwMGMxMmI4Mzg5YTE0MmUyZTE&v=1729320884415",
        "images": []
    },
    {
        "product_url": "https://www.heinemann-shop.com/en/global/tony-s/tony-s-chocolonely-fairtrade-dark-chocolate-with-at-least-51vol-cacoa-solids-and-almonds-and-seasalt-made-in-belgium-240g/p/000000000001478452/",
        "brand_name": "Tony's",
        "brand_url": "https://www.heinemann-shop.com/en/global/tony-s/c/BRAND_7165/",
        "product_name": "Tony's Chocolonely Fairtrade dark chocolate with at least 51% cacoa solids and almonds and seasalt. Made in Belgium. 240g",
        "quantity": "0.24\u00a0kg",
        "price": "\u20ac8.50",
        "price_per_quantity": "(\u20ac35.42 / 1 kg)",
        "stock_availability": "In stock, immediately available",
        "description": "\"This dark chocolate bar with almonds and sea salt is a bestseller almost everywhere. We tested it in the Netherlands as a Limited Edition, loads of fans and now also here available!",
        "primary_image": "https://www.heinemann-shop.com/medias/527Wx527H-null?context=bWFzdGVyfGltYWdlc3w0NjYxMXxpbWFnZS9qcGVnfGFEQTBMMmd5WXk4eE1EWXhOVFkzTWpFM05qWTNNQzgxTWpkWGVEVXlOMGhmYm5Wc2JBfGM0ZTFhOTk0ZGQ1ZGI5NWZkNmVjNDE1ZjE4YzdhNGYzODViNDQ2NDA0MTZiMzIyZjU0ZTc1NWE1ZjVlNmRmMTA&v=1714510091686",
        "images": []
    },
    {
        "product_url": "https://www.heinemann-shop.com/en/global/guylian/guylian-sea-shells-belgian-chocolates-project-seahorse-500g/p/000000000001456356/",
        "brand_name": "Guylian",
        "brand_url": "https://www.heinemann-shop.com/en/global/guylian/c/BRAND_1409/",
        "product_name": "Guylian Sea Shells Belgian Chocolates Project Seahorse 500g",
        "quantity": "0.5\u00a0kg",
        "price": "\u20ac17.90",
        "price_per_quantity": "(\u20ac35.80 / 1 kg)",
        "stock_availability": "In stock, immediately available",
        "description": "Savour Guylian\u2019s Original Sea Shells, beautifully crafted with a blend of the finest Belgian Chocolate and filled with in house roasted Hazelnut Pralin\u00e9. Consumers all over the world love them for their exquisite taste, brilliance and beautifully sculpted marbled shapes. With this special pack, Guylian shows their care about the environment. For over 20 years, Guylian has been the proud major sponsor of Project Seahorse, the reference for international marine conservation.",
        "primary_image": "https://www.heinemann-shop.com/medias/527Wx527H-null?context=bWFzdGVyfGltYWdlc3w2NDk0NHxpbWFnZS9qcGVnfGFEQmpMMmd4T1M4eE1UYzROak00T1RZMU1UUTROaTgxTWpkWGVEVXlOMGhmYm5Wc2JBfDBhYWQ5ZDAyYWUxNjI4MjQ1ZmNmMjI0NmFmOTI1MThjM2E2ZmU2YTcyZjZkYzY3YTY3OWU5NjdlMGRhMDU3ZDM&v=1739914656712",
        "images": []
    },
    {
        "product_url": "https://www.heinemann-shop.com/en/global/niederegger/niederegger-marzipan-classic-variations-in-dark-chocolate-200g/p/000000000001473716/",
        "brand_name": "Niederegger",
        "brand_url": "https://www.heinemann-shop.com/en/global/niederegger/c/BRAND_1439/",
        "product_name": "Niederegger Marzipan classic variations in dark chocolate 200g",
        "quantity": "0.2\u00a0kg",
        "price": "\u20ac10.90",
        "price_per_quantity": "(\u20ac54.50 / 1 kg)",
        "stock_availability": "In stock, immediately available",
        "description": "Classics collection are available in a dazzling array of varieties. The 200g package contains the flavours pistachio, orange, pineapple and espresso.",
        "primary_image": "https://www.heinemann-shop.com/medias/527Wx527H-null?context=bWFzdGVyfGltYWdlc3w0ODkyOHxpbWFnZS9qcGVnfGFHTmpMMmd3TWk4eE1UYzRPVGc0TlRnMk5qQXhOQzgxTWpkWGVEVXlOMGhmYm5Wc2JBfDRiOWZiODNmMGVjYWQyMmE0ODk2YzJlNjk2MzllY2Y5NWI2OTRjNGIwYTMyMjhkYTk2OTE4YzExMDU2ZTJjZGM&v=1740000401895",
        "images": [
            "https://www.heinemann-shop.com/medias/527Wx527H-null?context=bWFzdGVyfGltYWdlc3w0ODkyOHxpbWFnZS9qcGVnfGFHTmpMMmd3TWk4eE1UYzRPVGc0TlRnMk5qQXhOQzgxTWpkWGVEVXlOMGhmYm5Wc2JBfDRiOWZiODNmMGVjYWQyMmE0ODk2YzJlNjk2MzllY2Y5NWI2OTRjNGIwYTMyMjhkYTk2OTE4YzExMDU2ZTJjZGM&v=1740000401895",
            "https://www.heinemann-shop.com/medias/527Wx527H-null?context=bWFzdGVyfGltYWdlc3w3MjcyMnxpbWFnZS9qcGVnfGFEQXlMMmhpTlM4eE1UYzRPVGc1TURZMU1ERTBNaTgxTWpkWGVEVXlOMGhmYm5Wc2JBfGU2Yjc3YTEzNTkxM2E2MWQxYjkyMGJmMmYwYTdlZTYzMTU1ODEyODI2ZjgxMTZkNmM3NDhkZWRiNDQ5Y2IwZDA&v=1740000650736"
        ]
    },
    {
        "product_url": "https://www.heinemann-shop.com/en/global/niederegger/niederegger-marzipan-schwarzbrot-in-dark-chocolate-200g/p/000000000001473718/",
        "brand_name": "Niederegger",
        "brand_url": "https://www.heinemann-shop.com/en/global/niederegger/c/BRAND_1439/",
        "product_name": "Niederegger Marzipan Schwarzbrot in dark chocolate 200g",
        "quantity": "0.2\u00a0kg",
        "price": "\u20ac8.70",
        "price_per_quantity": "(\u20ac43.50 / 1 kg)",
        "stock_availability": "In stock, immediately available",
        "description": "Our marzipan loaves with a classic coating of crisp dark chocolate are an absolute delight.",
        "primary_image": "https://www.heinemann-shop.com/medias/527Wx527H-null?context=bWFzdGVyfGltYWdlc3wzMDY2NHxpbWFnZS9qcGVnfGFETmxMMmcxTmk4eE1UYzRPVGc0TmpNNU1ETXdNaTgxTWpkWGVEVXlOMGhmYm5Wc2JBfGIwYTNmYTgzNjE0YTQ2YmVhMmY5OTdmNTllZmU3M2YzOWU1MWZlMTNhNTk2MzllNTViNzY1ODFhNjUwMjViNDQ&v=1740000434034",
        "images": []
    },
    {
        "product_url": "https://www.heinemann-shop.com/en/global/oreo/oreo-chocolate-flavoured-mini-sandwich-biscuits-115g/p/000000000000248615/",
        "brand_name": "Oreo",
        "brand_url": "https://www.heinemann-shop.com/en/global/oreo/c/BRAND_4182/",
        "product_name": "Oreo Chocolate Flavoured Mini sandwich Biscuits 115g",
        "quantity": "0.115\u00a0kg",
        "price": "",
        "price_per_quantity": "(\u20ac33.91 / 1 kg)",
        "stock_availability": "",
        "description": "Enjoy the smaller version of the original OREO biscuit. Mini sandwich cookies filled with delicious vanilla cream in a crunchy bite-sized format. The fun reclosable cup ensures a fresh snack anytime and anywhere.",
        "primary_image": "https://www.heinemann-shop.com/medias/527Wx527H-null?context=bWFzdGVyfGltYWdlc3w3NDgxMHxpbWFnZS9qcGVnfGFHVmxMMmczWlM4NU9EQXdOekF6TmpNNU5UZ3lMelV5TjFkNE5USTNTRjl1ZFd4c3wxYjdiYjg3MThlMTc2MzMwZWY2MzUzMGQyYzVjM2IzN2JmNmYyZjJkMmY1M2U2MmJiNmVkOWZlMmIxZDQyNDQw&v=1691443815281",
        "images": []
    },
    {
        "product_url": "https://www.heinemann-shop.com/en/global/lakrids-by-buelow/buelow-salt-caramel-295g/p/000000000001401568/",
        "brand_name": "Lakrids by B\u00fclow",
        "brand_url": "https://www.heinemann-shop.com/en/global/lakrids-by-buelow/c/BRAND_7902/",
        "product_name": "B\u00fclow Salt & Caramel 295g",
        "quantity": "0.295\u00a0kg",
        "price": "\u20ac17.50",
        "price_per_quantity": "(\u20ac59.32 / 1 kg)",
        "stock_availability": "In stock, immediately available",
        "description": "We should warn you, it is almost impossible to resist this winning combination of salted caramel and sweet liquorice. Lakrids D is a sweet liquorice covered in caramelized dulce chocolate \u2013 flavored with crunchy flakes of sea salt. Feisty and gentle at the same time. You simply can\u2019t have just one.",
        "primary_image": "https://www.heinemann-shop.com/medias/527Wx527H-null?context=bWFzdGVyfGltYWdlc3w1MjA5MXxpbWFnZS9qcGVnfGFEZzVMMmc1TlM4eE1UYzRNalkwTkRNd01UZzFOQzgxTWpkWGVEVXlOMGhmYm5Wc2JBfDcyNDlhZGRlZmUwMDA4NzQ5ZDVjOTY1MzEyOWI0ZjBiYThjNmM1NDAyMDNkNzU3ZmY0NzNjNDVmMmNmNzQ4NGU&v=1739831686474",
        "images": []
    },
    {
        "product_url": "https://www.heinemann-shop.com/en/global/cadbury/cadbury-whole-nut-tablet-300g/p/000000000001087378/",
        "brand_name": "Cadbury",
        "brand_url": "https://www.heinemann-shop.com/en/global/cadbury/c/BRAND_0822/",
        "product_name": "Cadbury Whole Nut Tablet 300g",
        "quantity": "0.3\u00a0kg",
        "price": "\u20ac8.90",
        "price_per_quantity": "(\u20ac29.67 / 1 kg)",
        "stock_availability": "In stock, immediately available",
        "description": "Enjoy Cadbury Dairy Milk Whole Nut. A delicious Cadbury Dairy Milk chocolate bar filled with whole hazelnuts in 300g tablet format, available in Travel Retail only.",
        "primary_image": "https://www.heinemann-shop.com/medias/527Wx527H-null?context=bWFzdGVyfGltYWdlc3wzNjYwMnxpbWFnZS9qcGVnfGFERTBMMmczT1M4eE1EVTRPVFl4TkRNME1qRTNOQzgxTWpkWGVEVXlOMGhmYm5Wc2JBfDg2NTY3ZWY5ODQ0N2RmMDgxODg3ZDk2YWI3NzI1ZmRiZDhlZDIxZjJkMjM4MTIyMGQwOTJiYWZlMTNjMDYyZjA&v=1713846284516",
        "images": [
            "https://www.heinemann-shop.com/medias/527Wx527H-null?context=bWFzdGVyfGltYWdlc3wzNjYwMnxpbWFnZS9qcGVnfGFERTBMMmczT1M4eE1EVTRPVFl4TkRNME1qRTNOQzgxTWpkWGVEVXlOMGhmYm5Wc2JBfDg2NTY3ZWY5ODQ0N2RmMDgxODg3ZDk2YWI3NzI1ZmRiZDhlZDIxZjJkMjM4MTIyMGQwOTJiYWZlMTNjMDYyZjA&v=1713846284516",
            "https://www.heinemann-shop.com/medias/527Wx527H-null?context=bWFzdGVyfGltYWdlc3wzOTU1OXxpbWFnZS9qcGVnfGFEQm1MMmczTmk4eE1EVTRPVGN5T1RFNU5EQXhOQzgxTWpkWGVEVXlOMGhmYm5Wc2JBfDFkYzY2OWJjMjMxZDI5YjVjMjM2YTg4MTNjYzUwYjQ5MjdiZTdhZmMzNWIyMTJkYmRiMDQ3ZDc0YzY2N2M0ZjA&v=1713846913453"
        ]
    },
    {
        "product_url": "https://www.heinemann-shop.com/en/global/kinder/kinder-schoko-bons-320g/p/000000000000115269/",
        "brand_name": "Kinder",
        "brand_url": "https://www.heinemann-shop.com/en/global/kinder/c/BRAND_4645/",
        "product_name": "Kinder Schoko Bons, 320g",
        "quantity": "0.32\u00a0kg",
        "price": "\u20ac10.50",
        "price_per_quantity": "(\u20ac32.81 / 1 kg)",
        "stock_availability": "In stock, immediately available",
        "description": "Mini milk chocolate eggs with a smooth milk and hazelnut filling. You can share with family and friends or enjoy by yourself when you\u2019re on the go!",
        "primary_image": "https://www.heinemann-shop.com/medias/527Wx527H-null?context=bWFzdGVyfGltYWdlc3w3OTI3NHxpbWFnZS9qcGVnfGFETmxMMmd3TVM4eE1USTVOemd5TURFME56YzBNaTgxTWpkWGVEVXlOMGhmYm5Wc2JBfGE1ZWI4MWExNDY0YWFjMDhlMzRiNzQyY2I2ZjRkNjJkMjI3YWE5NDhiZWM1MGY2ODE5NzhmNTZhOGZkMmFhMjY&v=1729543615505",
        "images": []
    },
    {
        "product_url": "https://www.heinemann-shop.com/en/global/casali/casali-chocolate-bananas-300g/p/000000000001301035/",
        "brand_name": "Casali",
        "brand_url": "https://www.heinemann-shop.com/en/global/casali/c/BRAND_5642/",
        "product_name": "Casali Chocolate Bananas 300g",
        "quantity": "0.3\u00a0kg",
        "price": "\u20ac5.99",
        "price_per_quantity": "(\u20ac19.97 / 1 kg)",
        "stock_availability": "",
        "description": "The delicate fruity original from Casali! High quality dark chocolate on the outside, filled with delicate fruity banana. The luscious dark chocolate coating with cocoa from our own roasted beans accompanies perfectly the light and fruity banana filling. Sustainable & fair! The Casali Chocolate Banana line is Fairtrade certified.",
        "primary_image": "https://www.heinemann-shop.com/medias/527Wx527H-null?context=bWFzdGVyfGltYWdlc3w3NTQ5NXxpbWFnZS9qcGVnfGFEZzVMMmc1TlM4NU56UTVNakF6TVRVM01ESXlMelV5TjFkNE5USTNTRjl1ZFd4c3wyOGY3YjllNzkyMjk3ZjUzYjRhNjUxYWVkM2MzMmY3OGVkYzdmNmRhNjEwYmE4OWYwNGJjNTE0YzdhNzcxMTI2&v=1679633119804",
        "images": []
    },
    {
        "product_url": "https://www.heinemann-shop.com/en/global/cadbury/cadbury-dairy-milk-tablet-300g/p/000000000001087377/",
        "brand_name": "Cadbury",
        "brand_url": "https://www.heinemann-shop.com/en/global/cadbury/c/BRAND_0822/",
        "product_name": "Cadbury Dairy Milk Tablet 300g",
        "quantity": "0.3\u00a0kg",
        "price": "\u20ac8.90",
        "price_per_quantity": "(\u20ac29.67 / 1 kg)",
        "stock_availability": "In stock, immediately available",
        "description": "Enjoy the classic Cadbury Dairy Milk in Travel Retail Exclusive 300g format. A glass and a half of milk in every half pound of chocolate.",
        "primary_image": "https://www.heinemann-shop.com/medias/527Wx527H-null?context=bWFzdGVyfGltYWdlc3wzNzE4NHxpbWFnZS9qcGVnfGFESXdMMmhrTWk4eE1EVTRPVFl4TXpneE56ZzROaTgxTWpkWGVEVXlOMGhmYm5Wc2JBfDllZDZiYWU0ODM5NTdhZjFjNjQ2MWE2N2YyMjgzNWJmMTY1MDM4ODVlZDgwMGE1NTlkNjNlMTZhMWRjM2Y1ZjU&v=1713846250122",
        "images": [
            "https://www.heinemann-shop.com/medias/527Wx527H-null?context=bWFzdGVyfGltYWdlc3wzNzE4NHxpbWFnZS9qcGVnfGFESXdMMmhrTWk4eE1EVTRPVFl4TXpneE56ZzROaTgxTWpkWGVEVXlOMGhmYm5Wc2JBfDllZDZiYWU0ODM5NTdhZjFjNjQ2MWE2N2YyMjgzNWJmMTY1MDM4ODVlZDgwMGE1NTlkNjNlMTZhMWRjM2Y1ZjU&v=1713846250122",
            "https://www.heinemann-shop.com/medias/527Wx527H-null?context=bWFzdGVyfGltYWdlc3w0MzA1MnxpbWFnZS9qcGVnfGFERmlMMmhqWmk4eE1EVTRPVGN5T0RZMk9UY3lOaTgxTWpkWGVEVXlOMGhmYm5Wc2JBfGNlMTllMTU0MWUxOWJkZGQ1NjAxZTViYjk5MDc0ZjRhNzYwZTMzOTkwZjJlZDMwZTQzNGZjMDM5OTM2NGU3ZTY&v=1713846897043"
        ]
    },
    {
        "product_url": "https://www.heinemann-shop.com/en/global/merci/merci-petits-250g/p/000000000001371640/",
        "brand_name": "Merci",
        "brand_url": "https://www.heinemann-shop.com/en/global/merci/c/BRAND_5057/",
        "product_name": "Merci petits 250g",
        "quantity": "0.25\u00a0kg",
        "price": "\u20ac7.30",
        "price_per_quantity": "(\u20ac29.20 / 1 kg)",
        "stock_availability": "In stock, immediately available",
        "description": "An assortment of unfilled and filled speciality chocolates.",
        "primary_image": "https://www.heinemann-shop.com/medias/527Wx527H-null?context=bWFzdGVyfGltYWdlc3w3NTMwNHxpbWFnZS9qcGVnfGFHVXlMMmd6T1M4eE1UY3dOVFl3TkRRM01qZzJNaTgxTWpkWGVEVXlOMGhmYm5Wc2JBfDVjZjUxZDdlZWYxODY0NmVlYWJkZjNmMDQzYjg1NWY3ZDU1MTlmODc5Nzk2NjZjOTJiOWM4Yzg0MDYxNTEwNDg&v=1738285773933",
        "images": []
    },
    {
        "product_url": "https://www.heinemann-shop.com/en/global/haribo/haribo-goldbears-box-450g/p/000000000000250756/",
        "brand_name": "Haribo",
        "brand_url": "https://www.heinemann-shop.com/en/global/haribo/c/BRAND_1079/",
        "product_name": "Haribo Goldbears Box 450g",
        "quantity": "0.45\u00a0kg",
        "price": "\u20ac7.90",
        "price_per_quantity": "(\u20ac17.56 / 1 kg)",
        "stock_availability": "In stock, immediately available",
        "description": "The first completely innovative packaging in an exclusive Goldbear design! Just right for any lover of the iconic treat\u2026 or for any Haribo lover in general!",
        "primary_image": "https://www.heinemann-shop.com/medias/527Wx527H-null?context=bWFzdGVyfGltYWdlc3w2NDY0NnxpbWFnZS9qcGVnfGFHSTNMMmc1TkM4eE1USTROVE16T0RZNE5UUTNNQzgxTWpkWGVEVXlOMGhmYm5Wc2JBfGIwOTVmMTdiZWI0ZTk5OWY0ZWJiY2NiNzM0ZTExYWIzNTkzZGFjYTk2Y2I3ZmVjZmY0Yzk3ZmQxOTczOWRlOGQ&v=1729312832922",
        "images": [
            "https://www.heinemann-shop.com/medias/527Wx527H-null?context=bWFzdGVyfGltYWdlc3w2NDY0NnxpbWFnZS9qcGVnfGFHSTNMMmc1TkM4eE1USTROVE16T0RZNE5UUTNNQzgxTWpkWGVEVXlOMGhmYm5Wc2JBfGIwOTVmMTdiZWI0ZTk5OWY0ZWJiY2NiNzM0ZTExYWIzNTkzZGFjYTk2Y2I3ZmVjZmY0Yzk3ZmQxOTczOWRlOGQ&v=1729312832922",
            "https://www.heinemann-shop.com/medias/527Wx527H-null?context=bWFzdGVyfGltYWdlc3wxMjU4NTB8aW1hZ2UvanBlZ3xhR0ZtTDJneFppOHhNVEk0TlRNME16TTNNVEk1TkM4MU1qZFhlRFV5TjBoZmJuVnNiQXw0ZDQ4Mjc2YzhmMGVjY2QzZjMxODNhNDc0YTVkZjYzOTY4ZDkyNzU0NjYzOTAyYTEwZjM2ZTZmOTY3YmI2ZTc2&v=1729313428048"
        ]
    },
    {
        "product_url": "https://www.heinemann-shop.com/en/global/snickers/snickers-bar-50g/p/000000000001033903/",
        "brand_name": "Snickers",
        "brand_url": "https://www.heinemann-shop.com/en/global/snickers/c/BRAND_5051/",
        "product_name": "Snickers Bar, 50g",
        "quantity": "0.05\u00a0kg",
        "price": "",
        "price_per_quantity": "(\u20ac38.00 / 1 kg)",
        "stock_availability": "",
        "description": "The world's best-selling candy bar. Crammed with peanuts, caramel and nougat then coated with milk chocolate, Snickers\u00ae quickly became one of the planet's favorite treats after its introduction in 1930.",
        "primary_image": "https://www.heinemann-shop.com/medias/527Wx527H-null?context=bWFzdGVyfGltYWdlc3wzMzc4MHxpbWFnZS9qcGVnfGFEZ3lMMmhrTmk4eE1UWXpNalkxTXpjMk1qVTVNQzgxTWpkWGVEVXlOMGhmYm5Wc2JBfDA4NTcwMzI4Njc4NDNhMzVmYzVlYzE4MzEzNmZjNzc1YzExNTFkZTczNDcyZmEyODI2OGI5MWE3MDFlNGMyOWI&v=1736803862339",
        "images": [
            "https://www.heinemann-shop.com/medias/527Wx527H-null?context=bWFzdGVyfGltYWdlc3wzMzc4MHxpbWFnZS9qcGVnfGFEZ3lMMmhrTmk4eE1UWXpNalkxTXpjMk1qVTVNQzgxTWpkWGVEVXlOMGhmYm5Wc2JBfDA4NTcwMzI4Njc4NDNhMzVmYzVlYzE4MzEzNmZjNzc1YzExNTFkZTczNDcyZmEyODI2OGI5MWE3MDFlNGMyOWI&v=1736803862339",
            "https://www.heinemann-shop.com/medias/527Wx527H-null?context=bWFzdGVyfGltYWdlc3wzNzE4NHxpbWFnZS9qcGVnfGFHVTRMMmcyWmk4eE1UWXpNalkxTkRZNE1EQTVOQzgxTWpkWGVEVXlOMGhmYm5Wc2JBfDJhYTMwNzM3NGUyNGFlMjdjMTRlOGE4NjdjMjNkNzE5NDViNWU2ODYzZjU0NDU4MDNlNGRlMWQ2OTZmODY4NzI&v=1736803914928"
        ]
    },
    {
        "product_url": "https://www.heinemann-shop.com/en/global/anthon-berg/anthon-berg-strawberry-in-sparkling-wine-220g/p/000000000001187268/",
        "brand_name": "Anthon Berg",
        "brand_url": "https://www.heinemann-shop.com/en/global/anthon-berg/c/BRAND_0604/",
        "product_name": "Anthon Berg Strawberry in sparkling wine 220g",
        "quantity": "0.22\u00a0kg",
        "price": "\u20ac7.90",
        "price_per_quantity": "(\u20ac35.91 / 1 kg)",
        "stock_availability": "In stock, immediately available",
        "description": "Anthon Berg Chocolate with marzipan and filling with Strawberry in sparkling wine.",
        "primary_image": "https://www.heinemann-shop.com/medias/527Wx527H-null?context=bWFzdGVyfGltYWdlc3wzNTU4NnxpbWFnZS9qcGVnfGFEUmlMMmhtTXk4NU56ZzNNRFk0TnpRek56RXdMelV5TjFkNE5USTNTRjl1ZFd4c3xlNGI0ZGY1NWFhNWE0OWIzMDc0Njc1ZjA3Mjg4ZDJkZGQ4ZTRlNTI5ZDBmZjZkZTMxZjhlZWI0YjJlYzU1NGJl&v=1689275729597",
        "images": []
    },
    {
        "product_url": "https://www.heinemann-shop.com/en/global/kitkat/kk-sharing-bag-12511645-517g/p/000000000001432269/",
        "brand_name": "KitKat",
        "brand_url": "https://www.heinemann-shop.com/en/global/kitkat/c/BRAND_5024/",
        "product_name": "KK Sharing Bag 12511645 517g",
        "quantity": "0.517\u00a0kg",
        "price": "\u20ac17.90",
        "price_per_quantity": "(\u20ac34.62 / 1 kg)",
        "stock_availability": "In stock, immediately available",
        "description": "Share and break with KitKat\u00ae KitKat\u00ae Share Bag Break Time is the perfect travel companion. Exclusive to travel retail, this re-sealable share bag is made for snacking and sharing with family and friends. Enjoy individually wrapped KitKat\u00ae 2 Finger Mini, 2 fingers of crispy wafer covered in delicious milk chocolate.",
        "primary_image": "https://www.heinemann-shop.com/medias/527Wx527H-null?context=bWFzdGVyfGltYWdlc3w2ODIzM3xpbWFnZS9qcGVnfGFHTTJMMmhqWWk4eE1USTROVGcyTWprME1EY3dNaTgxTWpkWGVEVXlOMGhmYm5Wc2JBfDU5YzcyMTUwOGQxN2FlM2Q4N2VmYjYyZjRiODI1ZmJiZTA1ZWFjN2RiZDM1MTUxYmYxYTg5YjVhZDc1YzNkYTY&v=1729319983814",
        "images": [
            "https://www.heinemann-shop.com/medias/527Wx527H-null?context=bWFzdGVyfGltYWdlc3w2ODIzM3xpbWFnZS9qcGVnfGFHTTJMMmhqWWk4eE1USTROVGcyTWprME1EY3dNaTgxTWpkWGVEVXlOMGhmYm5Wc2JBfDU5YzcyMTUwOGQxN2FlM2Q4N2VmYjYyZjRiODI1ZmJiZTA1ZWFjN2RiZDM1MTUxYmYxYTg5YjVhZDc1YzNkYTY&v=1729319983814",
            "https://www.heinemann-shop.com/medias/527Wx527H-null?context=bWFzdGVyfGltYWdlc3w4OTIwNXxpbWFnZS9qcGVnfGFHUmlMMmhqWkM4eE1EVXlOVEkwTlRnMk5qQXhOQzgxTWpkWGVEVXlOMGhmYm5Wc2JBfDA4NmEyZGJlMmJlNmNlY2M4MWFhMWNmMTU5NjE4OTJmZDE0ZTM1NjQxZWIxMTk2NDM3N2E4M2U0MDU1OGEwNDE&v=1712180600421",
            "https://www.heinemann-shop.com/medias/527Wx527H-null?context=bWFzdGVyfGltYWdlc3w5MjY0NHxpbWFnZS9qcGVnfGFEWXlMMmczWXk4eE1EVXlOVEkwTmpFeU9ERTFPQzgxTWpkWGVEVXlOMGhmYm5Wc2JBfDZlNDBjOTk3NDkwM2UwMTdjYzE2NjZmYThkNDg1YTQxN2NmMWFhNTI5N2Q5YTNkNWJkMTU5MmQwYWY0Y2JkNDU&v=1712180610533",
            "https://www.heinemann-shop.com/medias/527Wx527H-null?context=bWFzdGVyfGltYWdlc3w5MTQ0MHxpbWFnZS9qcGVnfGFHUXdMMmczTkM4eE1EVXlOVEkwTmpNNU1ETXdNaTgxTWpkWGVEVXlOMGhmYm5Wc2JBfDBmYjFlOTMzYzI2ZWM5MDE2MTFkZDJmNDg1ZDQwZDI1ZmU2ODNiZDBiZTRiODFlNDZiMTAxMTlhMjY0NGFkZTQ&v=1712180618382",
            "https://www.heinemann-shop.com/medias/527Wx527H-null?context=bWFzdGVyfGltYWdlc3w3MTIyNXxpbWFnZS9qcGVnfGFEQXlMMmcyWWk4eE1EVXlOVEkwTmpZMU1qUTBOaTgxTWpkWGVEVXlOMGhmYm5Wc2JBfDNmYWY1ZDI3NDA0ZGY3ZGU2NjdhNTU0NmU5YmRhNDM1YzBmOGQ5ODJhNDg0YjQ3Yjc0N2JlOTE1YTYzNmEzM2Y&v=1712180626165"
        ]
    },
    {
        "product_url": "https://www.heinemann-shop.com/en/global/suesse-heimat-hamburg/fruit-gum-hamburg-reeperbahn-mix/p/000000000001639345/",
        "brand_name": "S\u00fc\u00dfe Heimat Hamburg",
        "brand_url": "https://www.heinemann-shop.com/en/global/suesse-heimat-hamburg/c/BRAND_A197/",
        "product_name": "Fruit gum hamburg reeperbahn mix",
        "quantity": "0.1\u00a0kg",
        "price": "\u20ac4.90",
        "price_per_quantity": "(\u20ac49.00 / 1 kg)",
        "stock_availability": "In stock",
        "description": "Fruit gum hamburg reeperbahn mix",
        "primary_image": "https://www.heinemann-shop.com/medias/527Wx527H-null?context=bWFzdGVyfGltYWdlc3w0NTY5OHxpbWFnZS9qcGVnfGFERmxMMmd3Tmk4eE1UY3dPVFV6TnpnME5USTNPQzgxTWpkWGVEVXlOMGhmYm5Wc2JBfDA0ODE1ZGZhYzZlNTdiZmRlNmZkMWQyM2M3M2VhM2MwZDMyZTZjNzczYzk5MmQ1MTBlMTczMmRmNzM4N2NkZjc&v=1738361545830",
        "images": []
    },
    {
        "product_url": "https://www.heinemann-shop.com/en/global/godiva/godiva-gold-ballotin-350g/p/000000000001619205/",
        "brand_name": "Godiva",
        "brand_url": "https://www.heinemann-shop.com/en/global/godiva/c/BRAND_0818/",
        "product_name": "Godiva Gold Ballotin 350G",
        "quantity": "0.35\u00a0kg",
        "price": "",
        "price_per_quantity": "(\u20ac99.71 / 1 kg)",
        "stock_availability": "",
        "description": "The ultimate gift from Godiva. The classic and elegant Belgian ballotin wrapped in luxurious gold paper with a hand-tied ribbon contains a rich assortment of Godiva premium milk, white and dark chocolates, carefully selected to offer a wide range of the finest fillings to suit all tastes.",
        "primary_image": "https://www.heinemann-shop.com/medias/527Wx527H-null?context=bWFzdGVyfGltYWdlc3wzNjgwM3xpbWFnZS9qcGVnfGFHUTNMMmcyTVM4eE1ESXlPVGsxTnpjMU5Ea3hNQzgxTWpkWGVEVXlOMGhmYm5Wc2JBfGE1ZTIyYWM1ZjBhODIwMjIxODk2ZGJiYzY5ZDkzYmFjNGU4YzM3NmUyMjU5ZjRkOTA4YzcyNmY3ODU4MDhkY2I&v=1705573598445",
        "images": []
    },
    {
        "product_url": "https://www.heinemann-shop.com/en/global/godiva/godiva-truffle-giftbox-8-pcs/p/000000000001619206/",
        "brand_name": "Godiva",
        "brand_url": "https://www.heinemann-shop.com/en/global/godiva/c/BRAND_0818/",
        "product_name": "Godiva Truffle Giftbox 8 PCS",
        "quantity": "0.11\u00a0kg",
        "price": "",
        "price_per_quantity": "(\u20ac171.82 / 1 kg)",
        "stock_availability": "",
        "description": "Give a box of our chocolate truffles, and you'll be adored for your excellent taste in gifts! This elegant gift box of Assorted Truffles holds eight pieces of the most luscious and legendary milk, dark and white chocolate truffles. Experience unparalleled taste and quality in exciting flavors and satisfying textures. This stunning chocolate truffles gift box, finished with a gold ribbon, is a sophisticated gift idea for birthdays, anniversaries, or any occasion. It's also a decadent dessert idea for sharing at your parties or for gifting to a holiday host.",
        "primary_image": "https://www.heinemann-shop.com/medias/527Wx527H-null?context=bWFzdGVyfGltYWdlc3wzNTE4NnxpbWFnZS9qcGVnfGFEVXlMMmhpTXk4eE1ESXlPVGsxT0RBeE56QTFOQzgxTWpkWGVEVXlOMGhmYm5Wc2JBfDc1ZDU5ZTVhNTEyYjliNTk5Nzc2ZWQxN2NjMmRlMTU3NDA2NWY5MTc0NjNiN2JiZDZiOGRmYmM4OWIyMzkwMTE&v=1705573614640",
        "images": []
    },
    {
        "product_url": "https://www.heinemann-shop.com/en/global/neuhaus/bonbon-sharing-27pc-258g/p/000000000001327450/",
        "brand_name": "Neuhaus",
        "brand_url": "https://www.heinemann-shop.com/en/global/neuhaus/c/BRAND_1376/",
        "product_name": "BONBON SHARING 27PC 258G",
        "quantity": "0.258\u00a0kg",
        "price": "\u20ac35.50",
        "price_per_quantity": "(\u20ac137.60 / 1 kg)",
        "stock_availability": "In stock, immediately available",
        "description": "The Bonbon 27 pcs Box (258G) contains individually wrapped Neuhaus chocolate Bonbons made from unique ingredients. Share some true tender, love and chocolate wherever you are, with our Bonbons for on the go. These rich chocolate pralines are the perfect bite-size, and come in tempting flavours like Salted Caramel or Crunchy Nuts.",
        "primary_image": "https://www.heinemann-shop.com/medias/527Wx527H-null?context=bWFzdGVyfGltYWdlc3w0MTc0NnxpbWFnZS9qcGVnfGFHTmxMMmd6T1M4NU9EQXdPVFF4TlRBeU5EazBMelV5TjFkNE5USTNTRjl1ZFd4c3xlY2E1YWNmOWUzMzRhOTU2MDdiY2RlY2M1NzNhOGVjNGQ5Yzc3ZGQ4ODQzN2RmNWQ0NmU2ZTVjNWZmMGUwNWY1&v=1691484646599",
        "images": [
            "https://www.heinemann-shop.com/medias/527Wx527H-null?context=bWFzdGVyfGltYWdlc3w0MTc0NnxpbWFnZS9qcGVnfGFHTmxMMmd6T1M4NU9EQXdPVFF4TlRBeU5EazBMelV5TjFkNE5USTNTRjl1ZFd4c3xlY2E1YWNmOWUzMzRhOTU2MDdiY2RlY2M1NzNhOGVjNGQ5Yzc3ZGQ4ODQzN2RmNWQ0NmU2ZTVjNWZmMGUwNWY1&v=1691484646599",
            "https://www.heinemann-shop.com/medias/527Wx527H-null?context=bWFzdGVyfGltYWdlc3wzNTcxOXxpbWFnZS9qcGVnfGFHRTBMMmczWkM4NU56RTNOREF6TmpFMU1qWXlMelV5TjFkNE5USTNTRjl1ZFd4c3xjZjEzZGMzZDdkZGU4NzNkMGRhYzIxZDI1NDZiNzE5ODk3NzRmYTdjNjhiMTAxZTEzNTNiZjM0YjZiZTE3Y2U1&v=1666643995948"
        ]
    },
    {
        "product_url": "https://www.heinemann-shop.com/en/global/kitkat/kit-kat-cookie-dough-tablet-111g/p/000000000001627664/",
        "brand_name": "KitKat",
        "brand_url": "https://www.heinemann-shop.com/en/global/kitkat/c/BRAND_5024/",
        "product_name": "KIT KAT Cookie Dough Tablet 111g",
        "quantity": "0.111\u00a0kg",
        "price": "",
        "price_per_quantity": "(\u20ac58.47 / 1 kg)",
        "stock_availability": "",
        "description": "Discover a multi-sensorial chocolate experience with the new NESTLE KITKAT SENSES Cookie Dough Tablet. 9 fingers of crispy KITKAT wafer enrobed in smooth milk chocolate, filled with irresistible cookie dough inclusions. Enjoy the decadent, mouthwatering combination of creamy and crunchy textures. Follow the classic KITKAT ritual - open, break, snap and enjoy - to top off your travel experience with a deliciously indulgent and uplifting break, for those special moments of discovery.",
        "primary_image": "https://www.heinemann-shop.com/medias/527Wx527H-null?context=bWFzdGVyfGltYWdlc3w2MDU0MnxpbWFnZS9qcGVnfGFERmhMMmd5WlM4eE1USTROak01T0RVd01EZzVOQzgxTWpkWGVEVXlOMGhmYm5Wc2JBfDE2Mjg4NTRmOTk3YTk1M2UyY2QyZGJhNDJiODFjNGE1YzYyMDZjOTM3MDllNGRhZDc3YTJjNjQ5OWNiNmEwNDM&v=1729324412803",
        "images": []
    },
    {
        "product_url": "https://www.heinemann-shop.com/en/global/neuhaus/neuhaus-icon-collection-22-chocolates/p/000000000001617088/",
        "brand_name": "Neuhaus",
        "brand_url": "https://www.heinemann-shop.com/en/global/neuhaus/c/BRAND_1376/",
        "product_name": "Neuhaus, Icon Collection, 22 chocolates",
        "quantity": "0.458\u00a0kg",
        "price": "\u20ac52.90",
        "price_per_quantity": "(\u20ac115.50 / 1 kg)",
        "stock_availability": "In stock, immediately available",
        "description": "the Icon Collection brings the best of our legendary Irr\u00e9sistibles along with new, enticing flavours that are sure to become instant icons. Expect a crunchy nougatine, hand-filled with cream or ganache and coated in fine dark, milk, or white chocolate.",
        "primary_image": "https://www.heinemann-shop.com/medias/527Wx527H-null?context=bWFzdGVyfGltYWdlc3w3ODk4NnxpbWFnZS9qcGVnfGFEbGtMMmhqWXk4eE1EazBOak0wTmpVeE5qVXhNQzgxTWpkWGVEVXlOMGhmYm5Wc2JBfDZkOTA0ZjhiMWNmZTM0MTUyMzc0YmFhOWJhYWVkMjZjMGUwODVmYjI3ODAzZTJlZWEyZDM0OWU4OTgzYmE3MjY&v=1722544556469",
        "images": [
            "https://www.heinemann-shop.com/medias/527Wx527H-null?context=bWFzdGVyfGltYWdlc3w3ODk4NnxpbWFnZS9qcGVnfGFEbGtMMmhqWXk4eE1EazBOak0wTmpVeE5qVXhNQzgxTWpkWGVEVXlOMGhmYm5Wc2JBfDZkOTA0ZjhiMWNmZTM0MTUyMzc0YmFhOWJhYWVkMjZjMGUwODVmYjI3ODAzZTJlZWEyZDM0OWU4OTgzYmE3MjY&v=1722544556469",
            "https://www.heinemann-shop.com/medias/527Wx527H-null?context=bWFzdGVyfGltYWdlc3w0Nzc2OHxpbWFnZS9qcGVnfGFHSTRMMmczTnk4eE1EazBOak0wT1RjeU56YzNOQzgxTWpkWGVEVXlOMGhmYm5Wc2JBfDdiYzhlZDhjZTg3NGY1ZjAxMjRmYjU0ODg2Nzk0YTEyNjNlNTMxZWIwN2Q4MTdlYmJjOTU3NTVmNGQ2YWQ3OWY&v=1722544700035"
        ]
    },
    {
        "product_url": "https://www.heinemann-shop.com/en/global/suesse-heimat-hamburg/hamburg-bonsche-tin-filled-with-fruit-candy-in-the-shape-of-lemon-and-orange-wedges/p/000000000001639342/",
        "brand_name": "S\u00fc\u00dfe Heimat Hamburg",
        "brand_url": "https://www.heinemann-shop.com/en/global/suesse-heimat-hamburg/c/BRAND_A197/",
        "product_name": "Hamburg Bonsche tin filled with fruit candy in the shape of lemon and orange wedges",
        "quantity": "0.05\u00a0kg",
        "price": "\u20ac4.90",
        "price_per_quantity": "(\u20ac98.00 / 1 kg)",
        "stock_availability": "In stock",
        "description": "Hamburg Bonsche tin filled with fruit candy in the shape of lemon and orange wedges",
        "primary_image": "https://www.heinemann-shop.com/medias/527Wx527H-null?context=bWFzdGVyfGltYWdlc3w4MzcxN3xpbWFnZS9qcGVnfGFHSmtMMmhsWkM4eE1UY3dPVFV6TlRJNE9UTTNOQzgxTWpkWGVEVXlOMGhmYm5Wc2JBfDAxMDE1NTVkN2U0N2FkZmM3NzRlODc5OTAyZDY1MzIzNjlhZTg2YWExMGQ2ZDFhZGI0N2IyYjAzNjcxNTI2ZmE&v=1738361444366",
        "images": []
    },
    {
        "product_url": "https://www.heinemann-shop.com/en/global/lakrids-by-buelow/buelow-salmiak-295g/p/000000000001401569/",
        "brand_name": "Lakrids by B\u00fclow",
        "brand_url": "https://www.heinemann-shop.com/en/global/lakrids-by-buelow/c/BRAND_7902/",
        "product_name": "B\u00fclow Salmiak 295g",
        "quantity": "0.295\u00a0kg",
        "price": "\u20ac17.50",
        "price_per_quantity": "(\u20ac59.32 / 1 kg)",
        "stock_availability": "In stock, immediately available",
        "description": "A daring pairing of white chocolate and a salty liquorice core. As the creamy white chocolate melts in your mouth, small pockets of intriguing raw liquorice powder are revealed, making it a perfectly balanced sweet-salty experience.",
        "primary_image": "https://www.heinemann-shop.com/medias/527Wx527H-null?context=bWFzdGVyfGltYWdlc3w0MzUyNXxpbWFnZS9qcGVnfGFHUTRMMmc1TlM4eE1UYzRNalkwTmpNNU9UQXdOaTgxTWpkWGVEVXlOMGhmYm5Wc2JBfGY5ZDNkOWY1MWZiMjQ1YWJhYzRkNzQyZTE4YjU1MzhiMjQ1NzMyMDdjYjdlZjgwZjk1MGFhM2I3N2E5OWM2YjY&v=1739831798663",
        "images": []
    },
    {
        "product_url": "https://www.heinemann-shop.com/en/global/baratti-milano/baratti-milano-assorted-pralines-box-230g/p/000000000001602378/",
        "brand_name": "Baratti & Milano",
        "brand_url": "https://www.heinemann-shop.com/en/global/baratti-milano/c/BRAND_2506/",
        "product_name": "Baratti&Milano Assorted Pralines Box 230g",
        "quantity": "0.23\u00a0kg",
        "price": "",
        "price_per_quantity": "(\u20ac73.87 / 1 kg)",
        "stock_availability": "",
        "description": "A refined Baratti&Milano box with a rich assortment Gianduiotto, Hazelnut rectangular Cremino, chocolate pralines with dark and milk filling",
        "primary_image": "https://www.heinemann-shop.com/medias/527Wx527H-null?context=bWFzdGVyfGltYWdlc3w0NzcyM3xpbWFnZS9qcGVnfGFEUTBMMmc1TXk4eE1EQXpOVFUwTlRBeE5ETXdNaTgxTWpkWGVEVXlOMGhmYm5Wc2JBfDkxMTczMDRlMWQ2OGVkZTdjZTkwOTBiNDgxZGNiZWY4MTI1NmNjZThhNzgxYzBhNThiMjBhMmExZjlhYzQzYjA&v=1700861589088",
        "images": []
    },
    {
        "product_url": "https://www.heinemann-shop.com/en/global/wrigley-s/wrigley-s-extra-white-sweet-mint-chewing-gum-56g/p/000000000001611191/",
        "brand_name": "Wrigley's",
        "brand_url": "https://www.heinemann-shop.com/en/global/wrigley-s/c/BRAND_2063/",
        "product_name": "Wrigley's EXTRA White Sweet Mint chewing gum 56g",
        "quantity": "0.056\u00a0kg",
        "price": "\u20ac5.30",
        "price_per_quantity": "(\u20ac94.64 / 1 kg)",
        "stock_availability": "In stock, immediately available",
        "description": "Extra helps to keep teeth clean and neutralize plaque acids, so you have the confidence to smile and be at your best throughout theday. This multipack contains 4 x 10pc of Extra White Sweet Mint gum.",
        "primary_image": "https://www.heinemann-shop.com/medias/527Wx527H-null?context=bWFzdGVyfGltYWdlc3w1MTU2NHxpbWFnZS9qcGVnfGFEWTVMMmcyTlM4NU9USXpPRE0yTWpRNE1EazBMelV5TjFkNE5USTNTRjl1ZFd4c3wxYjRmYzM4ZjRkM2Q5MTQwYWMzMDc1NzA1OTA4NzY4MWVhODQ1NDAzMWI0N2MwNThjNjI4NTcwNDcwODlkYjdk&v=1697661742039",
        "images": []
    },
    {
        "product_url": "https://www.heinemann-shop.com/en/global/niederegger/niederegger-marzipanerie-206g/p/000000000001564615/",
        "brand_name": "Niederegger",
        "brand_url": "https://www.heinemann-shop.com/en/global/niederegger/c/BRAND_1439/",
        "product_name": "Niederegger Marzipanerie 206g",
        "quantity": "0.206\u00a0kg",
        "price": "\u20ac13.90",
        "price_per_quantity": "(\u20ac67.48 / 1 kg)",
        "stock_availability": "In stock, immediately available",
        "description": "Niederegger Marzipanerie offers a varied sweet tooth. The range includes various specialities made from succulent marzipan, which know how to convince with their soft bite.",
        "primary_image": "https://www.heinemann-shop.com/medias/527Wx527H-null?context=bWFzdGVyfGltYWdlc3w5MTY3NHxpbWFnZS9qcGVnfGFEWmxMMmc0T0M4eE1UYzRPVGc1TWpFMU56UTNNQzgxTWpkWGVEVXlOMGhmYm5Wc2JBfDIwMmUwYjliZDQwYTQ2NGJjMjk3Mzg5ZWQ1Y2RjMDhjOGY1YjkyYjg0MzQxYzFhMjkxNDczNmJmMTFiMzM0MTk&v=1740000724480",
        "images": []
    },
    {
        "product_url": "https://www.heinemann-shop.com/en/global/godiva/godiva-truffles-collection-214g/p/000000000001503233/",
        "brand_name": "Godiva",
        "brand_url": "https://www.heinemann-shop.com/en/global/godiva/c/BRAND_0818/",
        "product_name": "Godiva Truffles Collection 214g",
        "quantity": "0.214\u00a0kg",
        "price": "",
        "price_per_quantity": "(\u20ac153.74 / 1 kg)",
        "stock_availability": "",
        "description": "Give a box of our chocolate truffles and you'll be adored for your excellent taste in gifts! This elegant gift box of assorted Truffles holds 15 of the most luscious and legendary milk, dark and white chocolate truffles. Experience unparalleled taste and quality in exciting flavours and satisfying textures.",
        "primary_image": "https://www.heinemann-shop.com/medias/527Wx527H-null?context=bWFzdGVyfGltYWdlc3w4NDkwMHxpbWFnZS9qcGVnfGFHSTVMMmhsT1M4eE1EVXdORFEzT0RVNE9EazFPQzgxTWpkWGVEVXlOMGhmYm5Wc2JBfGVjNThjY2QxODliZmU1MmQyMzQ1ZWUwZmE1OGViMjhkZGY5MzU3Y2Q0ZTQ1ZDQ3ZTVmZTc4MGYzMDExZmUwOTM&v=1711662764073",
        "images": []
    },
    {
        "product_url": "https://www.heinemann-shop.com/en/global/nutella/nutella-biscuits-crunchy-cookies-filled-with-creamy-nutella/p/000000000001560891/",
        "brand_name": "Nutella",
        "brand_url": "https://www.heinemann-shop.com/en/global/nutella/c/BRAND_4646/",
        "product_name": "Nutella Biscuits crunchy cookies filled with creamy Nutella",
        "quantity": "0.166\u00a0kg",
        "price": "\u20ac5.30",
        "price_per_quantity": "(\u20ac31.93 / 1 kg)",
        "stock_availability": "In stock, immediately available",
        "description": "Nutella\u00ae Biscuits is the perfect balance of a delicious crunchy golden baked biscuits filled with creamy Nutella\u00ae.",
        "primary_image": "https://www.heinemann-shop.com/medias/527Wx527H-null?context=bWFzdGVyfGltYWdlc3w0MDQyMHxpbWFnZS9qcGVnfGFHTXdMMmd6Tnk4eE1USTVPRFEwTnpBek1qTTFNQzgxTWpkWGVEVXlOMGhmYm5Wc2JBfDZiMWE2ZWNkNzViYmQ4M2Y3YzA5NGI0NmU5ZGQwM2M4Nzc0OGQ2MjgxNTE4YWRhNzQ0NDQzMWEzZmU1ZTgyY2U&v=1729547675800",
        "images": []
    },
    {
        "product_url": "https://www.heinemann-shop.com/en/global/dumle/dumle-lollipops-in-10-pack-chocolate-covered-toffee-lollies/p/000000000001562905/",
        "brand_name": "Dumle",
        "brand_url": "https://www.heinemann-shop.com/en/global/dumle/c/BRAND_6808/",
        "product_name": "Dumle Lollipops in 10-pack chocolate covered toffee lollies",
        "quantity": "0.1\u00a0kg",
        "price": "\u20ac3.70",
        "price_per_quantity": "(\u20ac37.00 / 1 kg)",
        "stock_availability": "",
        "description": "Dumle is a tasteful classic of delicious toffee and smooth Fazer milk chocolate. Dumle will always get you in good mood. This cheerful classic lollipop has been bringing joy since 1945. Don\u2019t take life too seriously \u2013 have a Dumle lollipop instead! And treat a friend to one or two as well. Made from 100% responsibly produced cocoa.",
        "primary_image": "https://www.heinemann-shop.com/medias/527Wx527H-null?context=bWFzdGVyfGltYWdlc3w2NjExMHxpbWFnZS9qcGVnfGFHUTVMMmcxWlM4eE1UYzROak01TVRnME5qazBNaTgxTWpkWGVEVXlOMGhmYm5Wc2JBfDczYTkzODUyNmQ0YTNlNDc0NmRlN2U4OTA5OGQzNDYwYTE3YTEzYzQ4YjFmMTZjM2Q1NWMzZGQ4MDJmNGJmMWU&v=1739914938189",
        "images": []
    },
    {
        "product_url": "https://www.heinemann-shop.com/en/global/barebells/barebells-white-chocolate-almond-protein-bar-55g/p/000000000001510573/",
        "brand_name": "Barebells",
        "brand_url": "https://www.heinemann-shop.com/en/global/barebells/c/BRAND_9186/",
        "product_name": "Barebells White Chocolate Almond, protein bar, 55g",
        "quantity": "0.055\u00a0kg",
        "price": "\u20ac3.50",
        "price_per_quantity": "(\u20ac63.64 / 1 kg)",
        "stock_availability": "",
        "description": "A rich caramel core, coated in creamy white chocolate, topped with crunchy almond pieces. The perfect choice for anyone looking for a healthy snack that tastes exceptionally good.",
        "primary_image": "https://www.heinemann-shop.com/medias/527Wx527H-null?context=bWFzdGVyfGltYWdlc3wzMzcwMnxpbWFnZS9qcGVnfGFEVmpMMmhsTmk4NU56STJORFV4TURnNU5ETTRMelV5TjFkNE5USTNTRjl1ZFd4c3w0YzI2YjlhNTk0MmI5NTBhNDM3OGM0NDMyMzhkMzI0OWZiNTA4OTg5NjA0YmJjNzZkNmMzZjk3NTY3MTdiMTFj&v=1672696687154",
        "images": []
    },
    {
        "product_url": "https://www.heinemann-shop.com/en/global/niederegger/niederegger-master-selection-200g/p/000000000001562778/",
        "brand_name": "Niederegger",
        "brand_url": "https://www.heinemann-shop.com/en/global/niederegger/c/BRAND_1439/",
        "product_name": "Niederegger Master selection, 200g",
        "quantity": "0.2\u00a0kg",
        "price": "\u20ac10.90",
        "price_per_quantity": "(\u20ac54.50 / 1 kg)",
        "stock_availability": "In stock, immediately available",
        "description": "The Niederegger Master Selection is the best of everything. Consisting of the popular marzipan classics, nougat bites, pralin\u00e9 compositions and We Love Chocolate creations, there is just the right treat for everyone.",
        "primary_image": "https://www.heinemann-shop.com/medias/527Wx527H-null?context=bWFzdGVyfGltYWdlc3w2NzA4MnxpbWFnZS9qcGVnfGFEWTNMMmczWWk4eE1UYzRPVGc1TnpBd056RXpOQzgxTWpkWGVEVXlOMGhmYm5Wc2JBfGJlYzJhMmMzMjU1YzA3ZjdhMWFhMjExZWNjZTRmOWYyYjhkZGE4ZjMyMjg4NzIxOWVjY2NmZmQ2MTEwNWRhN2U&v=1740000969693",
        "images": []
    },
    {
        "product_url": "https://www.heinemann-shop.com/en/global/niederegger/niederegger-vegan-chocolate-double-choc-100g/p/000000000001562777/",
        "brand_name": "Niederegger",
        "brand_url": "https://www.heinemann-shop.com/en/global/niederegger/c/BRAND_1439/",
        "product_name": "Niederegger Vegan Chocolate Double Choc, 100g",
        "quantity": "0.1\u00a0kg",
        "price": "\u20ac5.90",
        "price_per_quantity": "(\u20ac59.00 / 1 kg)",
        "stock_availability": "",
        "description": "Niederegger Vegan Double Choc has been prepared from the best cocoa with high-quality almonds for a nutty taste that melts in your mouth.",
        "primary_image": "https://www.heinemann-shop.com/medias/527Wx527H-null?context=bWFzdGVyfGltYWdlc3w1MDY2M3xpbWFnZS9qcGVnfGFEaGhMMmhqWXk4eE1UYzRPVGc1TmpjM056YzFPQzgxTWpkWGVEVXlOMGhmYm5Wc2JBfDE2YmRlNTU3ZTgyMDM2MmRhYzQwYTJjY2I5ZjIyNzVlODU2ZTgzYWY3YzY1MTY2MmM4Zjk5NjY2ZTMyYWE1MzM&v=1740000956890",
        "images": []
    },
    {
        "product_url": "https://www.heinemann-shop.com/en/global/godiva/godiva-tower-napolitans-225g/p/000000000001463677/",
        "brand_name": "Godiva",
        "brand_url": "https://www.heinemann-shop.com/en/global/godiva/c/BRAND_0818/",
        "product_name": "Godiva Tower Napolitans 225g",
        "quantity": "0.225\u00a0kg",
        "price": "",
        "price_per_quantity": "(\u20ac64.40 / 1 kg)",
        "stock_availability": "",
        "description": "Discover Godiva's ever-popular Napolitains in elegant signature wrappers. Inside await pure Godiva chocolate perfection in four flavors: milk chocolate, dark chocolate, milk chocolate hazelnut, and milk chocolate pistachio. Presented in a handy tower gift box so you can take your Godiva with you anywhere you go.",
        "primary_image": "https://www.heinemann-shop.com/medias/527Wx527H-null?context=bWFzdGVyfGltYWdlc3w1MjIwNXxpbWFnZS9qcGVnfGFEZzVMMmhoWXk4eE1EY3pOalExTXpjeE16azFNQzgxTWpkWGVEVXlOMGhmYm5Wc2JBfDNlYzQ2YzllYTk1Yjk4ZTk2ZWRlNDNkMjBmYmU1YTIxMTVlZmE0MmVmMzE3ZmM1YzZiMjgwMjQwYWJkNjViMmQ&v=1717629948553",
        "images": []
    },
    {
        "product_url": "https://www.heinemann-shop.com/en/global/haribo/haribo-peaches-450-g/p/000000000001518225/",
        "brand_name": "Haribo",
        "brand_url": "https://www.heinemann-shop.com/en/global/haribo/c/BRAND_1079/",
        "product_name": "Haribo Peaches 450 G",
        "quantity": "0.45\u00a0kg",
        "price": "\u20ac4.90",
        "price_per_quantity": "(\u20ac10.89 / 1 kg)",
        "stock_availability": "In stock, immediately available",
        "description": "HARIBO Peaches are tasty sugar-coated jelly sweets with a soft, smooth consistency.",
        "primary_image": "https://www.heinemann-shop.com/medias/527Wx527H-null?context=bWFzdGVyfGltYWdlc3w5ODUwNHxpbWFnZS9qcGVnfGFEbGtMMmcwTmk4eE1USTROakEyTWpBd05qTXdNaTgxTWpkWGVEVXlOMGhmYm5Wc2JBfGIzNjMwNmM0YWMxYTk4ZjY2ZjdlNWRhMmY2MWQ1NDIxMWY3N2Q4ZWVhMWU1ZDIyNGQyODA4ODU5M2VlYmNhYjY&v=1729322059333",
        "images": []
    },
    {
        "product_url": "https://www.heinemann-shop.com/en/global/godiva/godiva-gold-rigid-collection-258g/p/000000000001503227/",
        "brand_name": "Godiva",
        "brand_url": "https://www.heinemann-shop.com/en/global/godiva/c/BRAND_0818/",
        "product_name": "Godiva Gold Rigid Collection 258g",
        "quantity": "0.258\u00a0kg",
        "price": "",
        "price_per_quantity": "(\u20ac135.27 / 1 kg)",
        "stock_availability": "",
        "description": "Surprise someone special with a gift of gourmet chocolates in dark, milk and white chocolate with decadent Belgian fillings presented in our newly redesigned iconic gold gift box. Sweet new look and the same incredible taste !",
        "primary_image": "https://www.heinemann-shop.com/medias/527Wx527H-null?context=bWFzdGVyfGltYWdlc3wzMzIwOHxpbWFnZS9qcGVnfGFEWmtMMmc1T0M4NU56VTVOVFE0TkRBM09ETTRMelV5TjFkNE5USTNTRjl1ZFd4c3w5MGY4MGY3MjI2YzBmYTAwOTYzMGQyZTFiZDkzZmJkZjAzZDIxYTZkNjJkNDAyZjE5ZGM0ZWM5OTQ4ODFhYmE0&v=1682647221028",
        "images": []
    },
    {
        "product_url": "https://www.heinemann-shop.com/en/global/haribo/haribo-goldbears-450-g/p/000000000001517273/",
        "brand_name": "Haribo",
        "brand_url": "https://www.heinemann-shop.com/en/global/haribo/c/BRAND_1079/",
        "product_name": "HARIBO Goldbears 450 G",
        "quantity": "0.45\u00a0kg",
        "price": "\u20ac4.90",
        "price_per_quantity": "(\u20ac10.89 / 1 kg)",
        "stock_availability": "In stock, immediately available",
        "description": "Our number one in the sweet aisle! For generations we have grown up with them and, of course, loved them! HARIBO GOLDBEARS have been a successful product for over 90 years, with their unmistakable fruit flavours of strawberry, raspberry, apple, lemon, orange and pineapple. HARIBO GOLDBEARS \u2013 the ultimate fruit jelly.",
        "primary_image": "https://www.heinemann-shop.com/medias/527Wx527H-null?context=bWFzdGVyfGltYWdlc3w5NjUzMnxpbWFnZS9qcGVnfGFHSXhMMmc1WlM4eE1USTROakEyTkRVMk1qSXdOaTgxTWpkWGVEVXlOMGhmYm5Wc2JBfDcwMjg0NjQwOGNkMTkyNjkyYWEwOWZhNmFkZGIxYzFmM2JhNzUyNmIzOGZmNDNiZTViYmVjM2FiYzBlMTFkZTY&v=1729322198271",
        "images": []
    },
    {
        "product_url": "https://www.heinemann-shop.com/en/global/paw-patrol/paw-patrol-cool-fan-with-chewy-candy-6g/p/000000000001642991/",
        "brand_name": "Paw Patrol",
        "brand_url": "https://www.heinemann-shop.com/en/global/paw-patrol/c/BRAND_7802/",
        "product_name": "Paw Patrol Cool Fan with Chewy Candy 6g",
        "quantity": "0.006\u00a0kg",
        "price": "",
        "price_per_quantity": "(\u20ac1,465.00 / 1 kg)",
        "stock_availability": "",
        "description": "Press the button and the Cool Fan will cool you down. With 3D Paw Patrol figurine on top and chewy candy hidden in the bottom.",
        "primary_image": "https://www.heinemann-shop.com/medias/527Wx527H-null?context=bWFzdGVyfGltYWdlc3wzNzE3NHxpbWFnZS9qcGVnfGFEUXhMMmhsWVM4eE1EYzFPRGszTURFM09UWXhOQzgxTWpkWGVEVXlOMGhmYm5Wc2JBfDNiNTZlYjlhMDU2MjEyNjgzZDc2Zjg4ZmYxNmYxNTU1NTAyODdlODY4ODVlMzIwYjM1MjlkOGE4ZTNkODBmNjc&v=1718139047465",
        "images": [
            "https://www.heinemann-shop.com/medias/527Wx527H-null?context=bWFzdGVyfGltYWdlc3wzNzE3NHxpbWFnZS9qcGVnfGFEUXhMMmhsWVM4eE1EYzFPRGszTURFM09UWXhOQzgxTWpkWGVEVXlOMGhmYm5Wc2JBfDNiNTZlYjlhMDU2MjEyNjgzZDc2Zjg4ZmYxNmYxNTU1NTAyODdlODY4ODVlMzIwYjM1MjlkOGE4ZTNkODBmNjc&v=1718139047465",
            "https://www.heinemann-shop.com/medias/527Wx527H-null?context=bWFzdGVyfGltYWdlc3wzNjkzNXxpbWFnZS9qcGVnfGFHVXdMMmhtWVM4eE1EYzFPRGszTURZek9ETTJOaTgxTWpkWGVEVXlOMGhmYm5Wc2JBfDIwOTU2MmNhNjUxMjM1ODIxZTEyYzFmYWQyNzkzZWE4YmQzNTNkMDY0ZDFhMDAzYTZjMGQxNzNkZDM4MjlmMDk&v=1718139065822",
            "https://www.heinemann-shop.com/medias/527Wx527H-null?context=bWFzdGVyfGltYWdlc3wzNzE0M3xpbWFnZS9qcGVnfGFHVTNMMmhtWVM4eE1EYzFPRGszTURrek16STNPQzgxTWpkWGVEVXlOMGhmYm5Wc2JBfDRlYmY2NjE5M2NiOGZhNWM3MWYxYzE5YjVlN2VhMjVmODg4NjI5ZmJiYjNlZWRmNTk4OGMzODI3MGJiYzAxNWQ&v=1718139073536"
        ]
    },
    {
        "product_url": "https://www.heinemann-shop.com/en/global/reber/reber-20-genuine-mozart-kugeln-alcoholfree-400g/p/000000000001187081/",
        "brand_name": "Reber",
        "brand_url": "https://www.heinemann-shop.com/en/global/reber/c/BRAND_2097/",
        "product_name": "Reber 20 Genuine Mozart Kugeln alcoholfree 400g",
        "quantity": "0.4\u00a0kg",
        "price": "\u20ac21.90",
        "price_per_quantity": "(\u20ac54.75 / 1 kg)",
        "stock_availability": "In stock, immediately available",
        "description": "20 Genuine Reber Mozart-Kugeln\u00ae without alcohol \u2013 exquisitely filled with pistachio marzipan of fresh green pistachios, almonds and hazelnut-praline, covered with milk chocolate and dark chocolate.",
        "primary_image": "https://www.heinemann-shop.com/medias/527Wx527H-null?context=bWFzdGVyfGltYWdlc3w2NTMyOXxpbWFnZS9qcGVnfGFEaGpMMmd6T0M4NU56WXhNVE16TXprMU9UazRMelV5TjFkNE5USTNTRjl1ZFd4c3xjZjk1MmUyZGE5MmRkZTFmYjcyNzdjMGRlODQwM2M1ZmRlYzZhMzhkMjlmODAzYjRmMGI3ZWU2NzEyMzJlNjc0&v=1683164176639",
        "images": []
    },
    {
        "product_url": "https://www.heinemann-shop.com/en/global/celebrations/celebrations-sharing-bag-240g/p/000000000000498896/",
        "brand_name": "Celebrations",
        "brand_url": "https://www.heinemann-shop.com/en/global/celebrations/c/BRAND_5049/",
        "product_name": "Celebrations sharing bag 240g",
        "quantity": "0.24\u00a0kg",
        "price": "\u20ac9.30",
        "price_per_quantity": "(\u20ac38.75 / 1 kg)",
        "stock_availability": "In stock, immediately available",
        "description": "Launched in 1997, Celebrations was the first to bring together a selection of well-loved brands in miniature. With a mix of everyone's favourites, Celebrations is a guaranteed crowd pleaser for any occasion.",
        "primary_image": "https://www.heinemann-shop.com/medias/527Wx527H-null?context=bWFzdGVyfGltYWdlc3w2MTA1N3xpbWFnZS9qcGVnfGFEVTNMMmhrTkM4NU9EQXdOekEzTnpNMU5UZ3lMelV5TjFkNE5USTNTRjl1ZFd4c3w1N2FlNGI5MGU5NDYzODE5MGVjOTQ5ZDcyMmU4YzMxMmFmNWE1MGM5YzVlNjYzNWI5YWRkNWEwMDczMzNiZGUz&v=1691444715475",
        "images": []
    },
    {
        "product_url": "https://www.heinemann-shop.com/en/global/anthon-berg/anthon-berg-blueberry-in-vodka-220g/p/000000000001187277/",
        "brand_name": "Anthon Berg",
        "brand_url": "https://www.heinemann-shop.com/en/global/anthon-berg/c/BRAND_0604/",
        "product_name": "Anthon Berg Blueberry in Vodka 220g",
        "quantity": "0.22\u00a0kg",
        "price": "\u20ac7.90",
        "price_per_quantity": "(\u20ac35.91 / 1 kg)",
        "stock_availability": "In stock, immediately available",
        "description": "Anthon Berg Chocolate with marzipan and filling with Blueberry in Vodka.",
        "primary_image": "https://www.heinemann-shop.com/medias/527Wx527H-null?context=bWFzdGVyfGltYWdlc3w0OTUyNnxpbWFnZS9qcGVnfGFEazVMMmhrWWk4NU56ZzNNRGN4TmpreU9ETXdMelV5TjFkNE5USTNTRjl1ZFd4c3w0MmRiNDkwY2UyZmNiMzFhZjQ2YThmZGVmMjc4NjgxZGE0YjBmODUyYjc1ZmQxODUzNzljM2VkYWYxMzE2YzIw&v=1689276635408",
        "images": []
    },
    {
        "product_url": "https://www.heinemann-shop.com/en/global/haribo/haribo-the-smurfs-425-g/p/000000000001513668/",
        "brand_name": "Haribo",
        "brand_url": "https://www.heinemann-shop.com/en/global/haribo/c/BRAND_1079/",
        "product_name": "Haribo The Smurfs 425 g",
        "quantity": "0.425\u00a0kg",
        "price": "\u20ac4.90",
        "price_per_quantity": "(\u20ac11.53 / 1 kg)",
        "stock_availability": "In stock, immediately available",
        "description": "HARIBO is boosting its vegetarian range with the",
        "primary_image": "https://www.heinemann-shop.com/medias/527Wx527H-null?context=bWFzdGVyfGltYWdlc3wxMDE3MjZ8aW1hZ2UvanBlZ3xhRE16TDJnek9DOHhNVEk0TmpBMU5ETXpPRFU1TUM4MU1qZFhlRFV5TjBoZmJuVnNiQXxjNWNhOGM4YWZiZDY2MjkzMmI5YWRlZGQ2Y2E3ODc5MTQ3NTYzNWY0YTkzNzg0YmJjZjllNjI3YzZkYzdlNjk5&v=1729321612003",
        "images": []
    },
    {
        "product_url": "https://www.heinemann-shop.com/en/global/milka/milka-toffee-whole-nut-300g/p/000000000000114896/",
        "brand_name": "Milka",
        "brand_url": "https://www.heinemann-shop.com/en/global/milka/c/BRAND_0831/",
        "product_name": "Milka Toffee Whole Nut 300g",
        "quantity": "0.3\u00a0kg",
        "price": "\u20ac6.90",
        "price_per_quantity": "(\u20ac23.00 / 1 kg)",
        "stock_availability": "In stock, immediately available",
        "description": "Tender Alpine Milk chocolate with caramel filling and whole hazelnuts. Ideal for sharing or as an informal gift.",
        "primary_image": "https://www.heinemann-shop.com/medias/527Wx527H-null?context=bWFzdGVyfGltYWdlc3w0MTg0MnxpbWFnZS9qcGVnfGFHWXpMMmcwTmk4NU9EQXdOekF3TnpJek1qTXdMelV5TjFkNE5USTNTRjl1ZFd4c3xiNjhjZDJlYmQzNGMwYjQzODViMWU3NzIxMDNmYmNiN2NkYzk2Nzc3MmYwMmUwZDNiYjRkYzY0ZmFiNWY4YzNm&v=1691442978325",
        "images": []
    },
    {
        "product_url": "https://www.heinemann-shop.com/en/global/guylian/guylian-bar-dark-84vol-100g/p/000000000001410852/",
        "brand_name": "Guylian",
        "brand_url": "https://www.heinemann-shop.com/en/global/guylian/c/BRAND_1409/",
        "product_name": "Guylian Bar Dark 84% 100g",
        "quantity": "0.1\u00a0kg",
        "price": "",
        "price_per_quantity": "(\u20ac47.90 / 1 kg)",
        "stock_availability": "",
        "description": "Experience Guylian\u2019s new reduced-sugar bars, which usetop quality stevia-based sweeteners. The intense DarkChocolate bars, are made from only the finestingredients and contain 84% pure cocoa content,resulting in a sublime flavour and superb texture.Surprise your senses with the rich and intense cocoaflavour. And yes\u2026The Intense Dark 84% is vegan!",
        "primary_image": "https://www.heinemann-shop.com/medias/527Wx527H-null?context=bWFzdGVyfGltYWdlc3w1NjgxOXxpbWFnZS9qcGVnfGFHVTFMMmd4TVM4eE1UYzROak00T1RReU1qRXhNQzgxTWpkWGVEVXlOMGhmYm5Wc2JBfDA5MTU2M2FjNWY5MWZlYWM4MjAxNjQ2MWZkYjMxZDgwYjdiZWU3Y2RjNGI3ZTk3ZTg3NDU4ODQ2OGI2ZDc3ZWM&v=1739914644144",
        "images": [
            "https://www.heinemann-shop.com/medias/527Wx527H-null?context=bWFzdGVyfGltYWdlc3w1NjgxOXxpbWFnZS9qcGVnfGFHVTFMMmd4TVM4eE1UYzROak00T1RReU1qRXhNQzgxTWpkWGVEVXlOMGhmYm5Wc2JBfDA5MTU2M2FjNWY5MWZlYWM4MjAxNjQ2MWZkYjMxZDgwYjdiZWU3Y2RjNGI3ZTk3ZTg3NDU4ODQ2OGI2ZDc3ZWM&v=1739914644144",
            "https://www.heinemann-shop.com/medias/1410852-1-527Wx527H?context=bWFzdGVyfGltYWdlc3w4MzExMnxpbWFnZS9qcGVnfGFEZ3pMMmcyWXk4NU5qazBOelk0TmpZd05URXdMekUwTVRBNE5USmZNVjgxTWpkWGVEVXlOMGd8ODU0M2M5ZTRjNTQ5MmY2MWRlYTdjNTkzMTBmNTliZmNhY2Q5MTg1MThiODg4YmEzOTZlOTlkYjJlMjYxYTRhOA&v=1657831167462",
            "https://www.heinemann-shop.com/medias/1410852-2-527Wx527H?context=bWFzdGVyfGltYWdlc3w1NzA4MXxpbWFnZS9qcGVnfGFEazNMMmczTXk4NU5qazBOelk0T0RnNU9EZzJMekUwTVRBNE5USmZNbDgxTWpkWGVEVXlOMGd8ZTNjODgyY2NjOGI3NjEyN2ZhZTI5MjZhOTdhZDIxNTdkMzUzY2U2MjlmNWNjYWRlOGJkMzcwNDcyZjAwNjliMQ&v=1657831170949"
        ]
    },
    {
        "product_url": "https://www.heinemann-shop.com/en/global/twix/twix-bar-50g/p/000000000001033904/",
        "brand_name": "Twix",
        "brand_url": "https://www.heinemann-shop.com/en/global/twix/c/BRAND_5052/",
        "product_name": "Twix Bar, 50g",
        "quantity": "0.05\u00a0kg",
        "price": "",
        "price_per_quantity": "(\u20ac38.00 / 1 kg)",
        "stock_availability": "",
        "description": "With crunchy cookie, smooth caramel, and creamy chocolate to savor twice each time, Twix\u00ae allows you to make whatever you\u2019re doing more fun. So grab a Twix\u00ae and pause like you mean it.",
        "primary_image": "https://www.heinemann-shop.com/medias/527Wx527H-null?context=bWFzdGVyfGltYWdlc3wzNzU1NnxpbWFnZS9qcGVnfGFETTFMMmcyT1M4eE1UUTNNemMzTXprMU16QTFOQzgxTWpkWGVEVXlOMGhmYm5Wc2JBfDZlMWEwYTRjNDZkOGEyNGVkYTliYWQ5ODBkZDU4NGQ5MTVjOTQ2YTgzMzE5NDIyODhhZjdjOGViNzdkOTQ0YWI&v=1733346883574",
        "images": [
            "https://www.heinemann-shop.com/medias/527Wx527H-null?context=bWFzdGVyfGltYWdlc3wzNzU1NnxpbWFnZS9qcGVnfGFETTFMMmcyT1M4eE1UUTNNemMzTXprMU16QTFOQzgxTWpkWGVEVXlOMGhmYm5Wc2JBfDZlMWEwYTRjNDZkOGEyNGVkYTliYWQ5ODBkZDU4NGQ5MTVjOTQ2YTgzMzE5NDIyODhhZjdjOGViNzdkOTQ0YWI&v=1733346883574",
            "https://www.heinemann-shop.com/medias/527Wx527H-null?context=bWFzdGVyfGltYWdlc3wzOTE5M3xpbWFnZS9qcGVnfGFESmlMMmd5TUM4eE1UUTNNemM0TURFeE16UXpPQzgxTWpkWGVEVXlOMGhmYm5Wc2JBfDQ0NTkzNDEyY2FhMWM3M2QyYTg2MDU5MWM0MGM1MWI1YTg0ZWNiZDc3MTNiNjNlZTVmNTQzMjdjZDFhODNiOWI&v=1733347039036"
        ]
    },
    {
        "product_url": "https://www.heinemann-shop.com/en/global/mirabell/mirabell-mozartkugeln-mozarttaler-in-a-transparent-pack-325g/p/000000000000096469/",
        "brand_name": "Mirabell",
        "brand_url": "https://www.heinemann-shop.com/en/global/mirabell/c/BRAND_0949/",
        "product_name": "Mirabell Mozartkugeln & Mozarttaler in a transparent pack 325g",
        "quantity": "0.325\u00a0kg",
        "price": "\u20ac18.50",
        "price_per_quantity": "(\u20ac56.92 / 1 kg)",
        "stock_availability": "In stock, immediately available",
        "description": "Unique Mirabell Mozartkugeln and Mozarttaler with a marzipan centre, surrounded by layers of light and dark chocolate praline cream, coated in the finest rich dark chocolate. Each box contains twelve Mozartkugeln and six Mozattaler, individually wrapped.",
        "primary_image": "https://www.heinemann-shop.com/medias/527Wx527H-null?context=bWFzdGVyfGltYWdlc3w4Nzc5NHxpbWFnZS9qcGVnfGFHSmlMMmd6WXk4NU9EQXdOekF3TkRJNE16RTRMelV5TjFkNE5USTNTRjl1ZFd4c3w4YzU2N2M4NTMwMWNmMDEyZWZiZTM1MDRhYjdkMDRhNTdiZmQxZDZiNjcxZmY3OTRkMzFhODVjY2IwOWZiMWQw&v=1691442965712",
        "images": []
    },
    {
        "product_url": "https://www.heinemann-shop.com/en/global/cavendish-harvey/cavendish-harvey-fruit-candies-200g/p/000000000001312516/",
        "brand_name": "Cavendish & Harvey",
        "brand_url": "https://www.heinemann-shop.com/en/global/cavendish-harvey/c/BRAND_0437/",
        "product_name": "Cavendish & Harvey Fruit Candies 200g",
        "quantity": "0.2\u00a0kg",
        "price": "\u20ac3.50",
        "price_per_quantity": "(\u20ac17.50 / 1 kg)",
        "stock_availability": "In stock, immediately available",
        "description": "Our best seller: fine lemon, cherry, blackberry, orange and pear flavours combine to bring your taste buds to life. Made with real fruit juice, dusted with icing sugar and sealed in a premium gold tin for the highest quality freshness.",
        "primary_image": "https://www.heinemann-shop.com/medias/527Wx527H-null?context=bWFzdGVyfGltYWdlc3w3MjcyM3xpbWFnZS9qcGVnfGFHRTVMMmc1T1M4NU56WXhNVFV4TlRRNU5EY3dMelV5TjFkNE5USTNTRjl1ZFd4c3w3NjZlZjIzNGMyNTY2YTAwNWNiN2ZiNGU5M2NmYzI1NmE1MGQ5MzRmMDk0MzI1NjU5Y2E1MGFhOGJmYzdhZTlh&v=1683169833051",
        "images": []
    },
    {
        "product_url": "https://www.heinemann-shop.com/en/global/reber/reber-mozart-violin-7-mozart-kugeln/p/000000000000618444/",
        "brand_name": "Reber",
        "brand_url": "https://www.heinemann-shop.com/en/global/reber/c/BRAND_2097/",
        "product_name": "Reber Mozart violin, 7 Mozart Kugeln",
        "quantity": "0.14\u00a0kg",
        "price": "\u20ac11.50",
        "price_per_quantity": "(\u20ac82.14 / 1 kg)",
        "stock_availability": "In stock, immediately available",
        "description": "Surprise your loved-ones with the unique Mozart-Violine - exclusively designed and filled with 7 genuine Reber Mozart-Kugeln, covered with dark chocolate - a special highlight - not only for Mozart lovers but also for admirer - unique and very beautiful - just like Mozart's music.",
        "primary_image": "https://www.heinemann-shop.com/medias/527Wx527H-null?context=bWFzdGVyfGltYWdlc3wzMjE2OHxpbWFnZS9qcGVnfGFEWmxMMmd4TWk4eE1ERTFPREE0TnpnNU56RXhPQzgxTWpkWGVEVXlOMGhmYm5Wc2JBfGRjMTkyMDM2NTE2ZTc3OTQzMjI4ZGE5MTE2NDgwZGU0NzJmYzE0YTZlMjI5MzQ0OTUyYTAwZTk3ODFjOGE2MjQ&v=1703712953133",
        "images": []
    },
    {
        "product_url": "https://www.heinemann-shop.com/en/global/milka/milka-oreo-bar-300g/p/000000000001096357/",
        "brand_name": "Milka",
        "brand_url": "https://www.heinemann-shop.com/en/global/milka/c/BRAND_0831/",
        "product_name": "Milka Oreo Bar 300g",
        "quantity": "0.3\u00a0kg",
        "price": "\u20ac6.90",
        "price_per_quantity": "(\u20ac23.00 / 1 kg)",
        "stock_availability": "In stock, immediately available",
        "description": "Large-sized alpine milk chocolate bar with crunchy whole Oreo biscuits, with delicious milk and chocolate cream.",
        "primary_image": "https://www.heinemann-shop.com/medias/527Wx527H-null?context=bWFzdGVyfGltYWdlc3w0MjEyMXxpbWFnZS9qcGVnfGFHRmpMMmc1TlM4eE1UWTVOVEExTnpnNU5UUTFOQzgxTWpkWGVEVXlOMGhmYm5Wc2JBfDNhOThhNGIzMmM2MTliMjM1YTQ4MGUyYTVlZDEzNjkxYTU5ZDI2ZjExMWE3MmVkNzNkYWM5NWNkOTNiZjQzNTU&v=1738102095025",
        "images": []
    },
    {
        "product_url": "https://www.heinemann-shop.com/en/global/lindt/lindt-gold-bar-milk-300g/p/000000000000163770/",
        "brand_name": "Lindt",
        "brand_url": "https://www.heinemann-shop.com/en/global/lindt/c/BRAND_1486/",
        "product_name": "Lindt Gold Bar Milk 300g",
        "quantity": "0.3\u00a0kg",
        "price": "\u20ac16.90",
        "price_per_quantity": "(\u20ac56.33 / 1 kg)",
        "stock_availability": "In stock, immediately available",
        "description": "Experience the finest Swiss Milk Chocolate from LINDT \u2013 presented in premium golden packaging, this Gold Tablet is the perfect gift for any occasion, or just a treat to enjoy yourself.",
        "primary_image": "https://www.heinemann-shop.com/medias/527Wx527H-null?context=bWFzdGVyfGltYWdlc3wzMzAwMnxpbWFnZS9qcGVnfGFEWmpMMmd6WXk4eE1USTROVE16T1RFME5ESXlNaTgxTWpkWGVEVXlOMGhmYm5Wc2JBfDkxNzlmMjIwZmNiODkyZWM4NWMwMTczZTg0OWViZjdkMDE4NzdlYjNkMjhkOTA1MzUxZjFjNjE0MWY4MDJiZjI&v=1729312909679",
        "images": []
    },
    {
        "product_url": "https://www.heinemann-shop.com/en/global/lindt/lindt-silver-bar-dark-berry-almond-300g/p/000000000001304917/",
        "brand_name": "Lindt",
        "brand_url": "https://www.heinemann-shop.com/en/global/lindt/c/BRAND_1486/",
        "product_name": "Lindt Silver Bar Dark Berry Almond 300g",
        "quantity": "0.3\u00a0kg",
        "price": "\u20ac16.90",
        "price_per_quantity": "(\u20ac56.33 / 1 kg)",
        "stock_availability": "In stock, immediately available",
        "description": "Discover the new and enticing LINDT 300g Tablet Dark Berry Almond. A harmonious blend of intense dark chocolate with fruity chunks of raspberries and cranberries, rounded up with whole aromatic roasted almonds.",
        "primary_image": "https://www.heinemann-shop.com/medias/527Wx527H-null?context=bWFzdGVyfGltYWdlc3wzMjc4OXxpbWFnZS9qcGVnfGFEZzFMMmczT0M4eE1USTROVFk1TlRJNU9UWXhOQzgxTWpkWGVEVXlOMGhmYm5Wc2JBfDc1NGM3NjZmOGQ1Y2M1ZjM3OWRhOTU5Y2JlZGVlMDUzYzY3ZmZjMTM5YjRmZGUxZjJmNDFkYTQ2MWNlMWJjMjQ&v=1729318232435",
        "images": []
    },
    {
        "product_url": "https://www.heinemann-shop.com/en/global/mentos/mentos-gum-juice-burst-yellow-sugarfree-120g/p/000000000000556958/",
        "brand_name": "Mentos",
        "brand_url": "https://www.heinemann-shop.com/en/global/mentos/c/BRAND_2323/",
        "product_name": "Mentos Gum Juice Burst Yellow sugarfree, 120g",
        "quantity": "0.12\u00a0kg",
        "price": "\u20ac6.30",
        "price_per_quantity": "(\u20ac52.50 / 1 kg)",
        "stock_availability": "In stock, immediately available",
        "description": "Mentos \"Juice Burst Yellow\" is liquid filled chewing gum in a delightful mix of fruity flavours: red fruit & lime, raspberry & kiwi, orange & lemon. Each bottle contains 60 pieces of gum",
        "primary_image": "https://www.heinemann-shop.com/medias/527Wx527H-null?context=bWFzdGVyfGltYWdlc3w5OTA5NHxpbWFnZS9qcGVnfGFHSXhMMmhoWkM4eE1USTROVE0wTmpBeU5UVXdNaTgxTWpkWGVEVXlOMGhmYm5Wc2JBfDU4OGIwNjQzMDlmZDBhMTMxNGFlNmFmM2FkNTQ5MTFiNmMyZTQzZjM1ZDM5ZDcyOWI3MTlmNDJhMzY1OGVlZjg&v=1729313659674",
        "images": []
    },
    {
        "product_url": "https://www.heinemann-shop.com/en/global/baratti-milano/baratti-milano-gianduiotto-gift-box-155g/p/000000000000490047/",
        "brand_name": "Baratti & Milano",
        "brand_url": "https://www.heinemann-shop.com/en/global/baratti-milano/c/BRAND_2506/",
        "product_name": "Baratti & Milano Gianduiotto Gift Box 155g",
        "quantity": "0.155\u00a0kg",
        "price": "",
        "price_per_quantity": "(\u20ac115.48 / 1 kg)",
        "stock_availability": "",
        "description": "Gianduiotto: An expert mixture of the best varieties of cocoa with the precious sweetness of the \u201cTonde e Gentili\u201d hazelnuts, with their unmistakable shape of an overturned boat.",
        "primary_image": "https://www.heinemann-shop.com/medias/527Wx527H-null?context=bWFzdGVyfGltYWdlc3wzODcwMXxpbWFnZS9qcGVnfGFESTNMMmd6TVM4NU56WXhNVEEwTnpJek9UazRMelV5TjFkNE5USTNTRjl1ZFd4c3xjMzE3NDBkNTlmODcyNzgyYTA4ODc3NTlkNmNiNzg2MDViMjg0OTEwMzU4YTAxNzdhNGNhNTg0YzVlYTc0Zjdk&v=1683148830553",
        "images": []
    },
    {
        "product_url": "https://www.heinemann-shop.com/en/global/milka/milka-oreo-100g/p/000000000001277995/",
        "brand_name": "Milka",
        "brand_url": "https://www.heinemann-shop.com/en/global/milka/c/BRAND_0831/",
        "product_name": "Milka Oreo 100g",
        "quantity": "0.1\u00a0kg",
        "price": "",
        "price_per_quantity": "(\u20ac33.00 / 1 kg)",
        "stock_availability": "",
        "description": "Discover Milka with Oreo, a surprising and unique combination of 100% Milka Alpine Milk Chocolate and irresistible pieces of Oreo Biscuits. A moment of pure pleasure to enjoy with the family.",
        "primary_image": "https://www.heinemann-shop.com/medias/527Wx527H-null?context=bWFzdGVyfGltYWdlc3w0MDE2NnxpbWFnZS9qcGVnfGFEazNMMmc1TXk4NU9EQXdPVEl4TXpFM05EQTJMelV5TjFkNE5USTNTRjl1ZFd4c3xlNDBlNjM1NjYxNWMwYTk4Njk4NzI5ZjVlYzNiZjUzYjY0MzkzNDhhNWNiOTBiNjFlZGRhMmVjM2ZhMjJhYjc0&v=1691478663787",
        "images": []
    },
    {
        "product_url": "https://www.heinemann-shop.com/en/global/baratti-milano/baratti-milano-il-mito-e-il-viaggio-assorted-dark-chocolate-bars-300g/p/000000000001192795/",
        "brand_name": "Baratti & Milano",
        "brand_url": "https://www.heinemann-shop.com/en/global/baratti-milano/c/BRAND_2506/",
        "product_name": "Baratti & Milano - Il Mito e il Viaggio - Assorted Dark Chocolate Bars 300g",
        "quantity": "0.3\u00a0kg",
        "price": "",
        "price_per_quantity": "(\u20ac76.63 / 1 kg)",
        "stock_availability": "",
        "description": "A selection of extra bitter chocolate bars from the best cocoa, also from Ecuador and Ghana.",
        "primary_image": "https://www.heinemann-shop.com/medias/527Wx527H-null?context=bWFzdGVyfGltYWdlc3w1MTE2OXxpbWFnZS9qcGVnfGFHUXdMMmhoT1M4NU56WXhNVFF3TWpjM01qYzRMelV5TjFkNE5USTNTRjl1ZFd4c3xjYmQ3N2JiMDkzMzJhMTE5YmJkNTM0YTIwZWRkOTdlNTIyZjFiOTI3MDczYjE5NDQ0ODUxY2I5NGI3NTNlMzJm&v=1683165363359",
        "images": []
    },
    {
        "product_url": "https://www.heinemann-shop.com/en/global/milka/milka-strawberry-yoghurt-100g/p/000000000001277997/",
        "brand_name": "Milka",
        "brand_url": "https://www.heinemann-shop.com/en/global/milka/c/BRAND_0831/",
        "product_name": "Milka Strawberry Yoghurt 100g",
        "quantity": "0.1\u00a0kg",
        "price": "",
        "price_per_quantity": "(\u20ac33.00 / 1 kg)",
        "stock_availability": "",
        "description": "Classic 100g tablet of tender Milka Alpine milk chocolate with strawberry yoghurt flavor filling. Enjoy the irresistible taste of tender Alpine milk chocolate.",
        "primary_image": "https://www.heinemann-shop.com/medias/527Wx527H-null?context=bWFzdGVyfGltYWdlc3wzOTkyMXxpbWFnZS9qcGVnfGFHSXdMMmhtTUM4NU9EQXdPVEl5T0Rrd01qY3dMelV5TjFkNE5USTNTRjl1ZFd4c3wwM2IwMDBiYmVjNDQwY2RkMzM2NjYzZWNmOWQwNzVhMGZjMjc0ZjdjYTVmYTU2NTYzNDEwNjY5MTMyYjdkNzI2&v=1691478951993",
        "images": []
    },
    {
        "product_url": "https://www.heinemann-shop.com/en/global/riesen/riesen-605g/p/000000000001295468/",
        "brand_name": "Riesen",
        "brand_url": "https://www.heinemann-shop.com/en/global/riesen/c/BRAND_5058/",
        "product_name": "Riesen 605g",
        "quantity": "0.605\u00a0kg",
        "price": "\u20ac12.50",
        "price_per_quantity": "(\u20ac20.66 / 1 kg)",
        "stock_availability": "In stock, immediately available",
        "description": "Dark chocolate on the outside, rich chocolate caramel on the inside \u2013 a particularly long-lasting chewy treat. The inimitable, intensively chocolaty taste is due to the special blend of selected Gavoa cocoa beans.",
        "primary_image": "https://www.heinemann-shop.com/medias/527Wx527H-null?context=bWFzdGVyfGltYWdlc3w2NzI0NHxpbWFnZS9qcGVnfGFEazVMMmc1T0M4eE1USTROVFk0T1RrMU9EUXpNQzgxTWpkWGVEVXlOMGhmYm5Wc2JBfGViM2IzYTIzOTIxNjYyYjQzNTBhZDdkODVjMzhhM2YwNTgxODU0NmZiMDU1ODA1YmZiMTI2MGJhYzFiY2EwMDQ&v=1729317750846",
        "images": []
    },
    {
        "product_url": "https://www.heinemann-shop.com/en/global/heilemann/heilemann-berlin-pralines-130g/p/000000000000528019/",
        "brand_name": "Heilemann",
        "brand_url": "https://www.heinemann-shop.com/en/global/heilemann/c/BRAND_2748/",
        "product_name": "Heilemann Berlin Pralines 130g",
        "quantity": "0.13\u00a0kg",
        "price": "",
        "price_per_quantity": "(\u20ac119.23 / 1 kg)",
        "stock_availability": "",
        "description": "Smooth-melting praline variations without alcohol in a high-quality tin with relief pictures of well-known hallmarks of Berlin. A delicious way to make your Berlin visit last!",
        "primary_image": "https://www.heinemann-shop.com/medias/527Wx527H-null?context=bWFzdGVyfGltYWdlc3w3MzUxMHxpbWFnZS9qcGVnfGFEZG1MMmcwTmk4NU56WXpNVFU1TlRjeU5URXdMelV5TjFkNE5USTNTRjl1ZFd4c3w4NmVmMTBjNDQzMGYxZDQ2NGU2ZDk0Zjc5NmFlZTA5NTc2OGU5ZWQ5ZThmOWExMDE4YjA0M2Y0NzcxNGQ3ZGI1&v=1683777920150",
        "images": []
    },
    {
        "product_url": "https://www.heinemann-shop.com/en/global/heilemann/heilemann-germany-tin-130g/p/000000000001046679/",
        "brand_name": "Heilemann",
        "brand_url": "https://www.heinemann-shop.com/en/global/heilemann/c/BRAND_2748/",
        "product_name": "Heilemann Germany Tin, 130g",
        "quantity": "0.13\u00a0kg",
        "price": "",
        "price_per_quantity": "(\u20ac119.23 / 1 kg)",
        "stock_availability": "",
        "description": "Smooth-melting praline variations without alcohol in a high-quality tin with relief pictures of well-known hallmarks of Germany. A delicious way to make your Germany visit last!",
        "primary_image": "https://www.heinemann-shop.com/medias/527Wx527H-null?context=bWFzdGVyfGltYWdlc3w3MjY5M3xpbWFnZS9qcGVnfGFHVmhMMmhtTVM4eE1UVTBPRGc0T1RjeE1EWXlNaTgxTWpkWGVEVXlOMGhmYm5Wc2JBfDYyY2MyZjQ0MzZhYjkwYTcxYjBlZDFlMjFhYTFkZDNmZmEyOWYwZTBhNTg3MGUwMjVjMzg0ZGRlZWQyZGMxNDU&v=1734989037769",
        "images": []
    },
    {
        "product_url": "https://www.heinemann-shop.com/en/global/reese-s/reese-s-white-peanut-butter-cup-miniatures-355g/p/000000000001073329/",
        "brand_name": "Reese's",
        "brand_url": "https://www.heinemann-shop.com/en/global/reese-s/c/BRAND_0134/",
        "product_name": "Reese's White Peanut Butter Cup Miniatures 355g",
        "quantity": "0.355\u00a0kg",
        "price": "\u20ac14.90",
        "price_per_quantity": "(\u20ac41.97 / 1 kg)",
        "stock_availability": "In stock, immediately available",
        "description": "Try the perfect combination of peanut butter and white chocolate in a bite-sized cup. New from Reese's.",
        "primary_image": "https://www.heinemann-shop.com/medias/527Wx527H-null?context=bWFzdGVyfGltYWdlc3w4NDg0MHxpbWFnZS9qcGVnfGFEZzNMMmd4TkM4eE1ESXpOakV5TWprNE9EVTNOQzgxTWpkWGVEVXlOMGhmYm5Wc2JBfDRkNTliY2JjNzdmMGY4MTJlNGMzMDM0ZGI3Y2MzZTNkM2ZlNWQwZDU0YWNmMGM5NzVjYWZhYTM1MjVkZThjNmQ&v=1705698881152",
        "images": []
    },
    {
        "product_url": "https://www.heinemann-shop.com/en/global/milka/milka-choco-swing-biscuit-300g/p/000000000000677730/",
        "brand_name": "Milka",
        "brand_url": "https://www.heinemann-shop.com/en/global/milka/c/BRAND_0831/",
        "product_name": "Milka Choco Swing Biscuit 300g",
        "quantity": "0.3\u00a0kg",
        "price": "\u20ac6.90",
        "price_per_quantity": "(\u20ac23.00 / 1 kg)",
        "stock_availability": "In stock, immediately available",
        "description": "Tender Alpine milk chocolate with cream filling and layer of biscuit. Ideal for sharing or as an informal gift.",
        "primary_image": "https://www.heinemann-shop.com/medias/527Wx527H-null?context=bWFzdGVyfGltYWdlc3w0MDg2M3xpbWFnZS9qcGVnfGFHWTNMMmcyWVM4NU9EQXdOekkwT1RjeE5UVXdMelV5TjFkNE5USTNTRjl1ZFd4c3xlZmFiOWFmMjUwMDU3NDViY2FhOWI2MDg5NzgxMzE3YjlhMDUwZGI0YjBhMmMxMDM3Y2U5ZjZkYjBiMTdmMTU3&v=1691449225989",
        "images": []
    },
    {
        "product_url": "https://www.heinemann-shop.com/en/global/reese-s/reese-s-peanut-butter-cups-385g/p/000000000001081040/",
        "brand_name": "Reese's",
        "brand_url": "https://www.heinemann-shop.com/en/global/reese-s/c/BRAND_0134/",
        "product_name": "Reese's Peanut Butter Cups 385g",
        "quantity": "0.385\u00a0kg",
        "price": "\u20ac14.90",
        "price_per_quantity": "(\u20ac38.70 / 1 kg)",
        "stock_availability": "In stock, immediately available",
        "description": "Nothing goes together better than creamy chocolate and REESE'S peanut butter. Satisfy your cravings with individually wrapped miniature cups. REESE'S Peanut Butter Cups Miniatures, THE PERFECT COMBINATION OF CHOCOLATE AND PEANUT BUTTER.",
        "primary_image": "https://www.heinemann-shop.com/medias/527Wx527H-null?context=bWFzdGVyfGltYWdlc3w4NDg0NXxpbWFnZS9qcGVnfGFEQTRMMmczWVM4eE1ESXpOakV5TXpnd056YzNOQzgxTWpkWGVEVXlOMGhmYm5Wc2JBfDFhY2NlZWY1ODBhNzk1ODY1NmZlZWQ3ZmQxYjgzYjRiNDE1YzQ4ZDdhN2RmYjNiM2EwMjMyOGI5YjA4YmQxODM&v=1705698928763",
        "images": []
    },
    {
        "product_url": "https://www.heinemann-shop.com/en/global/maltesers/maltesers-bucket-milk-chocolate-440g/p/000000000000638426/",
        "brand_name": "Maltesers",
        "brand_url": "https://www.heinemann-shop.com/en/global/maltesers/c/BRAND_5048/",
        "product_name": "Maltesers Bucket milk chocolate, 440g",
        "quantity": "0.44\u00a0kg",
        "price": "\u20ac17.50",
        "price_per_quantity": "(\u20ac39.77 / 1 kg)",
        "stock_availability": "In stock, immediately available",
        "description": "Maltesers - the lighter way to enjoy chocolate. These crisp honeycombed centres covered in delicious milk chocolate were first introduced in the UK in 1936.",
        "primary_image": "https://www.heinemann-shop.com/medias/527Wx527H-null?context=bWFzdGVyfGltYWdlc3w1OTczNHxpbWFnZS9qcGVnfGFEWTNMMmcxTlM4NU56WTFPREl5TmpJM09EY3dMelV5TjFkNE5USTNTRjl1ZFd4c3xiZDg5OTA1NzJiNWZlM2JjZDRjMzNhYmUzMzJmMGQ2NWE1M2E1NDFjZjM5NDJjZTc4ZGJjYjFmN2QyNDY3MzA5&v=1684529714324",
        "images": []
    },
    {
        "product_url": "https://www.heinemann-shop.com/en/global/mirabell/mirabell-mozartkugeln-bag-273g/p/000000000000248261/",
        "brand_name": "Mirabell",
        "brand_url": "https://www.heinemann-shop.com/en/global/mirabell/c/BRAND_0949/",
        "product_name": "Mirabell Mozartkugeln Bag 273g",
        "quantity": "0.273\u00a0kg",
        "price": "\u20ac11.90",
        "price_per_quantity": "(\u20ac43.59 / 1 kg)",
        "stock_availability": "",
        "description": "Unique Mirabell Mozartkugeln with a marzipan centre, surrounded by layers of light and dark chocolate praline cream, coated in finest rich dark chocolate. Each bag contains 16 Mozartkugeln (ca. 17g each) individually wrapped.",
        "primary_image": "https://www.heinemann-shop.com/medias/527Wx527H-null?context=bWFzdGVyfGltYWdlc3w2NDI5N3xpbWFnZS9qcGVnfGFEZGtMMmd4Wmk4NU9EQXdOekEwTXpJM056RXdMelV5TjFkNE5USTNTRjl1ZFd4c3wxMTk3YWViMDI0YzEwZjczOWIwMzIyMWIxZDY2ODVhNjUzMzViZGY0Yzc5ODUwZDdjMGU5ZGFkNTk2MGUyMmEw&v=1691443850075",
        "images": []
    },
    {
        "product_url": "https://www.heinemann-shop.com/en/global/mentos/mentos-bubble-gum-sugarfree-120g/p/000000000000927262/",
        "brand_name": "Mentos",
        "brand_url": "https://www.heinemann-shop.com/en/global/mentos/c/BRAND_2323/",
        "product_name": "Mentos Bubble Gum sugarfree, 120g",
        "quantity": "0.12\u00a0kg",
        "price": "\u20ac6.30",
        "price_per_quantity": "(\u20ac52.50 / 1 kg)",
        "stock_availability": "In stock, immediately available",
        "description": "Mentos Bubble Gum, crunchy on the outside, chewy on the inside. Comes in a sweet mix of the flavours strawberry, orange and lemon. Each bottle contains 30 pieces of gum",
        "primary_image": "https://www.heinemann-shop.com/medias/527Wx527H-null?context=bWFzdGVyfGltYWdlc3w4NDc5MnxpbWFnZS9qcGVnfGFEQmxMMmhsTnk4eE1USTROVFUxTnpNeE16VTJOaTgxTWpkWGVEVXlOMGhmYm5Wc2JBfGU4ZjAzMzYzNTUwMzc0MmNmNjdlZmQ0OWQ5YjIxMDEyZGRjMDY3NjFiODkxZGI3NzQwZGRjMGE2OWE1OGQ3YWY&v=1729314840195",
        "images": []
    },
    {
        "product_url": "https://www.heinemann-shop.com/en/global/heindl/heindl-spezialitaeten-aus-oesterreich-225g/p/000000000001027824/",
        "brand_name": "Heindl",
        "brand_url": "https://www.heinemann-shop.com/en/global/heindl/c/BRAND_2733/",
        "product_name": "Heindl Spezialit\u00e4ten aus \u00d6sterreich 225g",
        "quantity": "0.225\u00a0kg",
        "price": "\u20ac13.99",
        "price_per_quantity": "(\u20ac62.18 / 1 kg)",
        "stock_availability": "",
        "description": "This exquisite composition takes you on an enjoyable journey through Austria. Enjoy these fine confectionery specialties: Mozart Balls, Graz Clock Tower, Golden Nougat, Wiener Riesenrad, Sissi Veilchen, Sissi Taler and Schloss Orth Balls. Our specialties from Austria ensure great pleasure long after your visit to the land of mountains!",
        "primary_image": "https://www.heinemann-shop.com/medias/1027824-527Wx527H?context=bWFzdGVyfGltYWdlc3w3NjY1MXxpbWFnZS9qcGVnfGFHTmlMMmc1Tmk4NU5qWXpOakUzTnprME1EYzRMekV3TWpjNE1qUmZOVEkzVjNnMU1qZEl8MWE0NmQ3M2QxM2ZiNWQyMTE4MmZmOWM4NWQ2YTRlZTI4OGNiMzM1NDNjYjAyZjExM2M4MTRlOGUxYTdkYTU2NQ&v=1646946935512",
        "images": []
    },
    {
        "product_url": "https://www.heinemann-shop.com/en/global/heindl/heindl-sissi-taler-200g/p/000000000000733836/",
        "brand_name": "Heindl",
        "brand_url": "https://www.heinemann-shop.com/en/global/heindl/c/BRAND_2733/",
        "product_name": "Heindl Sissi Taler 200g",
        "quantity": "0.2\u00a0kg",
        "price": "\u20ac12.99",
        "price_per_quantity": "(\u20ac64.95 / 1 kg)",
        "stock_availability": "",
        "description": "Our Sissi Taler are a harmonious composition of fruity apricot-marzipan cream on an almond-nougat layer, coated in the finest milk chocolate. With each taler, individually wrapped and adorned with the face of the unforgettable empress, a piece of Austrian history goes out into the world as a sweet greeting",
        "primary_image": "https://www.heinemann-shop.com/medias/733836-527Wx527H?context=bWFzdGVyfGltYWdlc3w2OTE2OXxpbWFnZS9qcGVnfGFEQmlMMmd6WXk4NU5qWXpOakU1TnpJM016a3dMemN6TXpnek5sODFNamRYZURVeU4wZ3w5MzkxNTA2NjU3OTkzNDZlNWM5Y2IxZDE1OWNiMWE3YmNlZWY0NWRmZDA3OWNiYWRmOWUzOTNlMDliMDdmM2I2&v=1646946949883",
        "images": []
    },
    {
        "product_url": "https://www.heinemann-shop.com/en/global/tic-tac/tic-tac-bottle-orange-98g/p/000000000001009571/",
        "brand_name": "Tic Tac",
        "brand_url": "https://www.heinemann-shop.com/en/global/tic-tac/c/BRAND_4649/",
        "product_name": "Tic Tac Bottle Orange, 98g",
        "quantity": "0.098\u00a0kg",
        "price": "",
        "price_per_quantity": "(\u20ac58.16 / 1 kg)",
        "stock_availability": "",
        "description": "Easy to carry and fun to share! Tic Tac\u00ae Bottle \u2013 shaped like a ultra-large Tic Tac\u00ae - contains 200 Orange flavoured pills to satisfy even the long haul traveler.",
        "primary_image": "https://www.heinemann-shop.com/medias/527Wx527H-null?context=bWFzdGVyfGltYWdlc3w3OTk5NXxpbWFnZS9qcGVnfGFESmhMMmcxTVM4eE1USTVOemd5TkRNd09USTNPQzgxTWpkWGVEVXlOMGhmYm5Wc2JBfDhhMTg3YWEwNmU0NjZmMmI3YTViNTEyYTI4NjY5MDVhNzM0MDkxYjI0NDQ5M2QwNWJlYmNlNmIzOWRlMDlhYzE&v=1729544021951",
        "images": []
    },
    {
        "product_url": "https://www.heinemann-shop.com/en/global/ritter-sport/ritter-sport-chocolate-cubes-joghurt-176g/p/000000000000540461/",
        "brand_name": "Ritter Sport",
        "brand_url": "https://www.heinemann-shop.com/en/global/ritter-sport/c/BRAND_0476/",
        "product_name": "Ritter Sport Chocolate cubes joghurt 176g",
        "quantity": "0.176\u00a0kg",
        "price": "\u20ac7.70",
        "price_per_quantity": "(\u20ac43.75 / 1 kg)",
        "stock_availability": "In stock, immediately available",
        "description": "Heads up, yogurt fans: The yogurt Choco Cubes box make hearts leap for joy. Regardless, whether Strawberry Yogurt, Yogurt or Blackcurrant Yogurt \u2013 the combination of crunchy Ritter Sport milk chocolate and creamy fruit yogurt filling will please your taste buds. The stylish packaging makes the fruity cubes an ideal gift. Whether for friends and family, or for yourself.",
        "primary_image": "https://www.heinemann-shop.com/medias/527Wx527H-null?context=bWFzdGVyfGltYWdlc3w1OTQ3N3xpbWFnZS9qcGVnfGFHSTBMMmhpT1M4eE1UY3pPRGs0TURJeU1EazFPQzgxTWpkWGVEVXlOMGhmYm5Wc2JBfDAyOWVjMGUwNjI2ZjE4OTVhMGRiODAyYTViMjc2M2NjZDRkYTMwYmU0M2Y2ZTJkOTgxOGY3MDg0OWVlZTU3ZjQ&v=1738963348624",
        "images": []
    },
    {
        "product_url": "https://www.heinemann-shop.com/en/global/anthon-berg/anthon-berg-after-dinner-210g/p/000000000000664270/",
        "brand_name": "Anthon Berg",
        "brand_url": "https://www.heinemann-shop.com/en/global/anthon-berg/c/BRAND_0604/",
        "product_name": "Anthon Berg After Dinner 210g",
        "quantity": "0.21\u00a0kg",
        "price": "\u20ac9.30",
        "price_per_quantity": "(\u20ac44.29 / 1 kg)",
        "stock_availability": "",
        "description": "Anthon Berg Milk chocolate-coated marzipan miniatures with Madeira and chopped roasted hazelnuts",
        "primary_image": "https://www.heinemann-shop.com/medias/527Wx527H-null?context=bWFzdGVyfGltYWdlc3w0NTc4OHxpbWFnZS9qcGVnfGFEQTVMMmd3WkM4NU56ZzJPVEV3TXpjMU9UWTJMelV5TjFkNE5USTNTRjl1ZFd4c3xhY2FlZjBiY2Y5N2JmNDkxZGM4NjgyNWZkMmY4M2FlNGJlOTEzZmZmYTZlYTQ3MDFjZmQ0YWZhYzkwNzdkYjVm&v=1689253524819",
        "images": []
    },
    {
        "product_url": "https://www.heinemann-shop.com/en/global/dumle/dumle-original-standing-bag-350g/p/000000000001068001/",
        "brand_name": "Dumle",
        "brand_url": "https://www.heinemann-shop.com/en/global/dumle/c/BRAND_6808/",
        "product_name": "Dumle Original standing bag 350g",
        "quantity": "0.35\u00a0kg",
        "price": "\u20ac7.90",
        "price_per_quantity": "(\u20ac22.57 / 1 kg)",
        "stock_availability": "In stock, immediately available",
        "description": "Dumle brings out the twinkle in your eyes. It is a combination of soft chewy caramel toffee and smooth Fazer Chocolate.",
        "primary_image": "https://www.heinemann-shop.com/medias/527Wx527H-null?context=bWFzdGVyfGltYWdlc3w2NjU4MnxpbWFnZS9qcGVnfGFHSTJMMmhsTWk4eE1UYzROak0zT0Rjek9UYzBNaTgxTWpkWGVEVXlOMGhmYm5Wc2JBfDJhY2VlYzg5OWQxN2QyOTIwYWU4NDRlNzA5N2VkOTViOTIzYTI1YzZlMzZhNDYzZDBmZGE0ZTcxYWNhOThjZTM&v=1739914000830",
        "images": []
    },
    {
        "product_url": "https://www.heinemann-shop.com/en/global/hachez/hachez-maracaibo-150g-tin/p/000000000000540972/",
        "brand_name": "Hachez",
        "brand_url": "https://www.heinemann-shop.com/en/global/hachez/c/BRAND_1268/",
        "product_name": "Hachez Maracaibo 150g Tin",
        "quantity": "0.15\u00a0kg",
        "price": "\u20ac13.50",
        "price_per_quantity": "(\u20ac90.00 / 1 kg)",
        "stock_availability": "In stock, immediately available",
        "description": "Cocoa de Maracaibo, the full-bodied premium milk chocolate with 55.5% cocoa, contains select superior cocoa from Venezuela. Its uniqueness is the high proportion of cocoa combined with whole milk chocolate. Packed in a high-quality box, these classic miniature bars are a special delight for every chocolate connoisseur.",
        "primary_image": "https://www.heinemann-shop.com/medias/527Wx527H-null?context=bWFzdGVyfGltYWdlc3wzMjg4NnxpbWFnZS9qcGVnfGFEUXpMMmhsWmk4NU56ZzJOamt3TXpBMk1EYzRMelV5TjFkNE5USTNTRjl1ZFd4c3w0MWJlOGQzMWI0YmZmZWNmNzc5Nzc3MzU2NjA1NDJkYzMzMTQ5ZTA0NzVjNjU2MDY2OTVmMWEwZWQ1MmU2N2Vj&v=1689247245096",
        "images": []
    },
    {
        "product_url": "https://www.heinemann-shop.com/en/global/ritter-sport/ritter-sport-chocolate-cubes-176g/p/000000000000540139/",
        "brand_name": "Ritter Sport",
        "brand_url": "https://www.heinemann-shop.com/en/global/ritter-sport/c/BRAND_0476/",
        "product_name": "Ritter Sport Chocolate cubes 176g",
        "quantity": "0.176\u00a0kg",
        "price": "\u20ac7.70",
        "price_per_quantity": "(\u20ac43.75 / 1 kg)",
        "stock_availability": "In stock, immediately available",
        "description": "Four of the finest varieties were created for the Ritter Sport Chocolate Cubes: praline, caramel, nuts in praline creme and cocoa brittle. The best ingredients from around the world, with perfectly harmonised milk chocolate and dark chocolate with a high percentage of cocoa, as well as a lot of creamy filling make the Chocolate Cubes a special taste experience. The stylish packaging makes them an ideal gift. Whether for friends and family, or for yourself.",
        "primary_image": "https://www.heinemann-shop.com/medias/527Wx527H-null?context=bWFzdGVyfGltYWdlc3w2NTQ4NXxpbWFnZS9qcGVnfGFESmlMMmd6WkM4eE1UY3pPRGszT1RZNU5qWTNNQzgxTWpkWGVEVXlOMGhmYm5Wc2JBfDk2ZjM0OTc2ZTA0ODhkMjAyMTJiM2Y5ODIxYmVkMmI0NTVhNGQwOGI0MTkxZGMxYmM3MzY5MTg4N2NkYmJhNzM&v=1738963323666",
        "images": []
    },
    {
        "product_url": "https://www.heinemann-shop.com/en/global/chocome/chocome-no-added-sugar-dark-chocolate-with-toppings/p/000000000001559176/",
        "brand_name": "ChocoMe",
        "brand_url": "https://www.heinemann-shop.com/en/global/chocome/c/BRAND_3312/",
        "product_name": "chocoMe No added sugar dark chocolate with toppings",
        "quantity": "0.05\u00a0kg",
        "price": "\u20ac7.50",
        "price_per_quantity": "(\u20ac150.00 / 1 kg)",
        "stock_availability": "",
        "description": "Sweet temptation without sugar There are a lot of people in the world who can\u2019t or won\u2019t eat sugar, with our new product developments we\u2019d like to introduce them the world of chocoMe flavours. Without added sugar, the basis of our new chocolate collection is a harmonically rich Belgian chocolate with a complex savour made of hand-selected cocoa beans, 100% pure cocoa-butter, bourbon vanilla and the sugar substitute maltit. The dark chocolate boasts with a 53.9% cocoa content. The creations without sugar are available from March, in 4 different compositions with the net weight of 50g",
        "primary_image": "https://www.heinemann-shop.com/medias/527Wx527H-null?context=bWFzdGVyfGltYWdlc3w2MjcyNXxpbWFnZS9qcGVnfGFHWmpMMmhpWkM4NU56Y3hOek0xTlRFMU1UWTJMelV5TjFkNE5USTNTRjl1ZFd4c3w5NDliODYyZGMwOTNkNGViMzM1MjYzY2UyZjBmZmVjMzk5MmM1MjNmNDdiOTM0MDQ4OTEzN2ViZmI0MjAwZjJm&v=1686168644603",
        "images": []
    },
    {
        "product_url": "https://www.heinemann-shop.com/en/global/barebells/barebells-soft-bar-caramel-choco-55g/p/000000000001558665/",
        "brand_name": "Barebells",
        "brand_url": "https://www.heinemann-shop.com/en/global/barebells/c/BRAND_9186/",
        "product_name": "Barebells Soft Bar Caramel Choco, 55g",
        "quantity": "0.055\u00a0kg",
        "price": "\u20ac3.50",
        "price_per_quantity": "(\u20ac63.64 / 1 kg)",
        "stock_availability": "",
        "description": "With the Barebells Soft Protein Bar Caramel Choco, we have created a new taste experience. 16 grams of protein power meets soft caramel and creamy milk chocolate.",
        "primary_image": "https://www.heinemann-shop.com/medias/527Wx527H-null?context=bWFzdGVyfGltYWdlc3wzOTg1MXxpbWFnZS9qcGVnfGFHUXdMMmhrWWk4NU9ETTROamd5TXpBNE5qTTRMelV5TjFkNE5USTNTRjl1ZFd4c3wwZDNhN2ZhZmQ1MTM0MjZhY2JjYzk5MDE5NDNjMDk3MWE2ZjdkMWFkNjA2MTZkMWQ0NDlkM2MyMzBjNjQ2ZmY4&v=1695155386963",
        "images": []
    },
    {
        "product_url": "https://www.heinemann-shop.com/en/global/wrigley-s/wrigley-s-extra-spearmint-chewing-gum-56g/p/000000000001611192/",
        "brand_name": "Wrigley's",
        "brand_url": "https://www.heinemann-shop.com/en/global/wrigley-s/c/BRAND_2063/",
        "product_name": "Wrigley's EXTRA Spearmint chewing gum 56g",
        "quantity": "0.056\u00a0kg",
        "price": "\u20ac5.30",
        "price_per_quantity": "(\u20ac94.64 / 1 kg)",
        "stock_availability": "In stock, immediately available",
        "description": "Extra helps to keep teeth clean and neutralize plaque acids, so you have the confidence to smile and be at your best throughout theday. This multipack contains 4 x 10pc of Extra Spearmint gum.",
        "primary_image": "https://www.heinemann-shop.com/medias/527Wx527H-null?context=bWFzdGVyfGltYWdlc3w1NzczMnxpbWFnZS9qcGVnfGFEUmhMMmcyWmk4NU9USXpPRE0yTlRFd01qTTRMelV5TjFkNE5USTNTRjl1ZFd4c3wyZWE3Nzc1NWY3ZTdhMTZkNWQ0MjhiMjEzNGVmYTRjMjVhMjgzYzUwMjU5MWNhNjU5NjY3ZGY0NWVlNWU2NmM1&v=1697661751353",
        "images": []
    },
    {
        "product_url": "https://www.heinemann-shop.com/en/global/haribo/haribo-travel-parade-200-g/p/000000000001515056/",
        "brand_name": "Haribo",
        "brand_url": "https://www.heinemann-shop.com/en/global/haribo/c/BRAND_1079/",
        "product_name": "Haribo Travel Parade 200 g",
        "quantity": "0.22\u00a0kg",
        "price": "\u20ac4.30",
        "price_per_quantity": "(\u20ac19.55 / 1 kg)",
        "stock_availability": "In stock, immediately available",
        "description": "Our iconic Air Parade has now been transformed",
        "primary_image": "https://www.heinemann-shop.com/medias/527Wx527H-null?context=bWFzdGVyfGltYWdlc3w4OTE0M3xpbWFnZS9qcGVnfGFHRXpMMmc1WVM4eE1USTROakExTXpVNE5Ea3lOaTgxTWpkWGVEVXlOMGhmYm5Wc2JBfDg1OGI1ZDg4NGM3ZGRmYzQxNTAxY2I4NjNjYmUwMmYzNDE3MzQ4M2QzNzgyZGQwOTNhZDc3MDRhYTY3NTNjNzY&v=1729321561734",
        "images": []
    },
    {
        "product_url": "https://www.heinemann-shop.com/en/global/chocome/chocome-milk-chocolate-with-crystallized-violet-petals-coconut-shavings-and-with-genuine-23-karat-gold-crumbs/p/000000000001575594/",
        "brand_name": "ChocoMe",
        "brand_url": "https://www.heinemann-shop.com/en/global/chocome/c/BRAND_3312/",
        "product_name": "chocoMe milk chocolate with crystallized violet petals coconut shavings and with genuine 23 karat gold crumbs",
        "quantity": "0.11\u00a0kg",
        "price": "\u20ac16.90",
        "price_per_quantity": "(\u20ac153.64 / 1 kg)",
        "stock_availability": "In stock, immediately available",
        "description": "The purple edible violet petals, the white colour coconut shavings and the real 23 carat edible gold flakes make this chocolate creation a real unique masterpiece of any kind of chocolate. It is not just eye-catching but makes you unbeleivable gourmet experience.",
        "primary_image": "https://www.heinemann-shop.com/medias/527Wx527H-null?context=bWFzdGVyfGltYWdlc3w0NTgzOXxpbWFnZS9qcGVnfGFEWmtMMmczTlM4eE1ESTFNRGs1TmpnME1qVXlOaTgxTWpkWGVEVXlOMGhmYm5Wc2JBfDllNTdjNTg2MWMxMDljMzMwM2QyYzRlMDEyZGExMmY2YjRkYmYxODIwMzE5MWEwYzgwMDRmNmNiZDMyNDgxZGI&v=1706049558655",
        "images": []
    },
    {
        "product_url": "https://www.heinemann-shop.com/en/global/ferrero-rocher/ferrero-rocher-tablet-dark-270g/p/000000000001496463/",
        "brand_name": "Ferrero Rocher",
        "brand_url": "https://www.heinemann-shop.com/en/global/ferrero-rocher/c/BRAND_5430/",
        "product_name": "Ferrero Rocher Tablet Dark 270g",
        "quantity": "0.27\u00a0kg",
        "price": "\u20ac13.70",
        "price_per_quantity": "(\u20ac50.74 / 1 kg)",
        "stock_availability": "In stock, immediately available",
        "description": "The world-famous Ferrero Rocher praline reinterpreted in a unique chocolate tablet shape, to take consumers\u2019 taste buds on a delicious chocolatey journey. An exclusive pack format dedicated to Travel Retail, reflecting a premium look and feel and containing 3 delicious Dark Chocolate Tablets.",
        "primary_image": "https://www.heinemann-shop.com/medias/527Wx527H-null?context=bWFzdGVyfGltYWdlc3w3OTg4MnxpbWFnZS9qcGVnfGFHTTJMMmc1T1M4eE1UY3dOVFV5TWpNNE9UQXlNaTgxTWpkWGVEVXlOMGhmYm5Wc2JBfGRiYTJmNDIyYzZhMTM2YjhkYzE3MmViOWJhZmMxOGYzY2FkOTQ2MzRiMGFkY2RmODg5NGU2YTE4MjAwNzkwZWI&v=1738284287902",
        "images": []
    },
    {
        "product_url": "https://www.heinemann-shop.com/en/global/haribo/haribo-happy-cola-450-g-halal/p/000000000001515188/",
        "brand_name": "Haribo",
        "brand_url": "https://www.heinemann-shop.com/en/global/haribo/c/BRAND_1079/",
        "product_name": "Haribo Happy-Cola 450 g Halal",
        "quantity": "0.45\u00a0kg",
        "price": "\u20ac5.50",
        "price_per_quantity": "(\u20ac12.22 / 1 kg)",
        "stock_availability": "In stock, immediately available",
        "description": "The classic HARIBO cola treat in halal, loved by young and old! Enjoy the cool cola flavour of HARIBO Happy Cola.",
        "primary_image": "https://www.heinemann-shop.com/medias/527Wx527H-null?context=bWFzdGVyfGltYWdlc3wxMDM2OTh8aW1hZ2UvanBlZ3xhR014TDJneVlTOHhNVEk0TmpBMU9USXlNVEF5TWk4MU1qZFhlRFV5TjBoZmJuVnNiQXwxMDUyYjM4MjQ0MzNjNjdmMzBiMmFhOGVlN2ExNGI3NGRlMzFlNzI1ZTY4YmNhMzk2NTg3MjlkYTFlNjA2MTcx&v=1729321902489",
        "images": []
    },
    {
        "product_url": "https://www.heinemann-shop.com/en/global/reber/reber-mozart-kugel-portrait-box-without-alcohol-120g/p/000000000001305391/",
        "brand_name": "Reber",
        "brand_url": "https://www.heinemann-shop.com/en/global/reber/c/BRAND_2097/",
        "product_name": "Reber Mozart Kugel Portrait box without alcohol 120g",
        "quantity": "0.12\u00a0kg",
        "price": "\u20ac6.30",
        "price_per_quantity": "(\u20ac52.50 / 1 kg)",
        "stock_availability": "In stock, immediately available",
        "description": "Unique and extraordinaire - the genuine Reber Mozart-Kugeln\u00ae exclusively filled with fine pistachio marzipan made of fresh, green pistachios and almonds in smooth melting hazelnut praline of freshly roasted hazelnuts covered with fine milk and dark chocolate.",
        "primary_image": "https://www.heinemann-shop.com/medias/527Wx527H-null?context=bWFzdGVyfGltYWdlc3w1NTc2MXxpbWFnZS9qcGVnfGFEQXhMMmhtT1M4NU56WXhNVFE1TURJMk16TTBMelV5TjFkNE5USTNTRjl1ZFd4c3wyZWZiYzYwMzJlMzY4NzdjZjg1NzRlMDMyZTI4YWY4ZjI2YTJmZWQwZWU3ZDc4ZTIyNDVlM2QwMzA0NzY5YWRj&v=1683168946667",
        "images": []
    },
    {
        "product_url": "https://www.heinemann-shop.com/en/global/ritter-sport/ritter-sport-milk-chocolate-bar-with-roasted-and-salted-pistachio-pieces/p/000000000001658765/",
        "brand_name": "Ritter Sport",
        "brand_url": "https://www.heinemann-shop.com/en/global/ritter-sport/c/BRAND_0476/",
        "product_name": "Ritter Sport milk chocolate bar with roasted and salted pistachio pieces",
        "quantity": "0.1\u00a0kg",
        "price": "\u20ac3.90",
        "price_per_quantity": "(\u20ac39.00 / 1 kg)",
        "stock_availability": "In stock, immediately available",
        "description": "Opposites attract: crunchy, salty pistachio pieces meet deliciously sweet milk chocolate to create a unique flavour combination in our nut selection!",
        "primary_image": "https://www.heinemann-shop.com/medias/527Wx527H-null?context=bWFzdGVyfGltYWdlc3w2MDcyMXxpbWFnZS9qcGVnfGFEQmxMMmcxTnk4eE1USTROVE15TVRJMU1qZzVOQzgxTWpkWGVEVXlOMGhmYm5Wc2JBfGE1Y2Y4YmVmNWJhOTY5Y2QxMGEwMTY5NWYwMzBiYmE2Y2NkODU3NWQ0NGRmMDM5YzBjYWI3NmI5ZGUyNjlhNmM&v=1729311104674",
        "images": []
    },
    {
        "product_url": "https://www.heinemann-shop.com/en/global/ritter-sport/ritter-sport-dark-whole-hazelnuts-100-g/p/000000000001187568/",
        "brand_name": "Ritter Sport",
        "brand_url": "https://www.heinemann-shop.com/en/global/ritter-sport/c/BRAND_0476/",
        "product_name": "Ritter Sport Dark Whole Hazelnuts 100 g",
        "quantity": "0.1\u00a0kg",
        "price": "",
        "price_per_quantity": "(\u20ac39.00 / 1 kg)",
        "stock_availability": "",
        "description": "In case anyone is still in the dark about the secret behind this chocolate bar, it is the many hazelnuts you can already see outlined in the firm dark chocolate: hand-picked and roast to a golden brown. But why not try it for yourself and see whether it puts all other varieties in the shade.",
        "primary_image": "https://www.heinemann-shop.com/medias/527Wx527H-null?context=bWFzdGVyfGltYWdlc3w2NTc3NXxpbWFnZS9qcGVnfGFHSmtMMmc0WVM4eE1USTRORFU0TnpVM056TTNOQzgxTWpkWGVEVXlOMGhmYm5Wc2JBfGRlMmM1OWY2NGQ0NDU1MzRhZTAwOGQ5MjljNmMyZDI0ZGNlNjlhOTAwYzRhNDUxN2E5NTA5OWViODY3OWFkODA&v=1729293857680",
        "images": []
    },
    {
        "product_url": "https://www.heinemann-shop.com/en/global/ritter-sport/ritter-sport-white-whole-hazelnuts-100-g/p/000000000001187567/",
        "brand_name": "Ritter Sport",
        "brand_url": "https://www.heinemann-shop.com/en/global/ritter-sport/c/BRAND_0476/",
        "product_name": "Ritter Sport White Whole Hazelnuts 100 g",
        "quantity": "0.1\u00a0kg",
        "price": "",
        "price_per_quantity": "(\u20ac39.00 / 1 kg)",
        "stock_availability": "",
        "description": "Though this bar is in pure white, it hides a whole spectrum of nuanced flavours: from aromatic cocoa butter with hints of milk and vanilla to crunchy hazelnuts and rice crisps. Simply pure pleasure for the palate.",
        "primary_image": "https://www.heinemann-shop.com/medias/527Wx527H-null?context=bWFzdGVyfGltYWdlc3w2Mjg0M3xpbWFnZS9qcGVnfGFHVXlMMmc1TkM4eE1USTRORFU0TnpJNE1qUTJNaTgxTWpkWGVEVXlOMGhmYm5Wc2JBfGVmMzg4ZmY1N2JkNGY3MWUyM2Q3MDBiZTQ0YjU5NzhjZWUyNjI2ZThlNmE3ZDAzZTE5MTI2MWUyN2Q4MWIwZWM&v=1729293837947",
        "images": []
    },
    {
        "product_url": "https://www.heinemann-shop.com/en/global/lindt/lindt-gold-bar-milk-raisin-hazelnut-300g/p/000000000000163780/",
        "brand_name": "Lindt",
        "brand_url": "https://www.heinemann-shop.com/en/global/lindt/c/BRAND_1486/",
        "product_name": "Lindt Gold Bar Milk Raisin Hazelnut 300g",
        "quantity": "0.3\u00a0kg",
        "price": "\u20ac16.90",
        "price_per_quantity": "(\u20ac56.33 / 1 kg)",
        "stock_availability": "In stock, immediately available",
        "description": "Enjoy finest Swiss Milk Chocolate with a fruity raisin and nut flavour from LINDT. Presented in premium golden packaging, this Gold Tablet is the perfect gift for any occasion, or just a treat to enjoy yourself.",
        "primary_image": "https://www.heinemann-shop.com/medias/527Wx527H-null?context=bWFzdGVyfGltYWdlc3wzNDA1OXxpbWFnZS9qcGVnfGFEWmtMMmhsTWk4eE1USTROVE0wTURNNE9UUXdOaTgxTWpkWGVEVXlOMGhmYm5Wc2JBfDk5NmQxYTVmYWU2MjkxOGU4ZTk0NWI2ZjVjYmQ0NWRjYTVmZDRmOWVjNGU1NGJjYTI3NDViMTIzNjYyOTNjNGM&v=1729313106204",
        "images": []
    },
    {
        "product_url": "https://www.heinemann-shop.com/en/global/tony-s/tony-s-chocolonely-fairtrade-milkchocolate-with-at-least-32vol-cacoa-solids-and-nougat-made-in-belgium-240g/p/000000000001478456/",
        "brand_name": "Tony's",
        "brand_url": "https://www.heinemann-shop.com/en/global/tony-s/c/BRAND_7165/",
        "product_name": "Tony's Chocolonely Fairtrade milkchocolate with at least 32% cacoa solids and nougat. Made in Belgium. 240g",
        "quantity": "0.24\u00a0kg",
        "price": "\u20ac8.50",
        "price_per_quantity": "(\u20ac35.42 / 1 kg)",
        "stock_availability": "In stock, immediately available",
        "description": "\"Late 2011 we developed three Limited Eddtions flavour Tony's bars. One of which was chosen as an absolute favourite. We added it to the Tony's family permanently.",
        "primary_image": "https://www.heinemann-shop.com/medias/1478456-527Wx527H?context=bWFzdGVyfGltYWdlc3w0NTE3N3xpbWFnZS9qcGVnfGFEa3hMMmd5Tmk4NU5qazBNRFU1TVRNMU1EQTJMekUwTnpnME5UWmZOVEkzVjNnMU1qZEl8MjRmN2NiYTFhNzcyZmIwYWYyMTI3NWIxMmIyZTZkOWJmZWY2YjY3ZDE3NjEyMjVlYWNmMjQxNmQ2OTFiMzM0Nw&v=1657314063140",
        "images": []
    },
    {
        "product_url": "https://www.heinemann-shop.com/en/global/victor-schmidt/victor-schmidt-austria-mozart-balls-white-edition-231g/p/000000000001518734/",
        "brand_name": "Victor Schmidt",
        "brand_url": "https://www.heinemann-shop.com/en/global/victor-schmidt/c/BRAND_0983/",
        "product_name": "Victor Schmidt Austria Mozart balls White Edition 231g",
        "quantity": "0.231\u00a0kg",
        "price": "",
        "price_per_quantity": "(\u20ac34.59 / 1 kg)",
        "stock_availability": "",
        "description": "Discover Victor Schmidt\u2019s white edition: a coat of finest white chocolate tenderly infolds the pralines\u2019 centrepiece of delicious marzipan and nougat. Like our entire product range, Victor Schmidt\u2019s white edition only uses cocoa that is Fairtrade-certified and roasted in-house.",
        "primary_image": "https://www.heinemann-shop.com/medias/527Wx527H-null?context=bWFzdGVyfGltYWdlc3w0MjU1OXxpbWFnZS9qcGVnfGFEYzNMMmhtWWk4NU56STJORFE0TXpBME1UVTRMelV5TjFkNE5USTNTRjl1ZFd4c3w5ZjYzZGU3ZDBiZjE0YTdmYzRmYzgzMTU0MWYzNGExY2Y1OTJkZjBiOTAzMzMxMTA1M2Q2ZWFkN2JmMWFiMmEy&v=1672696607870",
        "images": []
    },
    {
        "product_url": "https://www.heinemann-shop.com/en/global/ohde/ohde-fruity-200g/p/000000000001454912/",
        "brand_name": "Ohde",
        "brand_url": "https://www.heinemann-shop.com/en/global/ohde/c/BRAND_8377/",
        "product_name": "Ohde fruity 200g",
        "quantity": "0.175\u00a0kg",
        "price": "",
        "price_per_quantity": "(\u20ac170.86 / 1 kg)",
        "stock_availability": "",
        "description": "Berlin marzipan with a special appreciation for premium quality, a high content of almonds, less sugar, purity of ingredients and creative design. Enjoy OHDE marzipan in a fresh and contemporary way!",
        "primary_image": "",
        "images": []
    },
    {
        "product_url": "https://www.heinemann-shop.com/en/global/tony-s/tony-s-chocolonely-fairtrade-milkchocolate-with-at-least-32vol-cacao-solids-and-caramel-and-seasalt-made-in-belgian-240g/p/000000000001478454/",
        "brand_name": "Tony's",
        "brand_url": "https://www.heinemann-shop.com/en/global/tony-s/c/BRAND_7165/",
        "product_name": "Tony's Chocolonely Fairtrade milkchocolate with at least 32% cacao solids and caramel and seasalt. Made in Belgian. 240g",
        "quantity": "0.24\u00a0kg",
        "price": "\u20ac8.50",
        "price_per_quantity": "(\u20ac35.42 / 1 kg)",
        "stock_availability": "In stock, immediately available",
        "description": "\"Tony\u2019s milk chocolate like you know and love, filled up with pieces of caramel and crunchy sea salt. This flavour was once a limited edition, but because we couldn't imagine a world in which we would never taste it again, we added it to our regular lineup.",
        "primary_image": "https://www.heinemann-shop.com/medias/527Wx527H-null?context=bWFzdGVyfGltYWdlc3w0ODc0OXxpbWFnZS9qcGVnfGFERmpMMmczT1M4eE1EUXhPVGsxTlRRMk5qSTNNQzgxTWpkWGVEVXlOMGhmYm5Wc2JBfDQzNTc1MmVhYTdlNDAxNmVmMTQyZGYzOWRjZDUzYTI2ZWM0OWNiZDgyOWI4MjdlMmI5ZjI5YjgzNzY3NzE3OGM&v=1709931997041",
        "images": [
            "https://www.heinemann-shop.com/medias/527Wx527H-null?context=bWFzdGVyfGltYWdlc3w0ODc0OXxpbWFnZS9qcGVnfGFERmpMMmczT1M4eE1EUXhPVGsxTlRRMk5qSTNNQzgxTWpkWGVEVXlOMGhmYm5Wc2JBfDQzNTc1MmVhYTdlNDAxNmVmMTQyZGYzOWRjZDUzYTI2ZWM0OWNiZDgyOWI4MjdlMmI5ZjI5YjgzNzY3NzE3OGM&v=1709931997041",
            "https://www.heinemann-shop.com/medias/527Wx527H-null?context=bWFzdGVyfGltYWdlc3w1NDMxMnxpbWFnZS9qcGVnfGFEa3dMMmhpTnk4eE1EUXhPVGsyTlRReU56YzBNaTgxTWpkWGVEVXlOMGhmYm5Wc2JBfDYxMzUyOTFhYjg1OGEzMDM5YTk3OGVmODBlMmY3OWE1ZTFjZWZiMDljZWM1MmE2MzQ0YWMxZDVjMTAzNzQ0Y2Q&v=1709932289713"
        ]
    },
    {
        "product_url": "https://www.heinemann-shop.com/en/global/ritter-sport/ritter-sport-marcipan-100g/p/000000000000020320/",
        "brand_name": "Ritter Sport",
        "brand_url": "https://www.heinemann-shop.com/en/global/ritter-sport/c/BRAND_0476/",
        "product_name": "Ritter Sport Marcipan, 100g",
        "quantity": "0.1\u00a0kg",
        "price": "",
        "price_per_quantity": "(\u20ac35.00 / 1 kg)",
        "stock_availability": "",
        "description": "Ritter Sport Marzipan is probably the most delicious thing that can happen to an almond. 36% of the best sweet Californian almonds proudly reside in its 44% fine marzipan filling. A hint of bitter almonds rounds off the marzipan taste with a subtle, tangy flavour. To ensure that such a fine marzipan as this receives only the best coating, we make it a crunchy dark chocolate shell perfected with fine, fruity, aromatic cocoas.",
        "primary_image": "https://www.heinemann-shop.com/medias/527Wx527H-null?context=bWFzdGVyfGltYWdlc3w1NDkxNnxpbWFnZS9qcGVnfGFEZ3pMMmczTkM4eE1USTROREF3TXpjeE56RTFNQzgxTWpkWGVEVXlOMGhmYm5Wc2JBfGEyMWIzYzc4MjcxYmI4ZWJiNzE1ZTU3MjI2M2Q5YzUzMzE5ZmYxYzEzNWIxY2RiNGY3ZGEzZDA3YWFiODUyN2M&v=1729286922459",
        "images": []
    },
    {
        "product_url": "https://www.heinemann-shop.com/en/global/ritter-sport/ritter-sport-peppermint-100g/p/000000000001068611/",
        "brand_name": "Ritter Sport",
        "brand_url": "https://www.heinemann-shop.com/en/global/ritter-sport/c/BRAND_0476/",
        "product_name": "Ritter Sport Peppermint 100g",
        "quantity": "0.1\u00a0kg",
        "price": "\u20ac3.70",
        "price_per_quantity": "(\u20ac37.00 / 1 kg)",
        "stock_availability": "In stock",
        "description": "What makes the peppermint taste in RITTER SPORT Peppermint so especially fresh? When we make it, we do not use any mint flavourings, but only real peppermint oil from China. Rich, dark chocolate, perfectly blended with fine cocoas, covers a delicate peppermint fondant filling. Their contrasting qualities combine to form one smooth taste experience. And all this before eight o\u2019clock.",
        "primary_image": "https://www.heinemann-shop.com/medias/527Wx527H-null?context=bWFzdGVyfGltYWdlc3w1NzkyMXxpbWFnZS9qcGVnfGFHWTJMMmd6WWk4eE1USTRORFUzTlRFMU9ETXdNaTgxTWpkWGVEVXlOMGhmYm5Wc2JBfGEzOTMwY2FhMTNkOWIyNzVhNWU5NmYwZWIwZTkxNzMwZGQ4NDNhZDU2ZmVlNzYxZGQyYTIxNDkwNzdkZDgwYmE&v=1729292511146",
        "images": []
    },
    {
        "product_url": "https://www.heinemann-shop.com/en/global/baratti-milano/baratti-milano-limoncello-ballotin-150g/p/000000000001137218/",
        "brand_name": "Baratti & Milano",
        "brand_url": "https://www.heinemann-shop.com/en/global/baratti-milano/c/BRAND_2506/",
        "product_name": "Baratti & Milano Limoncello Ballotin 150g",
        "quantity": "0.15\u00a0kg",
        "price": "\u20ac11.90",
        "price_per_quantity": "(\u20ac79.33 / 1 kg)",
        "stock_availability": "In stock, immediately available",
        "description": "Following the great success of the Limoncello liqueur, this typical italian product, Baratti has created this exceptional praline. The white chocolate coating makes this product very suitable also fot the warmer season.",
        "primary_image": "https://www.heinemann-shop.com/medias/527Wx527H-null?context=bWFzdGVyfGltYWdlc3w2ODkzMXxpbWFnZS9qcGVnfGFEazNMMmcwTlM4NU56WXhNVEkyT0RReU16azRMelV5TjFkNE5USTNTRjl1ZFd4c3xiNTE5NDU1YzliYzJmN2QwMTM4YjhhNjljNzM3NzZlMjQzMGJiOWU3ZDYxYzA3ZmE5MzI2MWY3YzdhYTY3ZTY3&v=1683157808149",
        "images": []
    },
    {
        "product_url": "https://www.heinemann-shop.com/en/global/mars/mars-super-mixed-minis-bag-650g/p/000000000000738562/",
        "brand_name": "Mars",
        "brand_url": "https://www.heinemann-shop.com/en/global/mars/c/BRAND_0707/",
        "product_name": "Mars Super Mixed Minis Bag 650g",
        "quantity": "0.65\u00a0kg",
        "price": "\u20ac16.90",
        "price_per_quantity": "(\u20ac26.00 / 1 kg)",
        "stock_availability": "In stock, immediately available",
        "description": "An easy pouch full of all your favourite chocolate bars in a mini-format. Mars, Snickers, Bounty and Milky Way. Share them with all your friends or family \u2013 there's plenty to go round.",
        "primary_image": "https://www.heinemann-shop.com/medias/527Wx527H-null?context=bWFzdGVyfGltYWdlc3w5NDE4MHxpbWFnZS9qcGVnfGFEazJMMmhtWlM4eE1EUTFNemszT1RnNE9UWTVOQzgxTWpkWGVEVXlOMGhmYm5Wc2JBfDRlODAzNjI0NGNjYTZjY2EyYmY1M2I3MjRhOWRhNjgyYzcyOWEwMTdkODQ5YjEyNTMyODJmNzI3ZWJmNjhlNDk&v=1710799578848",
        "images": []
    },
    {
        "product_url": "https://www.heinemann-shop.com/en/global/kinder/kinder-country-211-5g/p/000000000000737394/",
        "brand_name": "Kinder",
        "brand_url": "https://www.heinemann-shop.com/en/global/kinder/c/BRAND_4645/",
        "product_name": "Kinder Country, 211,5g",
        "quantity": "0.211\u00a0kg",
        "price": "\u20ac5.70",
        "price_per_quantity": "(\u20ac27.01 / 1 kg)",
        "stock_availability": "In stock, immediately available",
        "description": "Kinder Country contains a delicious milky filling and the great taste of a mix of 5 different crunchy cereals (barley, rice, wheat, spelt and buckwheat), simply puffed and toasted, all wrapped in a fine milk chocolate coating.",
        "primary_image": "https://www.heinemann-shop.com/medias/527Wx527H-null?context=bWFzdGVyfGltYWdlc3w2ODIzNnxpbWFnZS9qcGVnfGFHSmlMMmcyTVM4eE1USTVPRGs1TWpReU1qazBNaTgxTWpkWGVEVXlOMGhmYm5Wc2JBfGJkZGExOWY4ZDJhMTY1ZDIwODAyZDJlMGI2MDljMDYwYmE4MzIxZjlhZWU2NjY3YTA4ZjcwNWRlYTFiNzkxYjY&v=1729550110272",
        "images": []
    },
    {
        "product_url": "https://www.heinemann-shop.com/en/global/confiserie-felicitas/confiserie-felicitas-4pc-chocolate-box-ampelmann-50g/p/000000000001264174/",
        "brand_name": "Confiserie Felicitas",
        "brand_url": "https://www.heinemann-shop.com/en/global/confiserie-felicitas/c/BRAND_2939/",
        "product_name": "Confiserie Felicitas, 4pc. chocolate box Ampelmann 50g",
        "quantity": "0.05\u00a0kg",
        "price": "\u20ac10.50",
        "price_per_quantity": "(\u20ac210.00 / 1 kg)",
        "stock_availability": "In stock",
        "description": "Finest Belgian chocolate, filled with nougat and created by the caring hand of our chocolatier - enjoy these unique chocolates with Ampelmann-motives from our local manufacture. You are lucky: These are original Felicitas specialties! Ampelmann is a well-known Berlin brand and a living symbol of a reunified Germany.",
        "primary_image": "https://www.heinemann-shop.com/medias/1264174-527Wx527H?context=bWFzdGVyfGltYWdlc3w2ODkyMXxpbWFnZS9qcGVnfGFHRTVMMmd4Tnk4NU5qa3hOamt6TmpRMU9EVTBMekV5TmpReE56UmZOVEkzVjNnMU1qZEl8OTY1NTI3NTFjMTBlMjczODY1YjE0YjIwNThhODRkMTgyMmRlYjRjZDA5OWQ2NWU3ZTY5MWZlNjk4ZDQ0YTRlMg&v=1656362496712",
        "images": []
    },
    {
        "product_url": "https://www.heinemann-shop.com/en/global/antica-torroneria-del-piemonte/antica-torroneria-del-piemontese-pistachio-sweet-truffles-box-125g/p/000000000001304143/",
        "brand_name": "Antica Torroneria del Piemonte",
        "brand_url": "https://www.heinemann-shop.com/en/global/antica-torroneria-del-piemonte/c/BRAND_6971/",
        "product_name": "Antica Torroneria del Piemontese Pistachio sweet truffles box 125g",
        "quantity": "0.125\u00a0kg",
        "price": "\u20ac9.90",
        "price_per_quantity": "(\u20ac79.20 / 1 kg)",
        "stock_availability": "In stock",
        "description": "White chocolate with pistachios in pieces and in paste, manufactured in a particular way to create an unique sweet with an extraordinary texture.",
        "primary_image": "https://www.heinemann-shop.com/medias/527Wx527H-null?context=bWFzdGVyfGltYWdlc3w0Mjk1N3xpbWFnZS9qcGVnfGFETXpMMmc0TVM4eE1ERXlOVGN6T1RFMk16WTNPQzgxTWpkWGVEVXlOMGhmYm5Wc2JBfDIxNTViODU4MTQwMTk2ZTVlMzVlMzg2MjI5NTFjNDJkNWI4YzE1ZTJkZWNmOGVmMDc2YmNmNjVmZjY0YTEyZjY&v=1702942655242",
        "images": []
    },
    {
        "product_url": "https://www.heinemann-shop.com/en/global/anthon-berg/anthon-berg-petit-orange-225g/p/000000000000002518/",
        "brand_name": "Anthon Berg",
        "brand_url": "https://www.heinemann-shop.com/en/global/anthon-berg/c/BRAND_0604/",
        "product_name": "Anthon Berg Petit Orange 225g",
        "quantity": "0.225\u00a0kg",
        "price": "\u20ac9.30",
        "price_per_quantity": "(\u20ac41.33 / 1 kg)",
        "stock_availability": "In stock, immediately available",
        "description": "Anthon Berg Petite Orange are dark chocolate-coated marzipan miniatures with orange filling",
        "primary_image": "https://www.heinemann-shop.com/medias/527Wx527H-null?context=bWFzdGVyfGltYWdlc3w0MzkxN3xpbWFnZS9qcGVnfGFHVXhMMmc0TWk4NU56ZzJOVFl3TkRjNU1qWXlMelV5TjFkNE5USTNTRjl1ZFd4c3wxMjQ2MDU4NGViOGNlZmQ0ZjVlZGUxZjAxZDNjMWMzM2E0MTUwNGQ5OGU2YTI0MDBkNzBiNzg1ZWJmNmZiNmRl&v=1689234490883",
        "images": []
    },
    {
        "product_url": "https://www.heinemann-shop.com/en/global/felber/felber-milk-chocolate-filled-with-strawberry-cream-70g/p/000000000000544148/",
        "brand_name": "Felber",
        "brand_url": "https://www.heinemann-shop.com/en/global/felber/c/BRAND_3771/",
        "product_name": "Felber milk chocolate filled with strawberry cream 70g",
        "quantity": "0.07\u00a0kg",
        "price": "\u20ac5.49",
        "price_per_quantity": "(\u20ac78.43 / 1 kg)",
        "stock_availability": "",
        "description": "Gorgeous chocolate compositons from high quality ingredients and premium materials. We prefer to use products from our country.",
        "primary_image": "https://www.heinemann-shop.com/medias/544148-527Wx527H?context=bWFzdGVyfGltYWdlc3w3NjUzMnxpbWFnZS9qcGVnfGFXMWhaMlZ6TDJobVpTOW9aVGt2T1RNek9UUTVORE0yTnpJMk1pNXFjR2N8NGYwZTFlODRiODZhMWM1ZTU4NTNlNzg0N2NkOTA3Zjk5ZWI1YWUxMTdhODM0Mzg5YjBhNWMxYWNkMWYwNTI2ZA&v=1576773672876",
        "images": []
    },
    {
        "product_url": "https://www.heinemann-shop.com/en/global/ricola/ricola-original-herb-drops-sugar-free-75g/p/000000000001682265/",
        "brand_name": "Ricola",
        "brand_url": "https://www.heinemann-shop.com/en/global/ricola/c/BRAND_0486/",
        "product_name": "Ricola original herb drops sugar free 75g",
        "quantity": "0.075\u00a0kg",
        "price": "",
        "price_per_quantity": "(\u20ac70.67 / 1 kg)",
        "stock_availability": "",
        "description": "The original herb drop has a familiar, aromatic taste and is highly effective at relieving coughs and sore throats. The recipe used to make the original herb drops loved by people around the world has not changed since 1940 and is a closely guarded secret. Without giving too much away, the special quality of the original herb drop comes from the 13 herbs used in the recipe: horehound, burnet, speedwell, marshmallow plant, lady\u2019s mantle, elder blossom, mallow, peppermint, sage, yarrow, cowslip, plantain and thyme.",
        "primary_image": "https://www.heinemann-shop.com/medias/527Wx527H-null?context=bWFzdGVyfGltYWdlc3w0OTE0MHxpbWFnZS9qcGVnfGFEVXlMMmcwTUM4eE1UZ3dNREk0T0RBek5EZzBOaTgxTWpkWGVEVXlOMGhmYm5Wc2JBfGRiMGJjZGVhOThlMzgzYTJjYTNlMDE5YmFlZjcxMDczOWUxMDI4NTQzOGFkOGUyZGNiZGVkZGVhMTZlYTg3MzM&v=1740172382494",
        "images": []
    },
    {
        "product_url": "https://www.heinemann-shop.com/en/global/niederegger/niederegger-marzipan-classics-in-dark-chocolate-200g/p/000000000001473715/",
        "brand_name": "Niederegger",
        "brand_url": "https://www.heinemann-shop.com/en/global/niederegger/c/BRAND_1439/",
        "product_name": "Niederegger Marzipan classics in dark chocolate 200g",
        "quantity": "0.2\u00a0kg",
        "price": "\u20ac10.90",
        "price_per_quantity": "(\u20ac54.50 / 1 kg)",
        "stock_availability": "In stock, immediately available",
        "description": "The absolute classic among Niederegger marzipan specialities: pure marzipan coated in crisp dark chocolate.",
        "primary_image": "https://www.heinemann-shop.com/medias/527Wx527H-null?context=bWFzdGVyfGltYWdlc3w0Nzg2OHxpbWFnZS9qcGVnfGFHSXpMMmd3WkM4eE1UYzRPVGc0TlRVd05UVTJOaTgxTWpkWGVEVXlOMGhmYm5Wc2JBfDUxNzI1YzgwOGU1NTBjZTI2NTdjNTZlNjkyZWJlMzUwMWUyMjk0NzZkZDk4MTk1NjFlZDlhNjdmYTJjODliYzc&v=1740000384253",
        "images": [
            "https://www.heinemann-shop.com/medias/527Wx527H-null?context=bWFzdGVyfGltYWdlc3w0Nzg2OHxpbWFnZS9qcGVnfGFHSXpMMmd3WkM4eE1UYzRPVGc0TlRVd05UVTJOaTgxTWpkWGVEVXlOMGhmYm5Wc2JBfDUxNzI1YzgwOGU1NTBjZTI2NTdjNTZlNjkyZWJlMzUwMWUyMjk0NzZkZDk4MTk1NjFlZDlhNjdmYTJjODliYzc&v=1740000384253",
            "https://www.heinemann-shop.com/medias/527Wx527H-null?context=bWFzdGVyfGltYWdlc3w3MDI5MXxpbWFnZS9qcGVnfGFHUmhMMmhoWkM4eE1UYzRPVGc1TURReU1EYzJOaTgxTWpkWGVEVXlOMGhmYm5Wc2JBfDkyYzFmNDM3OWYxOTYyOWVkNjRlYmY4MjE5MGU2M2QzY2FkNGZiZjhlZGY5ZGQ4ZGMyZjk0NTliMmQ1Yjg4Y2M&v=1740000640668"
        ]
    },
    {
        "product_url": "https://www.heinemann-shop.com/en/global/niederegger/niederegger-marzipan-classic-variations-in-dark-chocolate-400g/p/000000000001473717/",
        "brand_name": "Niederegger",
        "brand_url": "https://www.heinemann-shop.com/en/global/niederegger/c/BRAND_1439/",
        "product_name": "Niederegger Marzipan classic variations in dark chocolate 400g",
        "quantity": "0.4\u00a0kg",
        "price": "\u20ac21.90",
        "price_per_quantity": "(\u20ac54.75 / 1 kg)",
        "stock_availability": "In stock, immediately available",
        "description": "Classics collection are available in a dazzling array of varieties. The 400g package contains the flavours espresso, milk chocolate, gin & tonic, classic, orange, pineapple, rum croquant, apple calvados and pistachio.",
        "primary_image": "https://www.heinemann-shop.com/medias/527Wx527H-null?context=bWFzdGVyfGltYWdlc3w4MDM5MHxpbWFnZS9qcGVnfGFEQTFMMmcwWXk4eE1UYzRPVGc0TmpBNU5UTTVNQzgxTWpkWGVEVXlOMGhmYm5Wc2JBfDE2YjQ0NzQ4ZDA0NDBjNjZmYjY2YTg3NjgxODI1MzcwNzQzYTQ0YmI2ODc1YWViNTUzNmNiZTRjODdjN2FhMGM&v=1740000418638",
        "images": [
            "https://www.heinemann-shop.com/medias/527Wx527H-null?context=bWFzdGVyfGltYWdlc3w4MDM5MHxpbWFnZS9qcGVnfGFEQTFMMmcwWXk4eE1UYzRPVGc0TmpBNU5UTTVNQzgxTWpkWGVEVXlOMGhmYm5Wc2JBfDE2YjQ0NzQ4ZDA0NDBjNjZmYjY2YTg3NjgxODI1MzcwNzQzYTQ0YmI2ODc1YWViNTUzNmNiZTRjODdjN2FhMGM&v=1740000418638",
            "https://www.heinemann-shop.com/medias/527Wx527H-null?context=bWFzdGVyfGltYWdlc3w4MzM3MnxpbWFnZS9qcGVnfGFESTNMMmhpWmk4eE1UYzRPVGc1TURrME5UQTFOQzgxTWpkWGVEVXlOMGhmYm5Wc2JBfGFhYTU0MzY2ZmE4Mjc5YjM5OGQ3Y2VmM2IzNWMxNzJiOGRhMDU4N2E2MWVlYTQxYjlhYzUyODc4MzdiODFkNGE&v=1740000661077"
        ]
    },
    {
        "product_url": "https://www.heinemann-shop.com/en/global/pischinger/pischinger-vienna-biscuits-3-pack-135g/p/000000000001250843/",
        "brand_name": "Pischinger",
        "brand_url": "https://www.heinemann-shop.com/en/global/pischinger/c/BRAND_2732/",
        "product_name": "Pischinger Vienna Biscuits 3-pack 135g",
        "quantity": "0.135\u00a0kg",
        "price": "\u20ac8.99",
        "price_per_quantity": "(\u20ac66.59 / 1 kg)",
        "stock_availability": "",
        "description": "Finest hazelnut brittle filling in finest whole milk chocolate.",
        "primary_image": "https://www.heinemann-shop.com/medias/1250843-527Wx527H?context=bWFzdGVyfGltYWdlc3w1NDAxMnxpbWFnZS9qcGVnfGFEWmxMMmhoT0M4NU5qWXpOakl3T0RjME1qY3dMekV5TlRBNE5ETmZOVEkzVjNnMU1qZEl8YTNhZTM0MWY2Mjc4NDIzNmU1YjJmZTJkZmVjZjdhMGUyOTNjYjgyMTE5NmFmOTRlY2JlMzU4ODA5YTI2MWMyMg&v=1646946960916",
        "images": []
    },
    {
        "product_url": "https://www.heinemann-shop.com/en/global/oreo/oreo-classic-biscuit-176g/p/000000000000248528/",
        "brand_name": "Oreo",
        "brand_url": "https://www.heinemann-shop.com/en/global/oreo/c/BRAND_4182/",
        "product_name": "Oreo Classic Biscuit 176g",
        "quantity": "0.176\u00a0kg",
        "price": "\u20ac4.90",
        "price_per_quantity": "(\u20ac27.84 / 1 kg)",
        "stock_availability": "In stock, immediately available",
        "description": "The original OREO: a chocolate flavored crispy sandwich cookie with a delicious vanilla cream filling. Ideal for sharing.",
        "primary_image": "https://www.heinemann-shop.com/medias/527Wx527H-null?context=bWFzdGVyfGltYWdlc3w1MDUwNHxpbWFnZS9qcGVnfGFEWTFMMmhrTlM4eE1EVXlOVEkxTnpnMU9URXdNaTgxTWpkWGVEVXlOMGhmYm5Wc2JBfDE2MmU1ZjE3N2YyMWU1ZjNkM2JmNDc2NzNmZDg4YTYzNGQ5MGNjNjA5NzY2Zjc0MDlkMDJlNjM0MDhmMGQzNzU&v=1712181123431",
        "images": []
    },
    {
        "product_url": "https://www.heinemann-shop.com/en/global/ricola/ricola-original-herb-drops-sugar-free-75g/p/000000000001298628/",
        "brand_name": "Ricola",
        "brand_url": "https://www.heinemann-shop.com/en/global/ricola/c/BRAND_0486/",
        "product_name": "Ricola original herb drops sugar free 75g",
        "quantity": "0.075\u00a0kg",
        "price": "",
        "price_per_quantity": "(\u20ac70.67 / 1 kg)",
        "stock_availability": "",
        "description": "The original herb drop has a familiar, aromatic taste and is highly effective at relieving coughs and sore throats. The recipe used to make the original herb drops loved by people around the world has not changed since 1940 and is a closely guarded secret. Without giving too much away, the special quality of the original herb drop comes from the 13 herbs used in the recipe: horehound, burnet, speedwell, marshmallow plant, lady\u2019s mantle, elder blossom, mallow, peppermint, sage, yarrow, cowslip, plantain and thyme.",
        "primary_image": "https://www.heinemann-shop.com/medias/527Wx527H-null?context=bWFzdGVyfGltYWdlc3w0Njc1OHxpbWFnZS9qcGVnfGFEQTNMMmc1TVM4eE1EWTVNREl4TlRrek5qQXpNQzgxTWpkWGVEVXlOMGhmYm5Wc2JBfGNmNGY2MTFiZmFhNTU1MTdiNDFkYmNkZGYyZThlODExNDY5NGRiYzA2MmQ5YzBjMTM1MDkwYjM5NzJiNGQzNjY&v=1716502869516",
        "images": []
    },
    {
        "product_url": "https://www.heinemann-shop.com/en/global/m-m/m-m-s-choco-party-pack-1000g/p/000000000001000687/",
        "brand_name": "M&M",
        "brand_url": "https://www.heinemann-shop.com/en/global/m-m/c/BRAND_2969/",
        "product_name": "M&M's Choco Party Pack 1000g",
        "quantity": "1\u00a0kg",
        "price": "\u20ac23.50",
        "price_per_quantity": "(\u20ac23.50 / 1 kg)",
        "stock_availability": "",
        "description": "These world-famous chocolates in a colourful candy shell are instantly recognisable all over the globe. With this kilo pouch of M&M's Choco, you have enough to share with your friends and family.",
        "primary_image": "https://www.heinemann-shop.com/medias/527Wx527H-null?context=bWFzdGVyfGltYWdlc3w3MDU3MXxpbWFnZS9qcGVnfGFEaGxMMmhtTnk4NU9EQXdPREl3TURZME1qZzJMelV5TjFkNE5USTNTRjl1ZFd4c3wwMTBjZDAyNmQ2MDY3Njk3YWMzZDNjYzQzZjE0ZWFiYmQ0MGE3ZGY2MDMyNDNlYTg3MjNiOTFlNGI1YWY2NjYy&v=1691464227572",
        "images": []
    },
    {
        "product_url": "https://www.heinemann-shop.com/en/global/lakrids-by-buelow/buelow-passion-fruit-295g/p/000000000001401566/",
        "brand_name": "Lakrids by B\u00fclow",
        "brand_url": "https://www.heinemann-shop.com/en/global/lakrids-by-buelow/c/BRAND_7902/",
        "product_name": "B\u00fclow Passion Fruit 295g",
        "quantity": "0.295\u00a0kg",
        "price": "\u20ac17.50",
        "price_per_quantity": "(\u20ac59.32 / 1 kg)",
        "stock_availability": "In stock, immediately available",
        "description": "Sweet liquorice coated in exclusive white chocolate and persuasive passion fruit. The acidity of the passion fruit, the sweetness of the chocolate and the ability of the liquorice to unite these flavours gives a perfect bite. Sweet, sour and supreme \u2013 enclosed by a delicate, crunchy sugar shell.",
        "primary_image": "https://www.heinemann-shop.com/medias/527Wx527H-null?context=bWFzdGVyfGltYWdlc3w0ODIxMXxpbWFnZS9qcGVnfGFEUTRMMmd5Wmk4eE1UYzRNalkwTXpReE56RXhPQzgxTWpkWGVEVXlOMGhmYm5Wc2JBfDE1OTIwYTgzN2I4MjllNTNjZWI3ZmYzMDk5YjhhOGY0OWQ5ODU3ZDUyMmYwYzhlYzgxYjU3ZjliNjAxZjIwMzc&v=1739831650557",
        "images": []
    },
    {
        "product_url": "https://www.heinemann-shop.com/en/global/toblerone/toblerone-crunchy-almonds-100g/p/000000000001065403/",
        "brand_name": "Toblerone",
        "brand_url": "https://www.heinemann-shop.com/en/global/toblerone/c/BRAND_0485/",
        "product_name": "Toblerone Crunchy Almonds 100g",
        "quantity": "0.1\u00a0kg",
        "price": "",
        "price_per_quantity": "(\u20ac39.00 / 1 kg)",
        "stock_availability": "",
        "description": "Enjoy Toblerone, the iconic triangular chocolate from Switzerland, with a twist. The beloved Toblerone milk chocolate is now enriched with the crunchiness of caramelized almonds and a suprising drop of salt. The 100g format is a perfect size for a snack with surprising taste. Made in Switzerland.",
        "primary_image": "https://www.heinemann-shop.com/medias/527Wx527H-null?context=bWFzdGVyfGltYWdlc3wzMzY4MHxpbWFnZS9qcGVnfGFERTRMMmcwTmk4NU9EQXdPRGd4TWpBNU16YzBMelV5TjFkNE5USTNTRjl1ZFd4c3wxNWVkMjI1YjYzMWI4NGFhMTExYzBlYTIzMjY1MzJmNjMyZjFmOGU2OGZhMDZjNDQyZGFkYWE4Y2UzYjI1Mzgz&v=1691467515379",
        "images": []
    },
    {
        "product_url": "https://www.heinemann-shop.com/en/global/neuhaus/neuhaus-collection-discovery-box-mix-266g/p/000000000001494464/",
        "brand_name": "Neuhaus",
        "brand_url": "https://www.heinemann-shop.com/en/global/neuhaus/c/BRAND_1376/",
        "product_name": "Neuhaus Collection Discovery Box Mix 266g",
        "quantity": "0.266\u00a0kg",
        "price": "\u20ac39.90",
        "price_per_quantity": "(\u20ac150.00 / 1 kg)",
        "stock_availability": "In stock, immediately available",
        "description": "The Neuhaus Collection Discovery Box contains a selection of 24 timeless Neuhaus chocolats au lait, chocolats noirs & white filled chocolates. A contemporary and elegant gift box hand-filled with smooth fresh creams, pralin\u00e9s, ganaches, giandujas and caramels. We carefully select every ingredient, ensuring that every Neuhaus praline is of the highest quality and of 100% natural origin. All our products are made without GMOs and without palm oil. The perfect gift for any occasion or to keep for yourself.",
        "primary_image": "https://www.heinemann-shop.com/medias/527Wx527H-null?context=bWFzdGVyfGltYWdlc3w1MTAwNnxpbWFnZS9qcGVnfGFHSTVMMmhpTXk4NU9EQXhNVEkyTkRFeU16RTRMelV5TjFkNE5USTNTRjl1ZFd4c3w3NjM3MTFjOWQ0MmQzNzFhYzM3ZWZiZjJhNTA5ZTQ2ODUwOWYwNDcxODg4MDU0Mjc2YTg5ZjZjZTdlNjNjYjIz&v=1691500565105",
        "images": []
    },
    {
        "product_url": "https://www.heinemann-shop.com/en/global/daim/daim-snax-145g/p/000000000001024435/",
        "brand_name": "Daim",
        "brand_url": "https://www.heinemann-shop.com/en/global/daim/c/BRAND_4062/",
        "product_name": "Daim Snax 145g",
        "quantity": "0.145\u00a0kg",
        "price": "\u20ac5.70",
        "price_per_quantity": "(\u20ac39.31 / 1 kg)",
        "stock_availability": "In stock, immediately available",
        "description": "Discover new Daim Snax - an innovative mix of crunchy Daim caramel pieces, corn flakes and milk chocolate in bite size pieces exclusively available in travel retail. Ideal for snacking on the go.",
        "primary_image": "https://www.heinemann-shop.com/medias/527Wx527H-null?context=bWFzdGVyfGltYWdlc3w4OTg5OXxpbWFnZS9qcGVnfGFHRmhMMmhtTnk4NU9EQXdPREkxTURRMU1ESXlMelV5TjFkNE5USTNTRjl1ZFd4c3w1OTMyOGRmMGMxMjRmNWE3MWUzYWY1ODRjN2Q4NTI4NDJiMzFhNDJlMWZhNWI5ZjRiMWM1ODA3OTVlNDM1NDcx&v=1691465415379",
        "images": []
    },
    {
        "product_url": "https://www.heinemann-shop.com/en/global/lindt/maxi-plaisir-milk-hazelnut-150g/p/000000000001372254/",
        "brand_name": "Lindt",
        "brand_url": "https://www.heinemann-shop.com/en/global/lindt/c/BRAND_1486/",
        "product_name": "Maxi Plaisir Milk Hazelnut 150g",
        "quantity": "0.15\u00a0kg",
        "price": "",
        "price_per_quantity": "(\u20ac63.27 / 1 kg)",
        "stock_availability": "",
        "description": "Treat yourself with the mouthwatering Lindt Maxi Plaisir Milk Hazelnut. This delicious chocolate tablet comprises 34% whole aromatically roasted hazelnuts, surrounded by finest Swiss milk chocolate.",
        "primary_image": "https://www.heinemann-shop.com/medias/527Wx527H-null?context=bWFzdGVyfGltYWdlc3w2MjYwNHxpbWFnZS9qcGVnfGFHUmlMMmd3Tnk4eE1UUXdOekkxTWpFNU16TXhNQzgxTWpkWGVEVXlOMGhmYm5Wc2JBfDJmMDQxOTNiOTJjMDVjMmI1MWM0Mzk5ZmYzMDViOWI1MGVhM2I3NDYwNzIzM2FlMmQzZmQ4MWJhOGMyMjVhYjk&v=1731618433634",
        "images": []
    },
    {
        "product_url": "https://www.heinemann-shop.com/en/global/manner/manner-neapolitaner-400g/p/000000000001372233/",
        "brand_name": "Manner",
        "brand_url": "https://www.heinemann-shop.com/en/global/manner/c/BRAND_5535/",
        "product_name": "Manner Neapolitaner 400g",
        "quantity": "0.4\u00a0kg",
        "price": "\u20ac5.99",
        "price_per_quantity": "(\u20ac14.98 / 1 kg)",
        "stock_availability": "",
        "description": "Hazelnut cream filled wafers. Five layers of crispy wafers and four layers of delicate hazelnut-cocoa cream filling, with 12% hazelnuts.",
        "primary_image": "https://www.heinemann-shop.com/medias/527Wx527H-null?context=bWFzdGVyfGltYWdlc3w2NDE1MnxpbWFnZS9qcGVnfGFESmxMMmcwWkM4NU9USTBOVGsyTWpNMk16RTRMelV5TjFkNE5USTNTRjl1ZFd4c3wxZDMzY2M1Mzc4YjU0MDMzYjhmMzA0MDI3M2M4MjkxNjc2MWIxNjZlYWE5NTZlNDQyYzAzOTg0MzIxMDVkZDk1&v=1697665015524",
        "images": []
    },
    {
        "product_url": "https://www.heinemann-shop.com/en/global/dumle/dumle-mix3-standing-bag-350g/p/000000000001068005/",
        "brand_name": "Dumle",
        "brand_url": "https://www.heinemann-shop.com/en/global/dumle/c/BRAND_6808/",
        "product_name": "Dumle Mix3 standing bag 350g",
        "quantity": "0.35\u00a0kg",
        "price": "\u20ac7.90",
        "price_per_quantity": "(\u20ac22.57 / 1 kg)",
        "stock_availability": "In stock, immediately available",
        "description": "Dumle brings out the twinkle in your eyes. It is a combination of soft chewy caramel toffee and smooth Fazer Chocolate. Three tastes: Original, Liquorice and Dark chocolate.",
        "primary_image": "https://www.heinemann-shop.com/medias/527Wx527H-null?context=bWFzdGVyfGltYWdlc3w4MjkwM3xpbWFnZS9qcGVnfGFEZG1MMmhqTUM4eE1UYzROak0zT1RNNU5URXdNaTgxTWpkWGVEVXlOMGhmYm5Wc2JBfGM0MmJhOTM2NDJhYWUwNGM3OTBmMTVhMWMwZDA1MjU2NjlhNjg5MDBjYjg0NGYwYmY2OGFmNDczMjYwOTk4NDc&v=1739914028500",
        "images": []
    },
    {
        "product_url": "https://www.heinemann-shop.com/en/global/milka/milka-raisins-nuts-tablet-270g/p/000000000001278435/",
        "brand_name": "Milka",
        "brand_url": "https://www.heinemann-shop.com/en/global/milka/c/BRAND_0831/",
        "product_name": "Milka Raisins & Nuts Tablet 270g",
        "quantity": "0.27\u00a0kg",
        "price": "\u20ac6.90",
        "price_per_quantity": "(\u20ac25.56 / 1 kg)",
        "stock_availability": "In stock, immediately available",
        "description": "Crunchy broken hazelnuts and soft, juicy raisins, smothered in tender Milka Alpine milk chocolate. Offered in a big size tablet, this is truly irresistible.",
        "primary_image": "https://www.heinemann-shop.com/medias/527Wx527H-null?context=bWFzdGVyfGltYWdlc3w0Mzg2OXxpbWFnZS9qcGVnfGFEZ3hMMmd5TUM4NU9EQXdPVEkwTnprd09ERTBMelV5TjFkNE5USTNTRjl1ZFd4c3w3NDBhOWU1ZjY3ZDIxMTk2NDkxNjhmNDk1NjdjNzJkNzg1OWY0MmI3MTk4ZjIwN2QzOTU3NWViY2E3ZGViNzU1&v=1691479815386",
        "images": []
    },
    {
        "product_url": "https://www.heinemann-shop.com/en/global/tony-s/tony-s-chocolonely-fairtrade-milk-chocolate-cocoa-solids-32vol-minimum-made-in-belgium-240g/p/000000000001478453/",
        "brand_name": "Tony's",
        "brand_url": "https://www.heinemann-shop.com/en/global/tony-s/c/BRAND_7165/",
        "product_name": "Tony's Chocolonely Fairtrade milk chocolate. Cocoa solids: 32% minimum. Made in Belgium. 240g",
        "quantity": "0.24\u00a0kg",
        "price": "\u20ac8.50",
        "price_per_quantity": "(\u20ac35.42 / 1 kg)",
        "stock_availability": "In stock, immediately available",
        "description": "\"With this Milk bar, you've got a classic in hand. In 2005 we produced our very first milk chocolate bar. In a bright red wrapper, because we have an alarming message to raise awareness for.",
        "primary_image": "https://www.heinemann-shop.com/medias/1478453-527Wx527H?context=bWFzdGVyfGltYWdlc3w1MjcxNnxpbWFnZS9qcGVnfGFEQXpMMmc0Tmk4NU5qazBNRFU0TkRRMk9EYzRMekUwTnpnME5UTmZOVEkzVjNnMU1qZEl8ZGUyNGI5MTM0MjIxN2Y1MDMzYzEwNjNhOGQ2MDk0OGQ1NGFkZTE2NTMyYmVhNjlmMzE0MTcwYjU2NGRlM2I1NQ&v=1657314051218",
        "images": []
    },
    {
        "product_url": "https://www.heinemann-shop.com/en/global/confiserie-felicitas/felicitas-bar-chocolate-sao-thome-hamburg-100g/p/000000000001447733/",
        "brand_name": "Confiserie Felicitas",
        "brand_url": "https://www.heinemann-shop.com/en/global/confiserie-felicitas/c/BRAND_2939/",
        "product_name": "Felicitas+bar chocolate Sao Thome Hamburg+100g",
        "quantity": "0.1\u00a0kg",
        "price": "\u20ac6.90",
        "price_per_quantity": "(\u20ac69.00 / 1 kg)",
        "stock_availability": "In stock",
        "description": "Premium dark chocolate with a cocoa content of 70%. Intense dark chocolate with the full-bodied taste of cocoa and the subtle fruit aromas. This chocolate is made exclusively with Amelonado cocoa beans from the island of Sao Tom\u00e9, one of the \"Chocolate Islands\".",
        "primary_image": "https://www.heinemann-shop.com/medias/527Wx527H-null?context=bWFzdGVyfGltYWdlc3w0ODQyNnxpbWFnZS9qcGVnfGFHTTBMMmc0Wmk4eE1UY3lOVFUwTlRFM056RXhPQzgxTWpkWGVEVXlOMGhmYm5Wc2JBfDg2MmMyMzZmZDUxMWVlYjI3NDQxYWNmNWNkMjc1MTUzNzllY2YzNzU1ZWU4N2ZhODEzNGVhZjUxNDZlNzcxNjk&v=1738706509336",
        "images": []
    },
    {
        "product_url": "https://www.heinemann-shop.com/en/global/confiserie-felicitas/felicitas-bar-milk-chocolate-hamburg-100g/p/000000000001447597/",
        "brand_name": "Confiserie Felicitas",
        "brand_url": "https://www.heinemann-shop.com/en/global/confiserie-felicitas/c/BRAND_2939/",
        "product_name": "Felicitas+bar milk chocolate Hamburg+100g",
        "quantity": "0.1\u00a0kg",
        "price": "\u20ac6.90",
        "price_per_quantity": "(\u20ac69.00 / 1 kg)",
        "stock_availability": "In stock",
        "description": "The classic chocolate with 33% cocoa. Tender melting milk chocolate according to the Belgian purity law. Without replacement fats, but with pure cocoa butter.",
        "primary_image": "https://www.heinemann-shop.com/medias/527Wx527H-null?context=bWFzdGVyfGltYWdlc3w0OTQyOXxpbWFnZS9qcGVnfGFEVTVMMmd4WWk4eE1UY3dPVFUwTlRNeE5qTTRNaTgxTWpkWGVEVXlOMGhmYm5Wc2JBfDZkM2RmZTIzZDNmNjI3M2RiOTg3OTM4YmUxZTZkMGQzZWNkMmUwZGY0NjEwZTg4N2UwMDEwNjIwZjQxYjA4ZTQ&v=1738361879233",
        "images": []
    },
    {
        "product_url": "https://www.heinemann-shop.com/en/global/tic-tac/tic-tac-bottle-mint-98g/p/000000000001009572/",
        "brand_name": "Tic Tac",
        "brand_url": "https://www.heinemann-shop.com/en/global/tic-tac/c/BRAND_4649/",
        "product_name": "Tic Tac Bottle Mint, 98g",
        "quantity": "0.098\u00a0kg",
        "price": "",
        "price_per_quantity": "(\u20ac58.16 / 1 kg)",
        "stock_availability": "",
        "description": "Easy to carry and fun to share! Tic Tac\u00ae Bottle \u2013 shaped like a ultra-large Tic Tac\u00ae - contains 200 Mint flavoured pills to satisfy even the long haul traveler.",
        "primary_image": "https://www.heinemann-shop.com/medias/527Wx527H-null?context=bWFzdGVyfGltYWdlc3w2NjU2OXxpbWFnZS9qcGVnfGFHWXlMMmcwTmk4eE1USTVOemd5TkRZd05ERTVNQzgxTWpkWGVEVXlOMGhmYm5Wc2JBfDBiODUyZTVjZDNjOGRkM2Y3MmUwY2JlMWY3MGEyNmIzYjBiZjA3NjM0NjQxMTViYTc2ODQ4NmE5ZjAzOWNlYTQ&v=1729544065006",
        "images": []
    },
    {
        "product_url": "https://www.heinemann-shop.com/en/global/knoppers/knoppers-375g/p/000000000001416258/",
        "brand_name": "Knoppers",
        "brand_url": "https://www.heinemann-shop.com/en/global/knoppers/c/BRAND_5435/",
        "product_name": "Knoppers 375g",
        "quantity": "0.375\u00a0kg",
        "price": "\u20ac8.90",
        "price_per_quantity": "(\u20ac23.73 / 1 kg)",
        "stock_availability": "In stock, immediately available",
        "description": "Ever since Knoppers was launched in 1983 in Germany, the milk-hazelnut wafer has been popular: Crispy baked wafers, delicious milk, and tasty nougat cream fillings perfected by crunchy pieces of roasted hazelnuts. Whether at work, at school or whilst on the road \u2013 take a relaxing break with a crispy, tasty Knoppers.",
        "primary_image": "https://www.heinemann-shop.com/medias/527Wx527H-null?context=bWFzdGVyfGltYWdlc3w1MTM4MXxpbWFnZS9qcGVnfGFEYzBMMmhoWmk4eE1USTROVGcyTVRFM01USXpNQzgxTWpkWGVEVXlOMGhmYm5Wc2JBfDBhMzkxN2YwMDM3NjlhZmZkNmU3NjdmMDk1MmZkNWZhNjBlMWJlZWJkM2IwMmQ4YWVkYjU4ZWNiMmVjZjU0YTA&v=1729319885159",
        "images": []
    },
    {
        "product_url": "https://www.heinemann-shop.com/en/global/neuhaus/the-timeless-masterpieces-ballotin-500-g-contains-42-iconic-neuhaus-chocolates/p/000000000001637944/",
        "brand_name": "Neuhaus",
        "brand_url": "https://www.heinemann-shop.com/en/global/neuhaus/c/BRAND_1376/",
        "product_name": "The Timeless Masterpieces Ballotin (500 g) contains +/- 42 iconic Neuhaus chocolates",
        "quantity": "0.5\u00a0kg",
        "price": "\u20ac47.90",
        "price_per_quantity": "(\u20ac95.80 / 1 kg)",
        "stock_availability": "In stock, immediately available",
        "description": "The Timeless Masterpieces Ballotin (500g) contains +/- 42 iconic Neuhaus chocolates; a selection of fresh cream, pralin\u00e9, ganache and gianduja filled pralines.",
        "primary_image": "https://www.heinemann-shop.com/medias/527Wx527H-null?context=bWFzdGVyfGltYWdlc3w3MTczNnxpbWFnZS9qcGVnfGFHRTVMMmd6Tmk4eE1EVXpNakkzTnpBeU5qZzBOaTgxTWpkWGVEVXlOMGhmYm5Wc2JBfDQ4ZjM0ODg5YzAwOWEwNTNhODcwMGY2ZTE1OGIwNWI4MjBlZGMxOTgyYTk2NTVlMzQ4ZGQxMmI5YjlkOGIzOTY&v=1712349695070",
        "images": []
    },
    {
        "product_url": "https://www.heinemann-shop.com/en/global/neuhaus/the-timeless-masterpieces-ballotin-250-g-contains-21-iconic-neuhaus-chocolates/p/000000000001637942/",
        "brand_name": "Neuhaus",
        "brand_url": "https://www.heinemann-shop.com/en/global/neuhaus/c/BRAND_1376/",
        "product_name": "The Timeless Masterpieces Ballotin (250 g) contains +/- 21 iconic Neuhaus chocolates",
        "quantity": "0.25\u00a0kg",
        "price": "\u20ac24.90",
        "price_per_quantity": "(\u20ac99.60 / 1 kg)",
        "stock_availability": "In stock, immediately available",
        "description": "The Timeless Masterpieces Ballotin (250g) contains +/- 21 iconic Neuhaus chocolates; a selection of fresh cream, pralin\u00e9, ganache and gianduja filled pralines.",
        "primary_image": "https://www.heinemann-shop.com/medias/527Wx527H-null?context=bWFzdGVyfGltYWdlc3w4OTUwMHxpbWFnZS9qcGVnfGFEWm1MMmc1T1M4eE1EVXpNakkzTmpJME1EUXhOQzgxTWpkWGVEVXlOMGhmYm5Wc2JBfDFkYTdmMThlYWQ3YmE2NTNjMzU0NGIzMjIxZGMwY2FhZTBjYzhiNzhjZmQ1ZGY2MmEyNjgyNzEzNTJhZGI3NmU&v=1712349648142",
        "images": []
    },
    {
        "product_url": "https://www.heinemann-shop.com/en/global/marabou/marabou-milch-nuss-220g/p/000000000001618363/",
        "brand_name": "Marabou",
        "brand_url": "https://www.heinemann-shop.com/en/global/marabou/c/BRAND_0481/",
        "product_name": "MARABOU MILCH NUSS 220G",
        "quantity": "0.22\u00a0kg",
        "price": "\u20ac6.50",
        "price_per_quantity": "(\u20ac29.55 / 1 kg)",
        "stock_availability": "In stock, immediately available",
        "description": "A classic combination - smooth and creamy Marabou milk chocolate with chopped hazelnuts in a king size format.",
        "primary_image": "https://www.heinemann-shop.com/medias/527Wx527H-null?context=bWFzdGVyfGltYWdlc3w0MTMxNHxpbWFnZS9qcGVnfGFESmxMMmhtT1M4eE1EZzVOelV5TURFek1qRXlOaTgxTWpkWGVEVXlOMGhmYm5Wc2JBfGVlM2Q1YmI2ZDBkYTUyZDcyY2M1ZGI2MDE0Njk3Mzk1MDA2NGQ0NGEyYWE0YjBlNGE1MGU1MmEwMTIyMDAyNGM&v=1721338079011",
        "images": []
    },
    {
        "product_url": "https://www.heinemann-shop.com/en/global/neuhaus/this-gift-box-contains-28-delicious-masterpieces-and-a-brochure-explaining-the-rich-history-of-neuhaus/p/000000000001637941/",
        "brand_name": "Neuhaus",
        "brand_url": "https://www.heinemann-shop.com/en/global/neuhaus/c/BRAND_1376/",
        "product_name": "This gift box contains 28 delicious masterpieces and a brochure explaining the rich history of Neuhaus.",
        "quantity": "0.41\u00a0kg",
        "price": "\u20ac47.90",
        "price_per_quantity": "(\u20ac116.83 / 1 kg)",
        "stock_availability": "In stock, immediately available",
        "description": "This gift box contains 28 delicious masterpieces and a brochure explaining the rich history of Neuhaus.",
        "primary_image": "https://www.heinemann-shop.com/medias/527Wx527H-null?context=bWFzdGVyfGltYWdlc3w3MTY4NnxpbWFnZS9qcGVnfGFHWmpMMmhsWVM4eE1EVXpNakkzTlRrM09ESTNNQzgxTWpkWGVEVXlOMGhmYm5Wc2JBfGFkYTFkNzA1ODU1MDliNjNhMjliMGZhZGQ2YjAyYWZmODBhYjNlYzlhODI0ZGUzYjQ2MjJkYjk0MmEyMzQ3ZTk&v=1712349622268",
        "images": []
    },
    {
        "product_url": "https://www.heinemann-shop.com/en/global/paw-patrol/paw-patrol-money-box-with-crockki-30g/p/000000000001620578/",
        "brand_name": "Paw Patrol",
        "brand_url": "https://www.heinemann-shop.com/en/global/paw-patrol/c/BRAND_7802/",
        "product_name": "Paw Patrol Money Box with Crockki 30g",
        "quantity": "0.03\u00a0kg",
        "price": "",
        "price_per_quantity": "(\u20ac326.33 / 1 kg)",
        "stock_availability": "",
        "description": "Collectable Paw Patrol tin money box with a coin slot in the lid. Inside you will find 30g Crockki bites, crispy cocoa cereal with a cocoa shell.",
        "primary_image": "https://www.heinemann-shop.com/medias/527Wx527H-null?context=bWFzdGVyfGltYWdlc3w3Mzk5OXxpbWFnZS9qcGVnfGFHTTBMMmczWVM4eE1ESTFOREl6TWpNNE56WXhOQzgxTWpkWGVEVXlOMGhmYm5Wc2JBfDc4MzdmOTg1Y2U4MDUzNmQ1ZmQ1MjA3ZWI2NWJjODEzYTM5YzUzZDU5YzkwMTQ2MzlkMmIzMmM5MDg3NzdmY2I&v=1706134769149",
        "images": []
    },
    {
        "product_url": "https://www.heinemann-shop.com/en/global/neuhaus/neuhaus-ballotin-dark-500g/p/000000000001494462/",
        "brand_name": "Neuhaus",
        "brand_url": "https://www.heinemann-shop.com/en/global/neuhaus/c/BRAND_1376/",
        "product_name": "Neuhaus Ballotin Dark 500g",
        "quantity": "0.5\u00a0kg",
        "price": "\u20ac47.90",
        "price_per_quantity": "(\u20ac95.80 / 1 kg)",
        "stock_availability": "In stock, immediately available",
        "description": "The All Dark Ballotin (500G) contains +/- 46 full intense chocolats noirs coated Neuhaus chocolates with fresh cream, pralin\u00e9, ganache, caramel and gianduja fillings. We carefully select every ingredient, ensuring that every Neuhaus praline is of the highest quality and of 100% natural origin. All our products are made without GMOs and without palm oil. The perfect gift for chocolate lovers or ideal to enjoy as a self-treat.",
        "primary_image": "https://www.heinemann-shop.com/medias/527Wx527H-null?context=bWFzdGVyfGltYWdlc3w4MTQ4N3xpbWFnZS9qcGVnfGFHTXpMMmhtTXk4NU56VTVOVFEzTVRJNU9EZzJMelV5TjFkNE5USTNTRjl1ZFd4c3xkZmU1MWNjNWQ5MjYwZDE0ZDcyYmEzM2MzYzI2NTAwNzNlN2EwM2M3NTc0YWIxZTg2NWNhMmRiYmViNjk5ODc0&v=1682646325871",
        "images": []
    },
    {
        "product_url": "https://www.heinemann-shop.com/en/global/anthon-berg/anton-berg-filled-chocolates-330g/p/000000000001512168/",
        "brand_name": "Anthon Berg",
        "brand_url": "https://www.heinemann-shop.com/en/global/anthon-berg/c/BRAND_0604/",
        "product_name": "Anton Berg Filled Chocolates 330g",
        "quantity": "0.33\u00a0kg",
        "price": "\u20ac15.50",
        "price_per_quantity": "(\u20ac46.97 / 1 kg)",
        "stock_availability": "In stock, immediately available",
        "description": "Single Wrapped Chocolate Pralines",
        "primary_image": "https://www.heinemann-shop.com/medias/527Wx527H-null?context=bWFzdGVyfGltYWdlc3w1NzM4MHxpbWFnZS9qcGVnfGFHVmhMMmhpT0M4NU56ZzNNelUyTWpneU9URXdMelV5TjFkNE5USTNTRjl1ZFd4c3xiYWQyMjJiYjAwMDI3MmYzMmRlNzY1ODhmZWVhZTA0YjRiYmI4OTkxMDE3MzQ3NTk1MGRjMTRkNjdlMDI2Yzky&v=1689312931995",
        "images": []
    },
    {
        "product_url": "https://www.heinemann-shop.com/en/global/venchi/venchi-golden-gift-box-with-assorted-gianduiotti-110g/p/000000000001649601/",
        "brand_name": "Venchi",
        "brand_url": "https://www.heinemann-shop.com/en/global/venchi/c/BRAND_8202/",
        "product_name": "Venchi golden Gift box with assorted Gianduiotti 110g",
        "quantity": "0.11\u00a0kg",
        "price": "",
        "price_per_quantity": "(\u20ac153.64 / 1 kg)",
        "stock_availability": "",
        "description": "A selection for fans of one of the iconic chocolates of our Piedmontese roots and tradition: Pistachio chocolates in the form of a Gianduiotto, Gianduiotto Old Recipe, Extra Dark Gianduiotto and Gianduiotto dark filled",
        "primary_image": "https://www.heinemann-shop.com/medias/527Wx527H-null?context=bWFzdGVyfGltYWdlc3w2MTQ3OHxpbWFnZS9qcGVnfGFEUm1MMmd3TXk4eE1EYzJOVGt5TkRZek1EVTFPQzgxTWpkWGVEVXlOMGhmYm5Wc2JBfGY0ZTY2Y2M5ZTg4MmEzYWEwYmYzNzMwNjg4MjBhMWYyOWEwN2M0NDQ3Y2IzZjU1YTgwZmRhZjZjY2Q2NWVlODQ&v=1718305832147",
        "images": []
    },
    {
        "product_url": "https://www.heinemann-shop.com/en/global/lindt/lindt-swiss-masterpieces-chocolate-pralines/p/000000000001564496/",
        "brand_name": "Lindt",
        "brand_url": "https://www.heinemann-shop.com/en/global/lindt/c/BRAND_1486/",
        "product_name": "Lindt Swiss Masterpieces chocolate pralines",
        "quantity": "0.143\u00a0kg",
        "price": "",
        "price_per_quantity": "(\u20ac188.11 / 1 kg)",
        "stock_availability": "",
        "description": "Discover our Lindt SWISS MASTERPIECES, exquisite chocolate pralines carefully crafted with passion and know-how by our Lindt Swiss Master Chocolatiers and delicately selected to create an unparalleled indulgence. For each recipe, we combined the finest Lindt chocolate with high quality ingredients to create masterpieces which delight the senses.",
        "primary_image": "https://www.heinemann-shop.com/medias/527Wx527H-null?context=bWFzdGVyfGltYWdlc3w1MTE1NHxpbWFnZS9qcGVnfGFEZGhMMmc1WkM4eE1USTROakkyT0Rjek9UWXhOQzgxTWpkWGVEVXlOMGhmYm5Wc2JBfDk0OWVmZTcxMWIzMmQ4OWY2MTE4YjQ1ZGQ3ODllNjVmYWU2NWI2YTYzNzY3ODBmODk5OWI2M2RmYmQ3MmFmNWY&v=1729322618644",
        "images": []
    },
    {
        "product_url": "https://www.heinemann-shop.com/en/global/godiva/godiva-gold-rigid-collection-90g/p/000000000001463675/",
        "brand_name": "Godiva",
        "brand_url": "https://www.heinemann-shop.com/en/global/godiva/c/BRAND_0818/",
        "product_name": "Godiva Gold Rigid Collection 90g",
        "quantity": "0.09\u00a0kg",
        "price": "",
        "price_per_quantity": "(\u20ac149.89 / 1 kg)",
        "stock_availability": "",
        "description": "Surprise someone special with a gift of gourmet chocolates in dark, milk and white chocolate with decadent Belgian fillings presented in our newly redesigned iconic gold gift box. Sweet new look and the same incredible taste !",
        "primary_image": "https://www.heinemann-shop.com/medias/527Wx527H-null?context=bWFzdGVyfGltYWdlc3wzMjE1MHxpbWFnZS9qcGVnfGFEazFMMmd5TUM4NU56VTVOVFExTVRZek9EQTJMelV5TjFkNE5USTNTRjl1ZFd4c3w3ZTk0MDdiMzUwMjZkODZkMmUwZTAyOWRiNzViYTg2Mzk5MDFkMzQ2MjEwNzJhNzBiMDE2NDE0ODg4YWQzM2M0&v=1682646020816",
        "images": []
    },
    {
        "product_url": "https://www.heinemann-shop.com/en/global/merci/merci-finest-selection-800g/p/000000000001482677/",
        "brand_name": "Merci",
        "brand_url": "https://www.heinemann-shop.com/en/global/merci/c/BRAND_5057/",
        "product_name": "merci Finest Selection 800g",
        "quantity": "0.8\u00a0kg",
        "price": "\u20ac21.90",
        "price_per_quantity": "(\u20ac27.38 / 1 kg)",
        "stock_availability": "In stock, immediately available",
        "description": "merci is a delicious selection of the finest milk chocolates made from the very best ingredients available, providing indulgence and variety. With flavours like Hazelnut-Almond, Praline-Creme, and Hazlenut- Creme, merci will delight all tastes and show that you really care.",
        "primary_image": "https://www.heinemann-shop.com/medias/527Wx527H-null?context=bWFzdGVyfGltYWdlc3w0NDUwN3xpbWFnZS9qcGVnfGFERTNMMmd6TWk4eE1USTROakF6T1RFd01UUTNNQzgxTWpkWGVEVXlOMGhmYm5Wc2JBfDBkODMzNjAwMWIyZmUzNDVkMDM5NDI1YjVlOGEyNjJjYzkyOGE2YjllNDIxYWNkZmIyODA2NDJjZjI2NTU2NDg&v=1729320717725",
        "images": []
    },
    {
        "product_url": "https://www.heinemann-shop.com/en/global/casali/casali-rum-coconut-300g/p/000000000001415584/",
        "brand_name": "Casali",
        "brand_url": "https://www.heinemann-shop.com/en/global/casali/c/BRAND_5642/",
        "product_name": "Casali Rum Coconut 300g",
        "quantity": "0.3\u00a0kg",
        "price": "\u20ac8.99",
        "price_per_quantity": "(\u20ac29.97 / 1 kg)",
        "stock_availability": "",
        "description": "Rum Coconut: An unique combination of milk chocolate, coconut and rum for a multi-layer pleasure experience. Let the rum made of sugar cane and the chocolate made of cocoa from our own roasting melt on your tongue.",
        "primary_image": "https://www.heinemann-shop.com/medias/1415584-527Wx527H?context=bWFzdGVyfGltYWdlc3w3NjMzNnxpbWFnZS9qcGVnfGFESTRMMmc1TWk4NU5UazBPVEExTmpVM016YzBMekUwTVRVMU9EUmZOVEkzVjNnMU1qZEl8MWEyYzMwNWZjMTkwNmY2ZTY1NjVmMmEzNmNhYzY5NDAzN2Y1MWFlZWMzM2M5MDk5ODRiZDcwMDEzYzI2ZjYwZQ&v=1620910579267",
        "images": []
    },
    {
        "product_url": "https://www.heinemann-shop.com/en/global/lindt/lindt-swiss-masterpieces-chocolate-pralines/p/000000000001564375/",
        "brand_name": "Lindt",
        "brand_url": "https://www.heinemann-shop.com/en/global/lindt/c/BRAND_1486/",
        "product_name": "Lindt Swiss Masterpieces chocolate pralines",
        "quantity": "0.386\u00a0kg",
        "price": "\u20ac57.90",
        "price_per_quantity": "(\u20ac150.00 / 1 kg)",
        "stock_availability": "In stock, immediately available",
        "description": "Discover our Lindt SWISS MASTERPIECES, exquisite chocolate pralines carefully crafted with passion and know-how by our Lindt Swiss Master Chocolatiers and delicately selected to create an unparalleled indulgence. For each recipe, we combined the finest Lindt chocolate with high quality ingredients to create masterpieces which delight the senses.",
        "primary_image": "https://www.heinemann-shop.com/medias/527Wx527H-null?context=bWFzdGVyfGltYWdlc3wzNTU2N3xpbWFnZS9qcGVnfGFHUTVMMmd5Tnk4eE1UWXpOelV5TlRBMU16UTNNQzgxTWpkWGVEVXlOMGhmYm5Wc2JBfDM0ZTU4NmI4NGQ5MDNiODAyMmUxN2M5NjY4NjA3MGVjNzQ5NmMxMDc2ODdmMTI1NTNhYjQyMzAwNWU3YTExOWI&v=1736896337061",
        "images": []
    },
    {
        "product_url": "https://www.heinemann-shop.com/en/global/toblerone/toblerone-fruit-nut-100g/p/000000000000925922/",
        "brand_name": "Toblerone",
        "brand_url": "https://www.heinemann-shop.com/en/global/toblerone/c/BRAND_0485/",
        "product_name": "Toblerone Fruit & Nut 100g",
        "quantity": "0.1\u00a0kg",
        "price": "",
        "price_per_quantity": "(\u20ac39.00 / 1 kg)",
        "stock_availability": "",
        "description": "Enjoy Toblerone, the iconic triangular chocolate from Switzerland with Honey and Almond Nougat. This pack contains 100g Toblerone Milk Chocolate with Raisins - an ideal treat for sharing and snacking while traveling or at home. Made in Switzerland.",
        "primary_image": "https://www.heinemann-shop.com/medias/527Wx527H-null?context=bWFzdGVyfGltYWdlc3wzMTEyOHxpbWFnZS9qcGVnfGFHTXdMMmhoT1M4NU9EQXdPREUyTWprMU9UWTJMelV5TjFkNE5USTNTRjl1ZFd4c3w5MWZjMjhmYWViMjlmZmZhMWJlYTkwMjZjZjljMDEwNzRiYmY5ZmRlMTQ3YWNiNDc4YTYzODczOTAzYzExOWUy&v=1691463625659",
        "images": []
    },
    {
        "product_url": "https://www.heinemann-shop.com/en/global/barebells/barebells-vegan-salty-peanut-protein-bar-55g/p/000000000001510574/",
        "brand_name": "Barebells",
        "brand_url": "https://www.heinemann-shop.com/en/global/barebells/c/BRAND_9186/",
        "product_name": "Barebells Vegan Salty Peanut, protein bar, 55g",
        "quantity": "0.055\u00a0kg",
        "price": "\u20ac3.50",
        "price_per_quantity": "(\u20ac63.64 / 1 kg)",
        "stock_availability": "",
        "description": "A dream come true for all peanut butter fans, with the perfect balance of sweet and salty.",
        "primary_image": "https://www.heinemann-shop.com/medias/527Wx527H-null?context=bWFzdGVyfGltYWdlc3w0NTMyMHxpbWFnZS9qcGVnfGFHUXpMMmhsWmk4NU56STJORFV4TXpFNE9ERTBMelV5TjFkNE5USTNTRjl1ZFd4c3w4NDIzYjEyMDg3N2QxMTdmOTcxMGM3ZmZhNmZkMzQwMzRkNDgwMDJkMWZjZmE5MzJlYTYxZTVmZWFkMmRmNjlj&v=1672696691534",
        "images": []
    },
    {
        "product_url": "https://www.heinemann-shop.com/en/global/godiva/godiva-connoisseur-all-milk-189g/p/000000000001503232/",
        "brand_name": "Godiva",
        "brand_url": "https://www.heinemann-shop.com/en/global/godiva/c/BRAND_0818/",
        "product_name": "Godiva Connoisseur All Milk 189g",
        "quantity": "0.189\u00a0kg",
        "price": "",
        "price_per_quantity": "(\u20ac158.20 / 1 kg)",
        "stock_availability": "",
        "description": "The All Milk Box will certainly please and satisfy all lovers and connoisseurs of milk chocolate. This luxurious box is beautifully designed with a Gold and \"milk chocolate colour\" lid. With its 20 pieces, the giftbox features an exciting assortment of gourmet chocolates artfully paired with fruit fillings, Caramels, and more.",
        "primary_image": "https://www.heinemann-shop.com/medias/527Wx527H-null?context=bWFzdGVyfGltYWdlc3wzNTE4NHxpbWFnZS9qcGVnfGFHVXhMMmhsTWk4NU56VTVOVFV3TWpjMU5qRTBMelV5TjFkNE5USTNTRjl1ZFd4c3xiZmI1YmU0MjE3NDRlNjJlMzFjMzgxNGM5YjRlYjdmODAxYmEwZmM3MjRmZTg0NWIxOTliNzA5OGI4YmRiMWRl&v=1682648122035",
        "images": []
    },
    {
        "product_url": "https://www.heinemann-shop.com/en/global/jelly-bean/jelly-bean-fantastic-taste-and-coloring-700g/p/000000000001310977/",
        "brand_name": "Jelly Bean",
        "brand_url": "https://www.heinemann-shop.com/en/global/jelly-bean/c/BRAND_3606/",
        "product_name": "Jelly Bean fantastic taste and coloring 700g",
        "quantity": "0.7\u00a0kg",
        "price": "\u20ac22.90",
        "price_per_quantity": "(\u20ac32.71 / 1 kg)",
        "stock_availability": "In stock, immediately available",
        "description": "The Jelly Bean Factory produces around 12 million gourmet beans daily in 36 different flavours, ranging from passion fruit to pi\u00f1a colada. Jelly Beans in several different flavours and packaging. The small beans has 100% natural taste and colors, they're gluten and gelatine free!",
        "primary_image": "https://www.heinemann-shop.com/medias/527Wx527H-null?context=bWFzdGVyfGltYWdlc3w3MzQ3NXxpbWFnZS9qcGVnfGFEQTJMMmd4Wmk4eE1USTROVFk1T1RJek1UYzNOQzgxTWpkWGVEVXlOMGhmYm5Wc2JBfDVhZjYwMjU0MmY5ZjM4Y2U3NTQzNDc1MjE1MzllNmYzMzAzNDVkMmY0NDBjNjlmZWYyZWNhOGIyN2QyMDk1OGU&v=1729318584281",
        "images": []
    },
    {
        "product_url": "https://www.heinemann-shop.com/en/global/godiva/godiva-gold-rigid-collection-163g/p/000000000001463676/",
        "brand_name": "Godiva",
        "brand_url": "https://www.heinemann-shop.com/en/global/godiva/c/BRAND_0818/",
        "product_name": "Godiva Gold Rigid Collection 163g",
        "quantity": "0.163\u00a0kg",
        "price": "",
        "price_per_quantity": "(\u20ac140.49 / 1 kg)",
        "stock_availability": "",
        "description": "Surprise someone special with a gift of gourmet chocolates in dark, milk and white chocolate with decadent Belgian fillings presented in our newly redesigned iconic gold gift box. Sweet new look and the same incredible taste !",
        "primary_image": "https://www.heinemann-shop.com/medias/527Wx527H-null?context=bWFzdGVyfGltYWdlc3wzMjM4NnxpbWFnZS9qcGVnfGFHWmhMMmd6WlM4eE1Ea3hPRFExTXpRME5EWXpPQzgxTWpkWGVEVXlOMGhmYm5Wc2JBfDY1MmU4ZTNiZTNkNDNiYTFiODU2NzQwYzUzYTcwYzc4YWQwMjEzYzlhNTNmMTFmOTVkZWM1NTcxZTg4OWI4ZWQ&v=1721852320465",
        "images": []
    },
    {
        "product_url": "https://www.heinemann-shop.com/en/global/godiva/godiva-gold-rigid-collection-372g/p/000000000001503228/",
        "brand_name": "Godiva",
        "brand_url": "https://www.heinemann-shop.com/en/global/godiva/c/BRAND_0818/",
        "product_name": "Godiva Gold Rigid Collection 372g",
        "quantity": "0.372\u00a0kg",
        "price": "",
        "price_per_quantity": "(\u20ac120.70 / 1 kg)",
        "stock_availability": "",
        "description": "Surprise someone special with a gift of gourmet chocolates in dark, milk and white chocolate with decadent Belgian fillings presented in our newly redesigned iconic gold gift box. Sweet new look and the same incredible taste !",
        "primary_image": "https://www.heinemann-shop.com/medias/527Wx527H-null?context=bWFzdGVyfGltYWdlc3wzMjI2OHxpbWFnZS9qcGVnfGFEZzJMMmc0WkM4NU56VTVOVFE0TnpZNE1qZzJMelV5TjFkNE5USTNTRjl1ZFd4c3w4YzQ0MzNlN2M2YTMzMTViNjQ0OGJlZmQ2NGJlNDQwYjg1ODY2OTAwNDNjODVhMmQ4OTE3Y2EyNjg5NDBiZjY5&v=1682647225630",
        "images": []
    },
    {
        "product_url": "https://www.heinemann-shop.com/en/global/skolekridt/skolekridt-filled-liquorice-dragees-400g/p/000000000001372429/",
        "brand_name": "Skolekridt",
        "brand_url": "https://www.heinemann-shop.com/en/global/skolekridt/c/BRAND_5463/",
        "product_name": "Skolekridt Filled liquorice drag\u00e9es 400g",
        "quantity": "0.4\u00a0kg",
        "price": "\u20ac7.70",
        "price_per_quantity": "(\u20ac19.25 / 1 kg)",
        "stock_availability": "In stock, immediately available",
        "description": "TRAVELLER EXCLUSIVE. Skolekridt is a classic liquorice candy originated from Denmark.  This scandinavian favourite screeches your tastebuds with a crispy menthol sugaring and a strong salty liquorice filling.",
        "primary_image": "https://www.heinemann-shop.com/medias/527Wx527H-null?context=bWFzdGVyfGltYWdlc3w0NzkyNXxpbWFnZS9qcGVnfGFEUXdMMmhqWmk4eE1UYzROak00TnpBek1EQTBOaTgxTWpkWGVEVXlOMGhmYm5Wc2JBfDE4MzY3NzMzMTlmMTdlYWNkZTMyZDFjODM3N2FjNDhiNDM5ZjMyOGJiNDVkNzE4NmMyYThlOGYwMTI3MjRkMzc&v=1739914523045",
        "images": []
    },
    {
        "product_url": "https://www.heinemann-shop.com/en/global/nutella/nutella-go-with-bread-sticks-52g/p/000000000001028197/",
        "brand_name": "Nutella",
        "brand_url": "https://www.heinemann-shop.com/en/global/nutella/c/BRAND_4646/",
        "product_name": "Nutella & Go with bread sticks 52g",
        "quantity": "0.052\u00a0kg",
        "price": "\u20ac2.79",
        "price_per_quantity": "(\u20ac53.65 / 1 kg)",
        "stock_availability": "In stock",
        "description": "Nutella spread with Cocoa and Breadsticks: An exquisite snack to be consumed on the go.",
        "primary_image": "https://www.heinemann-shop.com/medias/527Wx527H-null?context=bWFzdGVyfGltYWdlc3w0OTg0NnxpbWFnZS9qcGVnfGFEWmxMMmczWmk4eE1UZ3hPREF5T1RjM05qa3lOaTgxTWpkWGVEVXlOMGhmYm5Wc2JBfGRjYWQ5MDQ1NGIwOTQyMmJjYjk0ODcyNDA5N2JkNTcwNGM1NTc3ODI0ODY3ZjQ4ODQ2M2VhZTQzOGViZmZiMzk&v=1740521805791",
        "images": []
    },
    {
        "product_url": "https://www.heinemann-shop.com/en/global/cartwright-butler/cartwright-butler-thick-coated-dark-chocolate-ginger-biscuits-in-narrow-tin-190g/p/000000000001374215/",
        "brand_name": "Cartwright & Butler",
        "brand_url": "https://www.heinemann-shop.com/en/global/cartwright-butler/c/BRAND_6725/",
        "product_name": "Cartwright & Butler thick coated dark chocolate ginger biscuits in narrow tin 190g",
        "quantity": "0.19\u00a0kg",
        "price": "",
        "price_per_quantity": "(\u20ac105.21 / 1 kg)",
        "stock_availability": "",
        "description": "The starting point was a classic ginger biscuit recipe to which we added stemmed ginger for a little extra gingery zing and then we added the chocolate -and not just any chocolate, but a super fine, dark chocolate. And we kept on adding the chocolate. After all, it's not called an ultra thick chocolate biscuit for nothing. Available here in one of our signature, clip top tins.",
        "primary_image": "https://www.heinemann-shop.com/medias/527Wx527H-null?context=bWFzdGVyfGltYWdlc3w1NzgwMXxpbWFnZS9qcGVnfGFEYzFMMmhrTlM4NU56WXpNakUzTnpBeU9UUXlMelV5TjFkNE5USTNTRjl1ZFd4c3wyNDI1ZTY0MjAxNDcwZmZjNDYwYzUxZTQ0NDYwMjhkNjQ0MWZkMGRlMmZlZGJmZWNmNGExZTI1Y2Y0ZmQzYjNl&v=1683786316203",
        "images": []
    },
    {
        "product_url": "https://www.heinemann-shop.com/en/global/milka/milka-alpine-milk-100g/p/000000000001277994/",
        "brand_name": "Milka",
        "brand_url": "https://www.heinemann-shop.com/en/global/milka/c/BRAND_0831/",
        "product_name": "Milka Alpine Milk 100g",
        "quantity": "0.1\u00a0kg",
        "price": "",
        "price_per_quantity": "(\u20ac33.00 / 1 kg)",
        "stock_availability": "",
        "description": "Classic 100g tablet of tender Milka Alpine milk chocolate. Enjoy the irresistible taste of the most tender Alpine milk chocolate.",
        "primary_image": "https://www.heinemann-shop.com/medias/527Wx527H-null?context=bWFzdGVyfGltYWdlc3wzNjMxMXxpbWFnZS9qcGVnfGFESXdMMmc0WVM4NU9EQXdPVEl4TURnNE1ETXdMelV5TjFkNE5USTNTRjl1ZFd4c3wyNWMzZGJlOGU4OTdlM2FmNzVjZTI0ZTNlNmMxMWUyNmZjMjZhMjE3N2NjM2EwZTA4M2YzNTZiZDUxNWMyMjQ0&v=1691478654066",
        "images": []
    },
    {
        "product_url": "https://www.heinemann-shop.com/en/global/ritter-sport/ritter-sport-alpine-milk-100g/p/000000000000047310/",
        "brand_name": "Ritter Sport",
        "brand_url": "https://www.heinemann-shop.com/en/global/ritter-sport/c/BRAND_0476/",
        "product_name": "Ritter Sport Alpine Milk, 100g",
        "quantity": "0.1\u00a0kg",
        "price": "",
        "price_per_quantity": "(\u20ac35.00 / 1 kg)",
        "stock_availability": "",
        "description": "Ritter Sport Alpine Milk Chocolate is pure chocolate enjoyment. However, this isn\u2019t just because of its delicious blend of 100% pure alpine milk and 30% specially roasted, full-bodied, cocoa. The secret of its fine taste also lies in the conching process that is specially developed for this variety. This is what gives it its smooth caramel and honey flavour. This is a taste that can move mountains!",
        "primary_image": "https://www.heinemann-shop.com/medias/527Wx527H-null?context=bWFzdGVyfGltYWdlc3w1NzYxOHxpbWFnZS9qcGVnfGFEVXpMMmcxWVM4eE1USTRNek00TURZMk5qTTVPQzgxTWpkWGVEVXlOMGhmYm5Wc2JBfDA0YmNlZDBkZWYwZmYxNWM2YmU0ZTVkOWQ3OWRmNGNhOTZhYmVlZjdkNDA0NjA5Y2QwYTQzZDA4MWM0YmQxZGY&v=1729286883752",
        "images": []
    },
    {
        "product_url": "https://www.heinemann-shop.com/en/global/anthon-berg/anthon-berg-royalselection-300g/p/000000000001419477/",
        "brand_name": "Anthon Berg",
        "brand_url": "https://www.heinemann-shop.com/en/global/anthon-berg/c/BRAND_0604/",
        "product_name": "Anthon Berg RoyalSelection 300g",
        "quantity": "0.3\u00a0kg",
        "price": "\u20ac25.90",
        "price_per_quantity": "(\u20ac86.33 / 1 kg)",
        "stock_availability": "In stock, immediately available",
        "description": "The Royal Selection is a gift-ready tin with a selection of our best pralines. The product contains no alcohol",
        "primary_image": "https://www.heinemann-shop.com/medias/527Wx527H-null?context=bWFzdGVyfGltYWdlc3wzNzM0MHxpbWFnZS9qcGVnfGFHTXhMMmcyTlM4NU56ZzNNVEl5T0RjMk5EUTJMelV5TjFkNE5USTNTRjl1ZFd4c3xjMzMxYTI2MWE1MWMzMTMzNGVjY2I4ODg0MzI5OTM3MjA2YTI2MjY2OTFmNDVkYTI2YWY5YTA2ZmM3NTVkNTYy&v=1689290729759",
        "images": []
    },
    {
        "product_url": "https://www.heinemann-shop.com/en/global/niederegger/niederegger-vegan-marzipan-classics-100g/p/000000000001562774/",
        "brand_name": "Niederegger",
        "brand_url": "https://www.heinemann-shop.com/en/global/niederegger/c/BRAND_1439/",
        "product_name": "Niederegger Vegan Marzipan Classics,100g",
        "quantity": "0.1\u00a0kg",
        "price": "\u20ac5.90",
        "price_per_quantity": "(\u20ac59.00 / 1 kg)",
        "stock_availability": "",
        "description": "The finest vegan Niederegger marzipan covered in fine dark chocolate offers a full and vegan melt-in-the-mouth treat.",
        "primary_image": "https://www.heinemann-shop.com/medias/527Wx527H-null?context=bWFzdGVyfGltYWdlc3w1NTcwNnxpbWFnZS9qcGVnfGFHUmxMMmhqT1M4eE1UYzRPVGc1TlRjNU5EY3hPQzgxTWpkWGVEVXlOMGhmYm5Wc2JBfGQ0YTcyOWNkODliZjAyYWRiZmU5MTlkNjJlMmFhMjA0OGZhYTFkZGYyYzc5NWIxN2ViNzAwOGFhMTlhNWIyYjI&v=1740000902753",
        "images": []
    },
    {
        "product_url": "https://www.heinemann-shop.com/en/global/milka/milka-white-chocolate-100g/p/000000000000715413/",
        "brand_name": "Milka",
        "brand_url": "https://www.heinemann-shop.com/en/global/milka/c/BRAND_0831/",
        "product_name": "Milka White Chocolate 100g",
        "quantity": "0.1\u00a0kg",
        "price": "\u20ac3.49",
        "price_per_quantity": "(\u20ac34.90 / 1 kg)",
        "stock_availability": "In stock",
        "description": "Milka white chocolate. Ideal for indulgent self-consumption.",
        "primary_image": "https://www.heinemann-shop.com/medias/527Wx527H-null?context=bWFzdGVyfGltYWdlc3w0OTUzOXxpbWFnZS9qcGVnfGFHRXdMMmcyT0M4NU9EQXdOekkyT1Rjd016azRMelV5TjFkNE5USTNTRjl1ZFd4c3w3MGEyZDg4YjgxODhjOTMzMDVlYzZlYWNjNzRlMmYxNzMxYTIyZTUwMmM4OWM5ZTMyNzhhMTZhYWFhMDRmYjhj&v=1691449828166",
        "images": []
    },
    {
        "product_url": "https://www.heinemann-shop.com/en/global/marianne/marianne-peppermint-candies-350g/p/000000000001185210/",
        "brand_name": "Marianne",
        "brand_url": "https://www.heinemann-shop.com/en/global/marianne/c/BRAND_5442/",
        "product_name": "Marianne peppermint candies 350g",
        "quantity": "0.35\u00a0kg",
        "price": "\u20ac6.90",
        "price_per_quantity": "(\u20ac19.71 / 1 kg)",
        "stock_availability": "In stock, immediately available",
        "description": "Marianne - fresh and crispy peppermint with a delicious dark chocolate filling. With its red and white striped wrapper, Marianne is instantly recognisable! The perfect combination of high quality chocolate covered in a crispy fresh peppermint.",
        "primary_image": "https://www.heinemann-shop.com/medias/527Wx527H-null?context=bWFzdGVyfGltYWdlc3w3OTM0MnxpbWFnZS9qcGVnfGFERXpMMmhqWXk4eE1UYzROak00TWpZd05qTTJOaTgxTWpkWGVEVXlOMGhmYm5Wc2JBfGYwMWVkMjM1Y2M2YmVlZDNjYzc3YzRlY2E4MmZjYmJjNjYzNjI3NDMzNzQ2MjQ0ZDkwNTQ2NjZmMjZhNzcwOTM&v=1739914306271",
        "images": []
    },
    {
        "product_url": "https://www.heinemann-shop.com/en/global/geisha/geisha-travel-box-295g/p/000000000001020939/",
        "brand_name": "Geisha",
        "brand_url": "https://www.heinemann-shop.com/en/global/geisha/c/BRAND_5431/",
        "product_name": "Geisha Travel Box 295g",
        "quantity": "0.295\u00a0kg",
        "price": "\u20ac10.90",
        "price_per_quantity": "(\u20ac36.95 / 1 kg)",
        "stock_availability": "In stock, immediately available",
        "description": "Geisha. Every day holds a little dream. A perfect match of milk chocolate and crispy hazelnut filling.",
        "primary_image": "https://www.heinemann-shop.com/medias/527Wx527H-null?context=bWFzdGVyfGltYWdlc3w1MTUwM3xpbWFnZS9qcGVnfGFHWm1MMmcxTXk4eE1UYzROak0zTlRreU1UWTVOQzgxTWpkWGVEVXlOMGhmYm5Wc2JBfDlkNDFjNTc5ZjBmNTYwY2M4Njc2NTUyMzNjZGM3YmU5MzE2OGQ0NzY4NGVlN2UxNzMwYTRjMzQyZGYyYjJhZmE&v=1739913855657",
        "images": []
    },
    {
        "product_url": "https://www.heinemann-shop.com/en/global/niederegger/niederegger-marzipan-loaf-375g/p/000000000001240645/",
        "brand_name": "Niederegger",
        "brand_url": "https://www.heinemann-shop.com/en/global/niederegger/c/BRAND_1439/",
        "product_name": "Niederegger Marzipan loaf 375g",
        "quantity": "0.375\u00a0kg",
        "price": "\u20ac17.50",
        "price_per_quantity": "(\u20ac46.67 / 1 kg)",
        "stock_availability": "In stock, immediately available",
        "description": "Enjoy Niederegger marzipan loaves. It is one of the most well known shapes for marzipan. Covered by dark chocolate these loaves in an exclusive travel retail design are perfect as a tasty souvenir.",
        "primary_image": "https://www.heinemann-shop.com/medias/527Wx527H-null?context=bWFzdGVyfGltYWdlc3w2MDY5OXxpbWFnZS9qcGVnfGFETmlMMmhqTmk4eE1UYzRPVGc0TnpVek56RTRNaTgxTWpkWGVEVXlOMGhmYm5Wc2JBfDEzMTIzOThkYmQ3MDg2MDNhOTkwMDJmMjkwZTcwNTYyNDRmMzNkMWU4ZDRjY2E5YjVjZGI1ZTU3ZmIxNmZlZjI&v=1740000490937",
        "images": []
    },
    {
        "product_url": "https://www.heinemann-shop.com/en/global/lakrids-by-buelow/buelow-the-original-295g/p/000000000001401565/",
        "brand_name": "Lakrids by B\u00fclow",
        "brand_url": "https://www.heinemann-shop.com/en/global/lakrids-by-buelow/c/BRAND_7902/",
        "product_name": "B\u00fclow The Original 295g",
        "quantity": "0.295\u00a0kg",
        "price": "\u20ac17.50",
        "price_per_quantity": "(\u20ac59.32 / 1 kg)",
        "stock_availability": "In stock, immediately available",
        "description": "Lakrids A was the first product developed when Johan B\u00fclow had the original idea to coat liquorice with chocolate. People were at first skeptical about the idea, but the popular product A soon saw the light of day. The combination of sweet liquorice, exclusive milk chocolate and fine liquorice powder is according to many instantly addictive.",
        "primary_image": "https://www.heinemann-shop.com/medias/527Wx527H-null?context=bWFzdGVyfGltYWdlc3w0ODE0MHxpbWFnZS9qcGVnfGFHUXdMMmd5TlM4eE1UYzRNalkwTXpFNE56YzBNaTgxTWpkWGVEVXlOMGhmYm5Wc2JBfDQ5MDdkMTlmNTQyOTRhOTJkNjU0YTQ0MjY1NGRlMDRiZmZiNmJkMGJhMjQ4YzRiNGI0Y2Y5ODMwZWQ3NGYxMGE&v=1739831637928",
        "images": []
    },
    {
        "product_url": "https://www.heinemann-shop.com/en/global/werther-s/werther-s-original-minis-sugarfree-in-box-42g/p/000000000000544941/",
        "brand_name": "Werther's",
        "brand_url": "https://www.heinemann-shop.com/en/global/werther-s/c/BRAND_5472/",
        "product_name": "Werther's Original Minis sugarfree in box 42g",
        "quantity": "0.042\u00a0kg",
        "price": "",
        "price_per_quantity": "(\u20ac45.24 / 1 kg)",
        "stock_availability": "",
        "description": "Sugar Free Butter Candies have the smooth and rich caramel taste of regular Butter Candies but in a completely sugar free sweet. With less than 9 calories and suitable for diabetics, they are a delicious treat for anyone looking for all the taste without any of the sugar.",
        "primary_image": "https://www.heinemann-shop.com/medias/527Wx527H-null?context=bWFzdGVyfGltYWdlc3w3ODcyM3xpbWFnZS9qcGVnfGFEUmtMMmc1WkM4eE1USTROVE0wTkRreE1UTTVNQzgxTWpkWGVEVXlOMGhmYm5Wc2JBfDkyZTVlNTExMjRiMzMyZGY3YTBiYzNiODI5N2U4MDk4MWU4NmVkNmJjNzNjM2YzODdlYzdiMTUyN2ZlOWZmYjI&v=1729313558986",
        "images": []
    },
    {
        "product_url": "https://www.heinemann-shop.com/en/global/ration/ration-food-bar-with-protein-fiber-and-one-apple-mango-passionfruit-55g/p/000000000001371655/",
        "brand_name": "Ration",
        "brand_url": "https://www.heinemann-shop.com/en/global/ration/c/BRAND_7834/",
        "product_name": "Ration food bar with protein, fiber and one apple, mango & passionfruit, 55g",
        "quantity": "0.055\u00a0kg",
        "price": "\u20ac2.90",
        "price_per_quantity": "(\u20ac52.73 / 1 kg)",
        "stock_availability": "",
        "description": "The Healthy Food Bar of the Future. Remember the last time you came across a healthy snack that actually made you full? Like in the long run. Or just on the run. To work, to class, to gym. Or whatever. Wherever. We don\u2019t. That\u2019s why we, Ginny & Jesper, invented RATION. An all-natural, simple and nutritious food bar that stabilizes your blood sugar and keep your hangriness away. Without all the strange numbers and additives that no one can really pronounce. Who needs them anyways?",
        "primary_image": "https://www.heinemann-shop.com/medias/527Wx527H-null?context=bWFzdGVyfGltYWdlc3w1ODk3NnxpbWFnZS9qcGVnfGFETXpMMmd5TkM4NU56STJOREkxTWpBeU56RTRMelV5TjFkNE5USTNTRjl1ZFd4c3w3NjBmZGUxMTllZDc1NjYxMWI0OTZlNDg1NzlkYTJlOGUyYTBjZGM1YTI3YjYyYWRiNzljOTc3MGI4YjNkZDIz&v=1672696089445",
        "images": []
    },
    {
        "product_url": "https://www.heinemann-shop.com/en/global/ration/ration-food-bar-with-protein-fiber-and-one-apple-rhubarb-55g/p/000000000001371654/",
        "brand_name": "Ration",
        "brand_url": "https://www.heinemann-shop.com/en/global/ration/c/BRAND_7834/",
        "product_name": "Ration food bar with protein, fiber and one apple & rhubarb, 55g",
        "quantity": "0.055\u00a0kg",
        "price": "\u20ac2.90",
        "price_per_quantity": "(\u20ac52.73 / 1 kg)",
        "stock_availability": "",
        "description": "The Healthy Food Bar of the Future. Remember the last time you came across a healthy snack that actually made you full? Like in the long run. Or just on the run. To work, to class, to gym. Or whatever. Wherever. We don\u2019t. That\u2019s why we, Ginny & Jesper, invented RATION. An all-natural, simple and nutritious food bar that stabilizes your blood sugar and keep your hangriness away. Without all the strange numbers and additives that no one can really pronounce. Who needs them anyways?",
        "primary_image": "https://www.heinemann-shop.com/medias/527Wx527H-null?context=bWFzdGVyfGltYWdlc3w1NjAzMXxpbWFnZS9qcGVnfGFERTNMMmd6TkM4NU56STJOREkwTnpRek9UWTJMelV5TjFkNE5USTNTRjl1ZFd4c3w2MDU3NTdmMDZiMzU1YmRjOTI4ZWNjYjFiZDQyM2M2YzJmZjk2MTNhOTFjYTc2MjU3ZDg1NTA4OTJiYTUyMjQ0&v=1672696079119",
        "images": []
    },
    {
        "product_url": "https://www.heinemann-shop.com/en/global/confiserie-felicitas/felicitas-bar-ruby-chocolate-hamburg-100g/p/000000000001447745/",
        "brand_name": "Confiserie Felicitas",
        "brand_url": "https://www.heinemann-shop.com/en/global/confiserie-felicitas/c/BRAND_2939/",
        "product_name": "Felicitas+bar ruby chocolate Hamburg+100g",
        "quantity": "0.1\u00a0kg",
        "price": "\u20ac6.90",
        "price_per_quantity": "(\u20ac69.00 / 1 kg)",
        "stock_availability": "In stock",
        "description": "Immerse yourself in a world of natural, pink color and intense fruit taste with a slightly sour note. With its breathtaking color and unique taste, the new chocolate variety Ruby satisfies an unprecedented desire for exceptional enjoyment for all the senses.",
        "primary_image": "https://www.heinemann-shop.com/medias/527Wx527H-null?context=bWFzdGVyfGltYWdlc3w0ODQ5N3xpbWFnZS9qcGVnfGFETmlMMmc1T1M4eE1UY3lOVFUwTnpJM05ESTNNQzgxTWpkWGVEVXlOMGhmYm5Wc2JBfGFjMjRhMzhmYTNmNTc4NmJkMWRiNjYyZGQzNjFhNzQ1YWI1NGQ0MTNhMjkyZTJmODNlMzdhYmQ5YjhlZDBhMjc&v=1738706613407",
        "images": []
    },
    {
        "product_url": "https://www.heinemann-shop.com/en/global/niederegger/niederegger-classic-of-the-year-bee-sting-100g/p/000000000001622354/",
        "brand_name": "Niederegger",
        "brand_url": "https://www.heinemann-shop.com/en/global/niederegger/c/BRAND_1439/",
        "product_name": "Niederegger Classic of the year Bee sting, 100g",
        "quantity": "0.1\u00a0kg",
        "price": "",
        "price_per_quantity": "(\u20ac54.90 / 1 kg)",
        "stock_availability": "",
        "description": "Our classic of the year 2024 Bienenstich delights with a combination of a particularly creamy caramel note, roasted almond pieces and the finest Niederegger marzipan, covered in melt-in-the-mouth milk chocolate.",
        "primary_image": "https://www.heinemann-shop.com/medias/527Wx527H-null?context=bWFzdGVyfGltYWdlc3w0MzIwOHxpbWFnZS9qcGVnfGFHSXdMMmd4Tnk4eE1UYzRPVGc1TXpNMk9UZzROaTgxTWpkWGVEVXlOMGhmYm5Wc2JBfDFhNmRmZTA5ZWUxOTNiNmIyOGE5MzJkN2RiOGI5YjE3MzI4OWYyNjU0ZTMxMjIwYzJjNzE0Y2Q2ZGUxMTljMzU&v=1740000797839",
        "images": []
    },
    {
        "product_url": "https://www.heinemann-shop.com/en/global/toblerone/toblerone-gold-200g/p/000000000000061614/",
        "brand_name": "Toblerone",
        "brand_url": "https://www.heinemann-shop.com/en/global/toblerone/c/BRAND_0485/",
        "product_name": "Toblerone Gold 200g",
        "quantity": "0.2\u00a0kg",
        "price": "\u20ac6.90",
        "price_per_quantity": "(\u20ac34.50 / 1 kg)",
        "stock_availability": "In stock, immediately available",
        "description": "Enjoy Toblerone, the iconic triangular chocolate from Switzerland with Honey and Almond Nougat. This pack contains 200g Toblerone Milk Chocolate - an ideal treat for sharing and snacking while traveling or at home. Made in Switzerland.",
        "primary_image": "https://www.heinemann-shop.com/medias/527Wx527H-null?context=bWFzdGVyfGltYWdlc3wzNTcyN3xpbWFnZS9qcGVnfGFHUXpMMmcyWlM4eE1Ea3hOVFl3TURZMk1qVTFPQzgxTWpkWGVEVXlOMGhmYm5Wc2JBfDQzNWY2MTlkNTVjYjZjMzYwYTAxZDNjNDlhYzYwYzcwYTJiYTdmNjA5OGMyNGM4ZWVmZjM1MmJiOGE4ZjE1MmE&v=1721767927357",
        "images": []
    },
    {
        "product_url": "https://www.heinemann-shop.com/en/global/haribo/haribo-starmix-450-g-halal/p/000000000001515189/",
        "brand_name": "Haribo",
        "brand_url": "https://www.heinemann-shop.com/en/global/haribo/c/BRAND_1079/",
        "product_name": "Haribo Starmix 450 g Halal",
        "quantity": "0.45\u00a0kg",
        "price": "\u20ac5.50",
        "price_per_quantity": "(\u20ac12.22 / 1 kg)",
        "stock_availability": "In stock, immediately available",
        "description": "Starmix is loved for its iconic mix of shapes - everyone has their favourite, whether that's a heart, ring, cola bottle, egg or a goldbear, Starmix has something for everyone, with its range of jelly and foam sweets! Including orange, lemon, raspberry, pineapple and cola flavours \u2013 They are a perfect treat, whatever the weather!",
        "primary_image": "https://www.heinemann-shop.com/medias/527Wx527H-null?context=bWFzdGVyfGltYWdlc3w5Mzk2NnxpbWFnZS9qcGVnfGFHRTNMMmc1TkM4eE1USTROakExTmpFME1EZ3pNQzgxTWpkWGVEVXlOMGhmYm5Wc2JBfDE0MWQ3MWI1NmZjMWNlZGRjMTFhMDEzNTI5Y2EwYTgzYjM3ZjEzNjIxZmY1NzczYmUzNmE2ODMyZjdkMjc3MmQ&v=1729321722632",
        "images": []
    },
    {
        "product_url": "https://www.heinemann-shop.com/en/global/wrigley-s/wrigley-s-extra-white-sweet-mint-chewing-gum-98g/p/000000000001611184/",
        "brand_name": "Wrigley's",
        "brand_url": "https://www.heinemann-shop.com/en/global/wrigley-s/c/BRAND_2063/",
        "product_name": "Wrigley's EXTRA White Sweet Mint chewing gum 98g",
        "quantity": "0.098\u00a0kg",
        "price": "\u20ac8.30",
        "price_per_quantity": "(\u20ac84.69 / 1 kg)",
        "stock_availability": "In stock, immediately available",
        "description": "Extra helps to keep teeth clean and neutralize plaque acids, so you have the confidence to smile and be at your best throughout theday. This multipack contains 7 x 10pc of Extra White Sweet Fruit gum.",
        "primary_image": "https://www.heinemann-shop.com/medias/527Wx527H-null?context=bWFzdGVyfGltYWdlc3wzMTQwMXxpbWFnZS9qcGVnfGFHSm1MMmcxTmk4NU9USXpPRE0wT1RBME5qQTJMelV5TjFkNE5USTNTRjl1ZFd4c3xjMWI0YjE5M2Q0MDI3ODlkYTRhMGI3YmYyODM1ZmE1MGU2YjQ1ODJlMTdiMWY2OWQ2ZjA0OWU3Y2Y2MTQ5ZjYz&v=1697661693523",
        "images": []
    },
    {
        "product_url": "https://www.heinemann-shop.com/en/global/ohde/ohde-royal-selection-300g/p/000000000001477799/",
        "brand_name": "Ohde",
        "brand_url": "https://www.heinemann-shop.com/en/global/ohde/c/BRAND_8377/",
        "product_name": "OHDE Royal selection 300g",
        "quantity": "0.3\u00a0kg",
        "price": "",
        "price_per_quantity": "(\u20ac133.00 / 1 kg)",
        "stock_availability": "",
        "description": "Berlin marzipan with a special appreciation for premium quality, a high content of almonds, less sugar, purity of ingredients and creative design. Enjoy OHDE marzipan in a fresh and contemporary way!",
        "primary_image": "https://www.heinemann-shop.com/medias/527Wx527H-null?context=bWFzdGVyfGltYWdlc3w1NzQ4OHxpbWFnZS9qcGVnfGFEY3lMMmhrTXk4eE1EZ3hPRGszTmpNeE56UTNNQzgxTWpkWGVEVXlOMGhmYm5Wc2JBfDYxMjZmYTc0NDNiNWY0NTdjN2Q2NTdmMDZjMzJhNDAwMzJiYjhkNGIzNTg0MzVkN2UyNmYyMjI3NjZmYzkyNmE&v=1719607053646",
        "images": []
    },
    {
        "product_url": "https://www.heinemann-shop.com/en/global/simply-chocolate/simply-giftbox-with-3-cubes-holding-af-total-of-27-pcs-of-single-wrapped-chocolate-in-3-taste-variations/p/000000000001618411/",
        "brand_name": "Simply Chocolate",
        "brand_url": "https://www.heinemann-shop.com/en/global/simply-chocolate/c/BRAND_5522/",
        "product_name": "SIMPLY Giftbox with 3 cubes holding af total of 27 pcs of single wrapped chocolate in 3 taste variations.",
        "quantity": "0.27\u00a0kg",
        "price": "\u20ac29.50",
        "price_per_quantity": "(\u20ac109.26 / 1 kg)",
        "stock_availability": "In stock",
        "description": "3 Cubes of premium chocolate bites combined in one box. Products are handmade in copenahgen using only natural ingredients. The Dark Marci, Pink Polly and Grainy Billy all equals up to the most delicious gift.",
        "primary_image": "https://www.heinemann-shop.com/medias/527Wx527H-null?context=bWFzdGVyfGltYWdlc3wyODk4NnxpbWFnZS9qcGVnfGFHTXhMMmc1T1M4eE1ESTFOREl5TmprME9ERXlOaTgxTWpkWGVEVXlOMGhmYm5Wc2JBfDNjMjU5YjI0Y2FkMzJiMmU2ZmYyMzI3ZDc5ZWQ4ZmRmN2VhZDk5Y2IxZDEwNWY2NmMwOTkyMjk0MDJhZWNkYjg&v=1706134590447",
        "images": []
    },
    {
        "product_url": "https://www.heinemann-shop.com/en/global/kalfany/kalfany-coffee-drops-150g/p/000000000001617089/",
        "brand_name": "Kalfany",
        "brand_url": "https://www.heinemann-shop.com/en/global/kalfany/c/BRAND_1249/",
        "product_name": "Kalfany Coffee Drops 150g",
        "quantity": "0.15\u00a0kg",
        "price": "\u20ac2.50",
        "price_per_quantity": "(\u20ac16.67 / 1 kg)",
        "stock_availability": "In stock, immediately available",
        "description": "Kalfany \"Travel Sweets\" in aromasaving travel tins offer a delicious sweet treat thanks to highest quality ingredients and offer exquisite taste, both at home and when travelling. Constant checks guarantee consistent first-class quality. Kalfany-Premium-Candy Tradition since 1948.",
        "primary_image": "https://www.heinemann-shop.com/medias/527Wx527H-null?context=bWFzdGVyfGltYWdlc3w1NDIzN3xpbWFnZS9qcGVnfGFEQTFMMmd6TkM4eE1ESTFOREl6TlRreU5qVTFPQzgxTWpkWGVEVXlOMGhmYm5Wc2JBfGFiNmMyNTg1ZmY1OGQ1YjcxNWE2OTRmNzhlNzIyMTY2ODc4ZTkxODFkNzA1NjZkNTBjNDE1YzZjYWNhZTFkMTA&v=1706134884041",
        "images": []
    },
    {
        "product_url": "https://www.heinemann-shop.com/en/global/kinder/kinder-mini-chocolate-milk-chocolate-mini-bar-with-a-milky-filling/p/000000000001598867/",
        "brand_name": "Kinder",
        "brand_url": "https://www.heinemann-shop.com/en/global/kinder/c/BRAND_4645/",
        "product_name": "Kinder Mini Chocolate milk chocolate mini bar with a milky filling",
        "quantity": "0.12\u00a0kg",
        "price": "\u20ac6.30",
        "price_per_quantity": "(\u20ac52.50 / 1 kg)",
        "stock_availability": "In stock, immediately available",
        "description": "The Kinder Chocolate mini has a unique taste and creamy filling coming in an individually wrapped small portion.",
        "primary_image": "https://www.heinemann-shop.com/medias/527Wx527H-null?context=bWFzdGVyfGltYWdlc3w4MzY2NnxpbWFnZS9qcGVnfGFEUTNMMmcyTlM4eE1USTVPRGs0TVRRM09EUXpNQzgxTWpkWGVEVXlOMGhmYm5Wc2JBfDIzMzU5NGI4ZmU3YTc0NGZkYmFkMTRlM2EzNDMwODMyMzkzZGI1ZTY1M2FmZjYyMTk0MzExZmYyNjUzY2JiOGE&v=1729548782619",
        "images": []
    },
    {
        "product_url": "https://www.heinemann-shop.com/en/global/frozen/frozen-money-box-with-crockki-30g/p/000000000001620577/",
        "brand_name": "Frozen",
        "brand_url": "https://www.heinemann-shop.com/en/global/frozen/c/BRAND_4837/",
        "product_name": "Frozen Money Box with Crockki 30g",
        "quantity": "0.03\u00a0kg",
        "price": "\u20ac9.30",
        "price_per_quantity": "(\u20ac310.00 / 1 kg)",
        "stock_availability": "In stock, immediately available",
        "description": "Collectable Frozen tin money box with a coin slot in the lid. Inside you will find 30g Crockki bites, crispy cocoa cereal with a cocoa shell.",
        "primary_image": "https://www.heinemann-shop.com/medias/527Wx527H-null?context=bWFzdGVyfGltYWdlc3w3NTI1MHxpbWFnZS9qcGVnfGFETTFMMmczTUM4eE1ESTFOREl6TWpBMU9Ua3pOQzgxTWpkWGVEVXlOMGhmYm5Wc2JBfGFmZTdkZDYwODAwNmZlYjkzMWVjYjc4YjhlYjExNGNlNWIyYjUxMWMzZjgzNjk3MTY0ZDA3MGU4MjNkNTM0ZGY&v=1706134760149",
        "images": []
    },
    {
        "product_url": "https://www.heinemann-shop.com/en/global/wrigley-s/wrigley-s-extra-spearmint-chewing-gum-98g/p/000000000001610888/",
        "brand_name": "Wrigley's",
        "brand_url": "https://www.heinemann-shop.com/en/global/wrigley-s/c/BRAND_2063/",
        "product_name": "Wrigley's EXTRA Spearmint chewing gum 98g",
        "quantity": "0.098\u00a0kg",
        "price": "\u20ac8.30",
        "price_per_quantity": "(\u20ac84.69 / 1 kg)",
        "stock_availability": "In stock, immediately available",
        "description": "Extra helps to keep teeth clean and neutralize plaque acids, so you have the confidence to smile and be at your best throughout theday. This multipack contains 7 x 10pc of Extra Spearmint gum.",
        "primary_image": "https://www.heinemann-shop.com/medias/527Wx527H-null?context=bWFzdGVyfGltYWdlc3wzMzM5OHxpbWFnZS9qcGVnfGFEVm1MMmd3T1M4NU9USXpPRE0xTmpVNE1qY3dMelV5TjFkNE5USTNTRjl1ZFd4c3xmYzExYjEyNzFkZjlmNjg4OGNmMjIxNzY2MmUyZGMwZTYxZmFmNWFlYzI1NTJmOTYxZTMyNjgzYjZkZDRhMTU1&v=1697661723635",
        "images": []
    },
    {
        "product_url": "https://www.heinemann-shop.com/en/global/simply-chocolate/simply-chocolate-chocolate-and-protein-bar/p/000000000001510111/",
        "brand_name": "Simply Chocolate",
        "brand_url": "https://www.heinemann-shop.com/en/global/simply-chocolate/c/BRAND_5522/",
        "product_name": "Simply Chocolate Chocolate and Protein bar",
        "quantity": "0.04\u00a0kg",
        "price": "\u20ac2.90",
        "price_per_quantity": "(\u20ac72.50 / 1 kg)",
        "stock_availability": "",
        "description": "New award winning protein bar made with with caramel, soy crisp, sesame covered in premium milk chocolate. All natural, naturally",
        "primary_image": "https://www.heinemann-shop.com/medias/527Wx527H-null?context=bWFzdGVyfGltYWdlc3wyOTk4MHxpbWFnZS9qcGVnfGFHUXdMMmhoWmk4eE1EWTJOREE1TkRjeU9ESXlNaTgxTWpkWGVEVXlOMGhmYm5Wc2JBfGIzMWFmYzUxZWE5NjE3NTg0NTk5ZWRjNGI1MDYwY2Q4MDkwZGE3Mjc0ZDVkNjk2ZmNmMjZkMTUzY2FiNjE2MWU&v=1715832918766",
        "images": []
    },
    {
        "product_url": "https://www.heinemann-shop.com/en/global/hofbauer/hofbauer-klimt-kuss-pralinen-200g/p/000000000001508155/",
        "brand_name": "Hofbauer",
        "brand_url": "https://www.heinemann-shop.com/en/global/hofbauer/c/BRAND_9125/",
        "product_name": "Hofbauer Klimt Kuss Pralinen 200g",
        "quantity": "0.2\u00a0kg",
        "price": "\u20ac13.99",
        "price_per_quantity": "(\u20ac69.95 / 1 kg)",
        "stock_availability": "",
        "description": "With the Klimt Creation, Hofbauer brings Gustav Klimt, probably the most important Austrian painter of the turn of the century, to life. An artistic gift for special occasions. Viennese art is combined with high-quality Viennese confectionery tradition.",
        "primary_image": "https://www.heinemann-shop.com/medias/527Wx527H-null?context=bWFzdGVyfGltYWdlc3w2NTAzOHxpbWFnZS9qcGVnfGFHTXpMMmhpWVM4eE1EazVOamM0TWpjeU56RTVPQzgxTWpkWGVEVXlOMGhmYm5Wc2JBfDVlYTk2OThmMzUzYzNkZDBiODMwMzI4MDdjYzMxYjVjMDJkMmYwYmQ2MTIyOTgzZTRkMjI4MGQzNmU4YjZiOGQ&v=1723757827436",
        "images": []
    },
    {
        "product_url": "https://www.heinemann-shop.com/en/global/simply-chocolate/simply-chocolate-rich-arnold-bar-40g/p/000000000001361734/",
        "brand_name": "Simply Chocolate",
        "brand_url": "https://www.heinemann-shop.com/en/global/simply-chocolate/c/BRAND_5522/",
        "product_name": "Simply Chocolate Rich Arnold bar 40g",
        "quantity": "0.04\u00a0kg",
        "price": "\u20ac2.90",
        "price_per_quantity": "(\u20ac72.50 / 1 kg)",
        "stock_availability": "",
        "description": "Handmade Danish Protein Bar. Simply Chocolate bars are deliciously tasting protein bars made from only the best nature has to offer. Supreme quality chocolate and absolutely no artificial additives.",
        "primary_image": "https://www.heinemann-shop.com/medias/527Wx527H-null?context=bWFzdGVyfGltYWdlc3wzMjEwN3xpbWFnZS9qcGVnfGFEQXdMMmhsWXk4eE1EY3lPRFE0TmpFd09USXhOQzgxTWpkWGVEVXlOMGhmYm5Wc2JBfGFmNDc5MmJhMTFmMGYwZjcyY2YxMTM3MDY3MjNjZjUyNTcxYzM5OWUwNGY4MDNjNjYwOGI4YWUxZDVmNGE4OWI&v=1717460793003",
        "images": []
    },
    {
        "product_url": "https://www.heinemann-shop.com/en/global/simply-chocolate/simply-chocolate-crispy-carrie-40g/p/000000000001429941/",
        "brand_name": "Simply Chocolate",
        "brand_url": "https://www.heinemann-shop.com/en/global/simply-chocolate/c/BRAND_5522/",
        "product_name": "Simply Chocolate Crispy Carrie 40g",
        "quantity": "0.04\u00a0kg",
        "price": "\u20ac2.70",
        "price_per_quantity": "(\u20ac67.50 / 1 kg)",
        "stock_availability": "",
        "description": "Crispy caramil, sea salt and premium chocolate",
        "primary_image": "https://www.heinemann-shop.com/medias/527Wx527H-null?context=bWFzdGVyfGltYWdlc3w0MDY0OHxpbWFnZS9qcGVnfGFETTJMMmc0TUM4NU56VTNNalV5T0RjNE16WTJMelV5TjFkNE5USTNTRjl1ZFd4c3xlM2NmNzgzZjkzN2I1OTc4NGVjMmVjMjRjOTM1NGYxN2YwOGNhNjBmNzAyYjI0YjFjOGZkY2EyMTg5MDE5Zjk3&v=1682034926085",
        "images": []
    },
    {
        "product_url": "https://www.heinemann-shop.com/en/global/simply-chocolate/simply-chocolate-love-marzipan-bar-40g/p/000000000001430887/",
        "brand_name": "Simply Chocolate",
        "brand_url": "https://www.heinemann-shop.com/en/global/simply-chocolate/c/BRAND_5522/",
        "product_name": "Simply Chocolate Love Marzipan Bar 40g",
        "quantity": "0.04\u00a0kg",
        "price": "\u20ac2.70",
        "price_per_quantity": "(\u20ac67.50 / 1 kg)",
        "stock_availability": "In stock",
        "description": "Underneath a colorful wrapping, symbolizing freedom, diversity and love, you'll find a double layer of premium dark chocolate with a centre of marzipan made from Valencia almonds.",
        "primary_image": "https://www.heinemann-shop.com/medias/527Wx527H-null?context=bWFzdGVyfGltYWdlc3w0NTU2OXxpbWFnZS9qcGVnfGFHUXlMMmhrWXk4NU9EQXdPVGs0TWpJek9UQXlMelV5TjFkNE5USTNTRjl1ZFd4c3w3OTk2ZTM3Yjc1ZTM3ZjI2MGJkYjg3NDRmZTFlODAxMGZlMmY4NWNhNjY0MGNlZjNlYmZjOWFhZTkzNzBmM2U5&v=1691490662798",
        "images": []
    },
    {
        "product_url": "https://www.heinemann-shop.com/en/global/tyrkisk-peber/tyrkisk-peber-pepper-liquorice-300g/p/000000000001473284/",
        "brand_name": "Tyrkisk Peber",
        "brand_url": "https://www.heinemann-shop.com/en/global/tyrkisk-peber/c/BRAND_5471/",
        "product_name": "Tyrkisk Peber Pepper Liquorice 300g",
        "quantity": "0.3\u00a0kg",
        "price": "\u20ac9.90",
        "price_per_quantity": "(\u20ac33.00 / 1 kg)",
        "stock_availability": "In stock, immediately available",
        "description": "TRAVELLER EXCLUSIVE Tyrkisk Peber is a salty liquorice classic with a peppery kick, and it\u2019s been a big hit ever since its launch in 1977. The liquorice shell of Tyrkisk Peber pepper liquorice sweets hides strong salty liquorice powder. Suitable for vegans. The attractive metal tin is the perfect gift for lovers of salty liquorice. Available on cruise ships and at airports.",
        "primary_image": "https://www.heinemann-shop.com/medias/527Wx527H-null?context=bWFzdGVyfGltYWdlc3w4NDM4N3xpbWFnZS9qcGVnfGFHRXdMMmhtWkM4eE1UZ3lOVFkyTkRFNU5qWXpPQzgxTWpkWGVEVXlOMGhmYm5Wc2JBfGEyMGU3YmE2YWYxNDI1ODJlNzlmODEyZjNmYmQ3MTExN2Y3YjBjN2NmZjA0ZWZjNDRlYjJiNGI5YjAwYzQyMjM&v=1740692996862",
        "images": []
    },
    {
        "product_url": "https://www.heinemann-shop.com/en/global/cartwright-butler/c-b-easter-egg-tin/p/000000000001661324/",
        "brand_name": "Cartwright & Butler",
        "brand_url": "https://www.heinemann-shop.com/en/global/cartwright-butler/c/BRAND_6725/",
        "product_name": "C&B Easter Egg Tin",
        "quantity": "0.2\u00a0kg",
        "price": "\u20ac21.90",
        "price_per_quantity": "(\u20ac109.50 / 1 kg)",
        "stock_availability": "In stock, immediately available",
        "description": "Sweet, rich & deliciously chocolatey are all words to describe these wonderful additions to our Easter range. Our Mini Chocolate Eggs are delicious hazelnut & milk chocolate praline\u2019s encased in a crunchy coloured sugar shell.",
        "primary_image": "https://www.heinemann-shop.com/medias/527Wx527H-null?context=bWFzdGVyfGltYWdlc3w0MjI0M3xpbWFnZS9qcGVnfGFETTNMMmcwTXk4eE1UUTBNRFEwT1RjeE5qSTFOQzgxTWpkWGVEVXlOMGhmYm5Wc2JBfDE3ZmVmYzAxM2NkYTdkZWU5OTNkMWMzN2NjODk3YWRjMmU0NWI2YmUzZTBkOTUyYzc1MDE3NjBjYzViMTIxMzM&v=1732572826929",
        "images": []
    },
    {
        "product_url": "https://www.heinemann-shop.com/en/global/pingvin/pingvin-salted-liquorice-270g/p/000000000001445458/",
        "brand_name": "Pingvin",
        "brand_url": "https://www.heinemann-shop.com/en/global/pingvin/c/BRAND_0392/",
        "product_name": "Pingvin Salted Liquorice 270g",
        "quantity": "0.27\u00a0kg",
        "price": "\u20ac6.90",
        "price_per_quantity": "(\u20ac25.56 / 1 kg)",
        "stock_availability": "In stock, immediately available",
        "description": "Our Pingvin Salted Liquorice Pastilles are absolute favourites, popular with kids as well as adults since 1926. Their chewy texture and deliciously fresh flavours make them sure carry-on choices for every journey",
        "primary_image": "https://www.heinemann-shop.com/medias/527Wx527H-null?context=bWFzdGVyfGltYWdlc3w1ODUxMHxpbWFnZS9qcGVnfGFEWTVMMmhqTUM4eE1USTROVGcyTVRZMk1qYzFNQzgxTWpkWGVEVXlOMGhmYm5Wc2JBfGYzOWUyYjMyNjhhNzg3MGQ5MDdhNjdiMjVkNTI4OWU3MGNlYWIwNGVlNGI5YjQ5ZjU3NTUyZTM4ZDU1YWIxZWQ&v=1729319903838",
        "images": []
    },
    {
        "product_url": "https://www.heinemann-shop.com/en/global/ritter-sport/ritter-sport-cocoa-class-74vol-peru-100g/p/000000000001375454/",
        "brand_name": "Ritter Sport",
        "brand_url": "https://www.heinemann-shop.com/en/global/ritter-sport/c/BRAND_0476/",
        "product_name": "Ritter Sport Cocoa Class 74% Peru 100g",
        "quantity": "0.1\u00a0kg",
        "price": "\u20ac4.50",
        "price_per_quantity": "(\u20ac45.00 / 1 kg)",
        "stock_availability": "In stock",
        "description": "All good things come in threes: Cocoa mass, cocoa butter and a little sugar. That's all you need for DIE KR\u00c4FTIGE cocoa class with 74% cocoa from Peru. It is so packed with cocoa that it should actually be called chocolate chocolate. By the way: cocoa was sacred to the Aztecs. Now you know why the cocoa class tastes great.",
        "primary_image": "https://www.heinemann-shop.com/medias/527Wx527H-null?context=bWFzdGVyfGltYWdlc3w1MjQ4NXxpbWFnZS9qcGVnfGFHRTRMMmhpTUM4eE1USTRORFk0TkRBM09URXpOQzgxTWpkWGVEVXlOMGhmYm5Wc2JBfGNhYjIzODZkNDE3Yjg0MTFkOTkzYzAyYWNmOGY3YTVmNjIwNGM2Y2FlNTc1ZmY4YjAyYWU2MjBmN2NjMTE0NTU&v=1729297261725",
        "images": []
    },
    {
        "product_url": "https://www.heinemann-shop.com/en/global/milka/alpenmilch-schokolade-mit-haselnussstueckchen-90g/p/000000000001688819/",
        "brand_name": "Milka",
        "brand_url": "https://www.heinemann-shop.com/en/global/milka/c/BRAND_0831/",
        "product_name": "Alpenmilch Schokolade mit Haselnussst\u00fcckchen 90g",
        "quantity": "0.09\u00a0kg",
        "price": "\u20ac3.30",
        "price_per_quantity": "(\u20ac36.67 / 1 kg)",
        "stock_availability": "In stock, immediately available",
        "description": "A big size tablet of tender Milka Alpine milk chocolate with crunchy pieces of whole hazelnuts inside.",
        "primary_image": "https://www.heinemann-shop.com/medias/527Wx527H-null?context=bWFzdGVyfGltYWdlc3wzOTE2OXxpbWFnZS9qcGVnfGFHSXhMMmd6WkM4eE1UYzVORGswTnpBME56UTFOQzgxTWpkWGVEVXlOMGhmYm5Wc2JBfGIxOGZkMTgzMmYyZGI2YjRhOTUxOTI4ZTY4ZTNmNGU5ZjA0ZWQyMzFmNDFkOWYzMzE3Y2ZkZjY3MWQ5ODU5ZGE&v=1740086011335",
        "images": []
    },
    {
        "product_url": "https://www.heinemann-shop.com/en/global/simply-chocolate/simply-chocolate-salty-fred-bar-40g/p/000000000001361732/",
        "brand_name": "Simply Chocolate",
        "brand_url": "https://www.heinemann-shop.com/en/global/simply-chocolate/c/BRAND_5522/",
        "product_name": "Simply Chocolate Salty Fred bar 40g",
        "quantity": "0.04\u00a0kg",
        "price": "\u20ac2.70",
        "price_per_quantity": "(\u20ac67.50 / 1 kg)",
        "stock_availability": "",
        "description": "",
        "primary_image": "https://www.heinemann-shop.com/medias/527Wx527H-null?context=bWFzdGVyfGltYWdlc3wzNzM1N3xpbWFnZS9qcGVnfGFHUmhMMmhsWlM4NU9EQXdPVFF6TmpNeU5ERTBMelV5TjFkNE5USTNTRjl1ZFd4c3wxNTFiOWIyYTc3OTc4YmQ1NzliZDkyNWNjYzE0ZmMzYzNmYTRhZmEzMDhjZGY3OWQwYzQ1Y2E2Y2QzZTlmODVj&v=1691484937896",
        "images": []
    },
    {
        "product_url": "https://www.heinemann-shop.com/en/global/guylian/guylian-luxury-assortment-opus-180g/p/000000000001342998/",
        "brand_name": "Guylian",
        "brand_url": "https://www.heinemann-shop.com/en/global/guylian/c/BRAND_1409/",
        "product_name": "Guylian Luxury Assortment Opus 180g",
        "quantity": "0.18\u00a0kg",
        "price": "\u20ac8.90",
        "price_per_quantity": "(\u20ac49.44 / 1 kg)",
        "stock_availability": "In stock, immediately available",
        "description": "Taste our divine chocolate symphony of the finest Belgian Chocolate pralines. The different fillings such as Hazelnut Pralin\u00e9; coffee, biscuit, fruit and more will bring you a chocolate symphony in your mouth!",
        "primary_image": "https://www.heinemann-shop.com/medias/527Wx527H-null?context=bWFzdGVyfGltYWdlc3w1ODY0OXxpbWFnZS9qcGVnfGFHWmtMMmhrTlM4eE1UYzROak01TURRM01EWTROaTgxTWpkWGVEVXlOMGhmYm5Wc2JBfGEzM2M2NzhjZGZhYmQyZGY5NzM5MTgzMmU5YTEwZWZkMjg2YmM4NTg0ZTRkN2RiMzY0Y2Y5MzQwODZlMmU2ZDk&v=1739914696179",
        "images": []
    },
    {
        "product_url": "https://www.heinemann-shop.com/en/global/anthon-berg/anthon-berg-mini-marzipan-bars-171g/p/000000000000450036/",
        "brand_name": "Anthon Berg",
        "brand_url": "https://www.heinemann-shop.com/en/global/anthon-berg/c/BRAND_0604/",
        "product_name": "Anthon Berg Mini Marzipan Bars 171g",
        "quantity": "0.171\u00a0kg",
        "price": "\u20ac6.90",
        "price_per_quantity": "(\u20ac40.35 / 1 kg)",
        "stock_availability": "",
        "description": "The original Anthon Berg marzipan bar is still made exactly as it was in 1898. Almond paste covered in delicious dark chocolate",
        "primary_image": "https://www.heinemann-shop.com/medias/527Wx527H-null?context=bWFzdGVyfGltYWdlc3w4NTkwM3xpbWFnZS9qcGVnfGFEWXhMMmcwTWk4NU56ZzJOalkwTVRVM01qRTBMelV5TjFkNE5USTNTRjl1ZFd4c3wxYzIyOGFhODc1M2RjZjFlOTdiNzQ5N2Q0NTlmYWMwNzk0MzdhY2VhM2Q0NDRiNzEzNmU2NWQwMjQzYjljNjdj&v=1689241236397",
        "images": []
    },
    {
        "product_url": "https://www.heinemann-shop.com/en/global/lakrids-by-buelow/lakrids-by-buelow-no-1-suesser-lakritz/p/000000000001376760/",
        "brand_name": "Lakrids by B\u00fclow",
        "brand_url": "https://www.heinemann-shop.com/en/global/lakrids-by-buelow/c/BRAND_7902/",
        "product_name": "Lakrids by B\u00fclow NO. 1 - S\u00fc\u00dfer Lakritz",
        "quantity": "0.15\u00a0kg",
        "price": "\u20ac8.90",
        "price_per_quantity": "(\u20ac59.33 / 1 kg)",
        "stock_availability": "In stock, immediately available",
        "description": "This is the pure essence of liquorice, with the natural sweetness from the liquorice root. Sweet taste balanced with strength and a touch of finesse from pure aniseed. To many, No.1 is not just their number one, it\u2019s their one and only.",
        "primary_image": "https://www.heinemann-shop.com/medias/527Wx527H-null?context=bWFzdGVyfGltYWdlc3w0MTE1MXxpbWFnZS9qcGVnfGFEVm1MMmd6WkM4eE1UYzRNalkwTWpNMk9EVTBNaTgxTWpkWGVEVXlOMGhmYm5Wc2JBfGVmZGZkYzJmNDdiMzM4YzhlMzRjYjQ3MGQ2YTdkN2M1OWYwYWE3YjdjNGZjZDNjODE2NWFmODY3NWQ5YTlkYmY&v=1739831603235",
        "images": []
    },
    {
        "product_url": "https://www.heinemann-shop.com/en/global/kalfany/kalfany-watermelon-drops-150g/p/000000000001617200/",
        "brand_name": "Kalfany",
        "brand_url": "https://www.heinemann-shop.com/en/global/kalfany/c/BRAND_1249/",
        "product_name": "Kalfany Watermelon Drops 150g",
        "quantity": "0.15\u00a0kg",
        "price": "\u20ac2.50",
        "price_per_quantity": "(\u20ac16.67 / 1 kg)",
        "stock_availability": "In stock, immediately available",
        "description": "Kalfany \"Travel Sweets\" in aromasaving travel tins offer a delicious sweet treat thanks to highest quality ingredients and offer exquisite taste, both at home and when travelling. Constant checks guarantee consistent first-class quality. Kalfany-Premium-Candy Tradition since 1948.",
        "primary_image": "https://www.heinemann-shop.com/medias/527Wx527H-null?context=bWFzdGVyfGltYWdlc3w1NTI0N3xpbWFnZS9qcGVnfGFEaGhMMmhsTkM4eE1ESTFOREl5TlRJME5ERTVNQzgxTWpkWGVEVXlOMGhmYm5Wc2JBfDc2MGE1NDkwYzRlYTY2Nzc1NzlkODBlYTE4NjcyNmRjNGEyYjQwZGFkYjFmMDkxMDVhMjQzMmU2OTk0Yjk3YTk&v=1706134537145",
        "images": []
    },
    {
        "product_url": "https://www.heinemann-shop.com/en/global/anthon-berg/the-easter-bunny-190g/p/000000000001597872/",
        "brand_name": "Anthon Berg",
        "brand_url": "https://www.heinemann-shop.com/en/global/anthon-berg/c/BRAND_0604/",
        "product_name": "The Easter Bunny 190g",
        "quantity": "0.19\u00a0kg",
        "price": "\u20ac12.90",
        "price_per_quantity": "(\u20ac67.89 / 1 kg)",
        "stock_availability": "",
        "description": "Easter Bunny containing a mix of bird eggs, licorice bird eggs, nougat bird eggs, almond eggs and chocolate eggs",
        "primary_image": "https://www.heinemann-shop.com/medias/527Wx527H-null?context=bWFzdGVyfGltYWdlc3w2NzQzMnxpbWFnZS9qcGVnfGFHTTRMMmczT0M4eE1UUTBNRFEwTmpVek56YzFPQzgxTWpkWGVEVXlOMGhmYm5Wc2JBfDQyYjcxZTBiMzcyYjEyNzJjMjI1N2FhNWViZTVhODk1MzFkYTRlNTNiOGYwYzJhMTdkZTAwODkzMGRlMjE2ZjQ&v=1732572601174",
        "images": []
    },
    {
        "product_url": "https://www.heinemann-shop.com/en/global/kalfany/kalfany-cherry-candies-150g/p/000000000000048819/",
        "brand_name": "Kalfany",
        "brand_url": "https://www.heinemann-shop.com/en/global/kalfany/c/BRAND_1249/",
        "product_name": "Kalfany Cherry Candies, 150g",
        "quantity": "0.15\u00a0kg",
        "price": "\u20ac2.50",
        "price_per_quantity": "(\u20ac16.67 / 1 kg)",
        "stock_availability": "In stock, immediately available",
        "description": "With concentrated fruit juice. No artificial colorants.German Candy Tradition. Made in Germany.",
        "primary_image": "https://www.heinemann-shop.com/medias/527Wx527H-null?context=bWFzdGVyfGltYWdlc3w1MTU4OXxpbWFnZS9qcGVnfGFHSXlMMmhpWkM4eE1EVXlOVEkxTnpFM01EazNOQzgxTWpkWGVEVXlOMGhmYm5Wc2JBfGEyZWU4OTYxNmY5ODA4ZDVmZjZiZTBjOWU0MWUzOGY4NjdkNGY4MjU1ZmE5MjMzY2EzMjE5NmY4YTQ4ODU1YmM&v=1712181091336",
        "images": []
    },
    {
        "product_url": "https://www.heinemann-shop.com/en/global/simply-chocolate/simply-giftbox-with-2-cubes-holding-af-total-of-18-pcs-of-single-wrapped-chocolate-in-2-taste-variations/p/000000000001618299/",
        "brand_name": "Simply Chocolate",
        "brand_url": "https://www.heinemann-shop.com/en/global/simply-chocolate/c/BRAND_5522/",
        "product_name": "SIMPLY Giftbox with 2 cubes holding af total of 18 pcs of single wrapped chocolate in 2 taste variations.",
        "quantity": "0.18\u00a0kg",
        "price": "\u20ac19.90",
        "price_per_quantity": "(\u20ac110.56 / 1 kg)",
        "stock_availability": "In stock",
        "description": "The perfect giftbox containing 2 Cubes each with 9 pieces of delicious chocolate bites made from all natural ingredients. Premium milk chocolate with crunchy caramel and smooth marzipan with thick cover of dark chocolate.",
        "primary_image": "https://www.heinemann-shop.com/medias/527Wx527H-null?context=bWFzdGVyfGltYWdlc3wzMDI5NXxpbWFnZS9qcGVnfGFHRTRMMmhpWlM4eE1ESTFORFF3TXpFd09EZzVOQzgxTWpkWGVEVXlOMGhmYm5Wc2JBfDc5ODI3ZjE4MTlhZDZkZTUxMDhmOWY5OGU0ZDI0MjEyNTYyNmUwZThiZTQ3Mjk5NWQyNjg1MzI0NmE2YTczZTY&v=1706134990145",
        "images": []
    },
    {
        "product_url": "https://www.heinemann-shop.com/en/global/geisha/geisha-unwrapped-pralines-on-tray-in-giftbox/p/000000000001562902/",
        "brand_name": "Geisha",
        "brand_url": "https://www.heinemann-shop.com/en/global/geisha/c/BRAND_5431/",
        "product_name": "Geisha unwrapped pralines on tray in giftbox",
        "quantity": "0.185\u00a0kg",
        "price": "\u20ac13.50",
        "price_per_quantity": "(\u20ac72.97 / 1 kg)",
        "stock_availability": "In stock, immediately available",
        "description": "Geisha milk chocolate wrapped around a hazelnut nougat filling. Geisha Selection is a selection of milk chocolate pralines concealing a soft yet crispy filling, which comes in the shape of a folding fan. All Fazer\u2019s delicious chocolates are made from 100% responsibly produced cocoa. Take a step back from your daily routine for a moment and enjoy a Geisha or two. This beautiful Geisha box also makes a memorable gift.",
        "primary_image": "https://www.heinemann-shop.com/medias/527Wx527H-null?context=bWFzdGVyfGltYWdlc3wyNTU0NHxpbWFnZS9qcGVnfGFEVmxMMmczWVM4eE1UYzROak01TVRBeU56YzBNaTgxTWpkWGVEVXlOMGhmYm5Wc2JBfGIxNTk5OTQ2Yjk5YTQ2MzlkOTMzYzUzOGY4OGVjMGNjZGQyNzc2OWYwZmJmYjY3ZmUzYTE2ZDQzYmFjZWI2MzQ&v=1739914900759",
        "images": []
    },
    {
        "product_url": "https://www.heinemann-shop.com/en/global/wrigley-s/wrigley-s-extra-eucalyptus-chewing-gum-98g/p/000000000001611185/",
        "brand_name": "Wrigley's",
        "brand_url": "https://www.heinemann-shop.com/en/global/wrigley-s/c/BRAND_2063/",
        "product_name": "Wrigley's EXTRA Eucalyptus chewing gum 98g",
        "quantity": "0.098\u00a0kg",
        "price": "\u20ac8.30",
        "price_per_quantity": "(\u20ac84.69 / 1 kg)",
        "stock_availability": "In stock, immediately available",
        "description": "Extra helps to keep teeth clean and neutralize plaque acids, so you have the confidence to smile and be at your best throughout theday. This multipack contains 7 x 10pc of Extra Eucalyptus gum.",
        "primary_image": "https://www.heinemann-shop.com/medias/527Wx527H-null?context=bWFzdGVyfGltYWdlc3wyNzAxN3xpbWFnZS9qcGVnfGFEazFMMmd3Tnk4NU9USXpPRE0xTVRZMk56VXdMelV5TjFkNE5USTNTRjl1ZFd4c3xkMWExMWU4MGUyODgxZTZhMDMxMTYyOTIzNjI0YWZiM2FhYzUwNzAzOTQ1MDQxNTE1NjE0YWI0YWRkZjc0NTJl&v=1697661702836",
        "images": []
    },
    {
        "product_url": "https://www.heinemann-shop.com/en/global/ritter-sport/ritter-sport-butterbiscuit-100g/p/000000000000058498/",
        "brand_name": "Ritter Sport",
        "brand_url": "https://www.heinemann-shop.com/en/global/ritter-sport/c/BRAND_0476/",
        "product_name": "Ritter Sport Butterbiscuit, 100g",
        "quantity": "0.1\u00a0kg",
        "price": "",
        "price_per_quantity": "(\u20ac35.00 / 1 kg)",
        "stock_availability": "",
        "description": "Ritter Sport Butter Biscuit is filled to the brim with 29% delicious and fabulous, chocolaty cocoa cream, it contains something very special: a perforated, square shortbread biscuit made especially for this bar. First, it is crisply baked with an extra portion of tasty butter. Then it is inserted into the finest milk chocolate. With every bite, you experience the double-crunch of chocolate and biscuit at the same time.",
        "primary_image": "https://www.heinemann-shop.com/medias/527Wx527H-null?context=bWFzdGVyfGltYWdlc3w2MTM0NHxpbWFnZS9qcGVnfGFESTJMMmd5TXk4eE1USTROREF4TWpFd05UYzFPQzgxTWpkWGVEVXlOMGhmYm5Wc2JBfDlhZmU5NzI0YmNlY2EwNTc1ZDY0Y2RhNzJlOTY3ODQyNzdmNzNkNmI3N2JhNTkyMmFhNWQ4ZmY2NjAwYjBkZmQ&v=1729288034127",
        "images": []
    },
    {
        "product_url": "https://www.heinemann-shop.com/en/global/barebells/barebells-soft-bar-marshmallow-rocky-road-55g/p/000000000001558664/",
        "brand_name": "Barebells",
        "brand_url": "https://www.heinemann-shop.com/en/global/barebells/c/BRAND_9186/",
        "product_name": "Barebells Soft Bar Marshmallow Rocky Road, 55g",
        "quantity": "0.055\u00a0kg",
        "price": "\u20ac3.50",
        "price_per_quantity": "(\u20ac63.64 / 1 kg)",
        "stock_availability": "",
        "description": "The Barebells Soft Protein Bar Rocky Road Marshmallow convinces with 17 grams of protein power with an incomparable, soft taste and no added sugar. Your new and ideal companion is filled with soft marshmallow puffs, crunchy peanuts and a creamy caramel sauce.",
        "primary_image": "https://www.heinemann-shop.com/medias/527Wx527H-null?context=bWFzdGVyfGltYWdlc3w0MDQ5NHxpbWFnZS9qcGVnfGFHVTBMMmhqWWk4NU9ETTROamd4T0RRNU9EZzJMelV5TjFkNE5USTNTRjl1ZFd4c3xjMzFlODgzMjczMzBkOWQ5OWNjOWRmMjRjZjVmMzMyOGZiNmJlMDg1ZTA0YmU5MGI0YWU2M2U1MGJiOTI1MjFi&v=1695155363775",
        "images": []
    },
    {
        "product_url": "https://www.heinemann-shop.com/en/global/neuhaus/neuhaus-irresistibles-box-250g/p/000000000001494467/",
        "brand_name": "Neuhaus",
        "brand_url": "https://www.heinemann-shop.com/en/global/neuhaus/c/BRAND_1376/",
        "product_name": "Neuhaus Irr\u00e9sistibles Box 250g",
        "quantity": "0.25\u00a0kg",
        "price": "\u20ac35.50",
        "price_per_quantity": "(\u20ac142.00 / 1 kg)",
        "stock_availability": "In stock, immediately available",
        "description": "The Neuhaus Collection Irr\u00e9sistibles Box contains a selection of 12 iconic Neuhaus Irr\u00e9sistibles chocolates. A contemporary and elegant gift box with unique Belgian pralines made of traditional artisanal nougatine hand-filled with smooth fresh cream or ganache and coated with chocolats noirs, chocolats au lait or chocolats blancs chocolate. We carefully select every ingredient, ensuring that every Neuhaus praline is of the highest quality and of 100% natural origin. All our products are made without GMOs and without palm oil. The perfect gift for any occasion or to keep for yourself.",
        "primary_image": "https://www.heinemann-shop.com/medias/527Wx527H-null?context=bWFzdGVyfGltYWdlc3w0MjEzOHxpbWFnZS9qcGVnfGFEQmxMMmd4T1M4NU9EQXhNVEk0TWpFME5UVTRMelV5TjFkNE5USTNTRjl1ZFd4c3w0OTVmOTA0MDBmMDZkYjI2MWE4N2JmODc4MDFhYTcyZWEyOTZmYjdjZWUzYjk1M2M2NmY5MTliOWU4YjIzOTBi&v=1691500835584",
        "images": []
    },
    {
        "product_url": "https://www.heinemann-shop.com/en/global/frozen/frozen-ceramic-mug-with-crockki-30g/p/000000000001620579/",
        "brand_name": "Frozen",
        "brand_url": "https://www.heinemann-shop.com/en/global/frozen/c/BRAND_4837/",
        "product_name": "Frozen Ceramic Mug with Crockki 30g",
        "quantity": "0.03\u00a0kg",
        "price": "\u20ac13.90",
        "price_per_quantity": "(\u20ac463.33 / 1 kg)",
        "stock_availability": "In stock, immediately available",
        "description": "Ceramic mug with a Disney Frozen design. Inside you will find 30g Crockki bites, crispy cocoa cereal with a cocoa shell.",
        "primary_image": "https://www.heinemann-shop.com/medias/527Wx527H-null?context=bWFzdGVyfGltYWdlc3w0OTcyMHxpbWFnZS9qcGVnfGFHSTNMMmhsWWk4eE1UWTJOalU1TURNek5UQXdOaTgxTWpkWGVEVXlOMGhmYm5Wc2JBfDFjNGIyZTY2YWQ3ZWMwOTcyNmE0NDliNzhjNDM0ODhjYWQ5MWEyMmM2ZTI2YTBhM2QyZDQzYzgzOGZlNjE3NTI&v=1737495134185",
        "images": []
    },
    {
        "product_url": "https://www.heinemann-shop.com/en/global/simply-chocolate/simply-chocolate-speedy-tom-bar-40g/p/000000000001361735/",
        "brand_name": "Simply Chocolate",
        "brand_url": "https://www.heinemann-shop.com/en/global/simply-chocolate/c/BRAND_5522/",
        "product_name": "Simply Chocolate Speedy Tom bar 40g",
        "quantity": "0.04\u00a0kg",
        "price": "\u20ac2.90",
        "price_per_quantity": "(\u20ac72.50 / 1 kg)",
        "stock_availability": "In stock",
        "description": "Handmade Danish Protein Bar. Simply Chocolate bars are deliciously tasting protein bars made from only the best nature has to offer. Supreme quality chocolate and absolutely no artificial additives.",
        "primary_image": "https://www.heinemann-shop.com/medias/527Wx527H-null?context=bWFzdGVyfGltYWdlc3wzMjAyOXxpbWFnZS9qcGVnfGFHTTNMMmcxTXk4eE1EWTJOREE1TlRNeE9EQTBOaTgxTWpkWGVEVXlOMGhmYm5Wc2JBfDc3NTE3YTFiNzY0NTM4Nzc0MTY5MWJkMjlhODdiODdkMDY4NDM3OTc3OGEwNWYyOGJhMTY1N2Y0OWRmNjQxNDM&v=1715832968388",
        "images": []
    },
    {
        "product_url": "https://www.heinemann-shop.com/en/global/neuhaus/neuhaus-collection-discovery-box-dark-265g/p/000000000001494465/",
        "brand_name": "Neuhaus",
        "brand_url": "https://www.heinemann-shop.com/en/global/neuhaus/c/BRAND_1376/",
        "product_name": "Neuhaus Collection Discovery Box Dark 265g",
        "quantity": "0.265\u00a0kg",
        "price": "\u20ac39.90",
        "price_per_quantity": "(\u20ac150.57 / 1 kg)",
        "stock_availability": "In stock, immediately available",
        "description": "The Neuhaus Collection Dark Box contains a selection of 24 timeless Neuhaus chocolats noirs filled chocolates. A contemporary, colourful and elegant gift box hand-filled with smooth fresh creams, pralin\u00e9s, ganaches, giandujas and caramels. We carefully select every ingredient, ensuring that every Neuhaus praline is of the highest quality and of 100% natural origin. All our products are made without GMOs and without palm oil. The perfect gift for any occasion or to keep for yourself.",
        "primary_image": "https://www.heinemann-shop.com/medias/527Wx527H-null?context=bWFzdGVyfGltYWdlc3w0NTk4MXxpbWFnZS9qcGVnfGFHWmpMMmhtWkM4NU56VTVOVFEzTkRJME56azRMelV5TjFkNE5USTNTRjl1ZFd4c3w5NTc3NmE5MTEyNDE3NmFhNDdlMzg5YTYxOGQ2NjMwMzRkOGY0MmRmOGYwZDY5NGIzZmIwZjYyMzM3YzQ3ZDJk&v=1682646330746",
        "images": []
    },
    {
        "product_url": "https://www.heinemann-shop.com/en/global/neuhaus/neuhaus-collection-truffle-box-184g/p/000000000001509423/",
        "brand_name": "Neuhaus",
        "brand_url": "https://www.heinemann-shop.com/en/global/neuhaus/c/BRAND_1376/",
        "product_name": "Neuhaus Collection Truffle Box 184g",
        "quantity": "0.184\u00a0kg",
        "price": "\u20ac30.90",
        "price_per_quantity": "(\u20ac167.93 / 1 kg)",
        "stock_availability": "In stock, immediately available",
        "description": "The Neuhaus Collection Truffle Box contains 16 classic Neuhaus truffles. A contemporary, colourful and elegant gift box with Belgian chocolate truffles filled with butter cream in the 6 most popular flavours: classic butter truffle, dark, cappucino, cognac, Marc de Champagne and speculoos. This assortment contains alcohol. All our chocolates are made in Belgium with sustainably sourced cocoa.",
        "primary_image": "https://www.heinemann-shop.com/medias/527Wx527H-null?context=bWFzdGVyfGltYWdlc3w1NDkwNXxpbWFnZS9qcGVnfGFHSmhMMmhrWWk4NU56VTVOVFV3TURRMk1qTTRMelV5TjFkNE5USTNTRjl1ZFd4c3xjNTM2OWE5ZDY3YjcyY2Y3OTIwYTZhZDViMDkzMzhlNmUxY2Q4Yzg1YzczN2YzOGViYzdmODdjMGFlNDgxMDc3&v=1682648116348",
        "images": []
    },
    {
        "product_url": "https://www.heinemann-shop.com/en/global/wrigley-s/extra-peppermint-46p-bottle-24x6-64g/p/000000000001497660/",
        "brand_name": "Wrigley's",
        "brand_url": "https://www.heinemann-shop.com/en/global/wrigley-s/c/BRAND_2063/",
        "product_name": "EXTRA Peppermint 46p bottle 24x6*64g",
        "quantity": "0.064\u00a0kg",
        "price": "",
        "price_per_quantity": "(\u20ac85.78 / 1 kg)",
        "stock_availability": "",
        "description": "From doughnuts to sandwiches and from orange juice to coffee, our days are filled with essentials, treats and pick me ups. Extra Sugar Free gum is your on the go Oral Care. Extra White Sweet Fruit in a easy to carry bottle.",
        "primary_image": "https://www.heinemann-shop.com/medias/527Wx527H-null?context=bWFzdGVyfGltYWdlc3w2MTcxN3xpbWFnZS9qcGVnfGFERXlMMmcyTVM4eE1URTVNRGMyTkRVek5UZ3pPQzgxTWpkWGVEVXlOMGhmYm5Wc2JBfDFlMzliN2RlMzA0OWIzNzlmYzBiYmM2YTdiYWU2Nzg0YjBhYTc0ZTk0NjIwNjYxYmVkMWRjMWM4Yzc3YWE4YTU&v=1727381753068",
        "images": []
    },
    {
        "product_url": "https://www.heinemann-shop.com/en/global/simply-chocolate/simply-chocolate-creamy-carol-bar-40g/p/000000000001430888/",
        "brand_name": "Simply Chocolate",
        "brand_url": "https://www.heinemann-shop.com/en/global/simply-chocolate/c/BRAND_5522/",
        "product_name": "Simply Chocolate Creamy Carol Bar 40g",
        "quantity": "0.04\u00a0kg",
        "price": "\u20ac2.70",
        "price_per_quantity": "(\u20ac67.50 / 1 kg)",
        "stock_availability": "",
        "description": "A thick layer of rich, dark premium chocolate covers a soft and creamy center of homemade caramel.",
        "primary_image": "https://www.heinemann-shop.com/medias/527Wx527H-null?context=bWFzdGVyfGltYWdlc3wzNjc2MHxpbWFnZS9qcGVnfGFEUXpMMmcyT1M4eE1EQXdNRGMyTXpZNE1qZzBOaTgxTWpkWGVEVXlOMGhmYm5Wc2JBfDZlYTE3NjI0ZjhjNjY1YzE5YmMyODhiNGU3ODkwZTQ3ZWMyYTdmY2JhYmZlYmMzMGJiMWYzZWIxMzk4OTE4ZTc&v=1699914760083",
        "images": []
    },
    {
        "product_url": "https://www.heinemann-shop.com/en/global/leschanz/leschanz-klimt-chocolate-150g-organic/p/000000000001137230/",
        "brand_name": "Leschanz",
        "brand_url": "https://www.heinemann-shop.com/en/global/leschanz/c/BRAND_2332/",
        "product_name": "Leschanz Klimt chocolate 150g, organic",
        "quantity": "0.05\u00a0kg",
        "price": "\u20ac21.99",
        "price_per_quantity": "(\u20ac439.80 / 1 kg)",
        "stock_availability": "",
        "description": "Finest organic milk chocolate tablets. The packaging shows famous paintings from Gustav Klimt.",
        "primary_image": "https://www.heinemann-shop.com/medias/1137230-527Wx527H?context=bWFzdGVyfGltYWdlc3w1Mzg3NnxpbWFnZS9qcGVnfGFEZzBMMmhpT0M4NU5qUTFOelEwT1RRM01qTXdMekV4TXpjeU16QmZOVEkzVjNnMU1qZEl8MjRmODkzZjU0MGY4NDdjYmZkZWViMWZkNTU3YjM2NmI4MmYyOGJmMjEwZWFhNzMxNmIzN2YwM2ZjZTIxZWE2MQ&v=1638911421312",
        "images": []
    },
    {
        "product_url": "https://www.heinemann-shop.com/en/global/paw-patrol/paw-patrol-cool-fan-with-candy/p/000000000001371730/",
        "brand_name": "Paw Patrol",
        "brand_url": "https://www.heinemann-shop.com/en/global/paw-patrol/c/BRAND_7802/",
        "product_name": "Paw Patrol Cool Fan with Candy",
        "quantity": "0.006\u00a0kg",
        "price": "\u20ac9.50",
        "price_per_quantity": "(\u20ac1,583.33 / 1 kg)",
        "stock_availability": "In stock",
        "description": "Press the button and the Cool Fan will cool you down. With 3D Paw Patrol figurine on top and dextrose candy hidden in the bottom.",
        "primary_image": "https://www.heinemann-shop.com/medias/527Wx527H-null?context=bWFzdGVyfGltYWdlc3wzODMzNHxpbWFnZS9qcGVnfGFEY3lMMmhqWkM4eE1UUTVOREF5TlRFd01UTTBNaTgxTWpkWGVEVXlOMGhmYm5Wc2JBfDJiYjlhYzYzZjAxZjRiNzcyNGQ3ZDRhZWYxYTg3MjMyZmY1ZGNiZTYwYjJkNzM1YjBmNzliN2NiZWM3NzUzMDk&v=1733781145614",
        "images": [
            "https://www.heinemann-shop.com/medias/527Wx527H-null?context=bWFzdGVyfGltYWdlc3wzODMzNHxpbWFnZS9qcGVnfGFEY3lMMmhqWkM4eE1UUTVOREF5TlRFd01UTTBNaTgxTWpkWGVEVXlOMGhmYm5Wc2JBfDJiYjlhYzYzZjAxZjRiNzcyNGQ3ZDRhZWYxYTg3MjMyZmY1ZGNiZTYwYjJkNzM1YjBmNzliN2NiZWM3NzUzMDk&v=1733781145614",
            "https://www.heinemann-shop.com/medias/527Wx527H-null?context=bWFzdGVyfGltYWdlc3wzNzcxMHxpbWFnZS9qcGVnfGFHSmxMMmd3Tnk4eE1UUTVOREF6TURNeE1UUTFOQzgxTWpkWGVEVXlOMGhmYm5Wc2JBfGI4MTc4Y2QwYmQwZmEyY2FkYzYyZGNmZDFjNDY3MTRjYmVhM2IwNjY2YTUwMTRiZTEzZmIwNzRhZGEwMDJlYTg&v=1733781429280",
            "https://www.heinemann-shop.com/medias/527Wx527H-null?context=bWFzdGVyfGltYWdlc3wzNTY1NXxpbWFnZS9qcGVnfGFEazNMMmd3TUM4eE1UUTVOREF6TURVME1EZ3pNQzgxTWpkWGVEVXlOMGhmYm5Wc2JBfDUxMjVhYTk2N2I1NjdhNzQ0NDcxYjlmODMyYjZhOTc1NTcyNmIxMjMyYmQzNjVhM2YyZTc4NjllZWNmOGZjY2Q&v=1733781440144"
        ]
    },
    {
        "product_url": "https://www.heinemann-shop.com/en/global/simply-chocolate/simply-chocolate-grainy-sue-bar-40g/p/000000000001094909/",
        "brand_name": "Simply Chocolate",
        "brand_url": "https://www.heinemann-shop.com/en/global/simply-chocolate/c/BRAND_5522/",
        "product_name": "Simply Chocolate Grainy Sue bar 40g",
        "quantity": "0.04\u00a0kg",
        "price": "\u20ac2.70",
        "price_per_quantity": "(\u20ac67.50 / 1 kg)",
        "stock_availability": "",
        "description": "Handmade Danish chocoloate. Simply Chocolate bars are deliciously tasting bars made from only the best nature has to offer. Supreme quality chocolate and absolutely no artificial additives.",
        "primary_image": "https://www.heinemann-shop.com/medias/527Wx527H-null?context=bWFzdGVyfGltYWdlc3wzODA2OHxpbWFnZS9qcGVnfGFEYzNMMmhpWkM4NU9EQXdPRGczTVRBM05qRTBMelV5TjFkNE5USTNTRjl1ZFd4c3xjYTVhNzJmNjZjYmM3MGEwMDIwNTBiMjczY2I0YmM1Zjc1OTJhOTc4ZThkZmMwMWM1MzUwM2ZjNzJlMWRjZGUy&v=1691470215479",
        "images": []
    },
    {
        "product_url": "https://www.heinemann-shop.com/en/global/lakrids-by-buelow/buelow-coffee-kieni-295g/p/000000000001401567/",
        "brand_name": "Lakrids by B\u00fclow",
        "brand_url": "https://www.heinemann-shop.com/en/global/lakrids-by-buelow/c/BRAND_7902/",
        "product_name": "B\u00fclow Coffee Kieni 295g",
        "quantity": "0.295\u00a0kg",
        "price": "\u20ac17.50",
        "price_per_quantity": "(\u20ac59.32 / 1 kg)",
        "stock_availability": "In stock, immediately available",
        "description": "Lakrids C is a sweet liquorice coated in a blend of smooth milk chocolate and Coffee Collective\u2019s coffee beans from the small community 'Kieni', located in the heart of Kenya. The roasting profiles are carefully selected for the development of Lakrids C because of its fruity and floral notes. To ensure the unique product quality we receive the freshly roasted coffee at our factory just prior to the liquorice production \u2013 a good source of coffee all day long.",
        "primary_image": "https://www.heinemann-shop.com/medias/527Wx527H-null?context=bWFzdGVyfGltYWdlc3w0NDk5OXxpbWFnZS9qcGVnfGFETm1MMmd6WkM4eE1UYzRNalkwTXpnME16RXdNaTgxTWpkWGVEVXlOMGhmYm5Wc2JBfDFhOGQzN2E0MTEwZjY0Yzc5Y2Y3OTY2OTBlN2RjNzdkZDVjNTNiMmYzYjAzN2Y2OGNmYzliZjUwM2ZkMzQ2YjU&v=1739831662876",
        "images": []
    },
    {
        "product_url": "https://www.heinemann-shop.com/en/global/confiserie-felicitas/felicitas-bar-milk-chocolate-salt-berlin-100g/p/000000000001447742/",
        "brand_name": "Confiserie Felicitas",
        "brand_url": "https://www.heinemann-shop.com/en/global/confiserie-felicitas/c/BRAND_2939/",
        "product_name": "Felicitas+bar milk chocolate salt Berlin+100g",
        "quantity": "0.1\u00a0kg",
        "price": "\u20ac6.90",
        "price_per_quantity": "(\u20ac69.00 / 1 kg)",
        "stock_availability": "In stock",
        "description": "Delicious, mild milk chocolate, combines with sea salt crystals and creates a special composition of sweet and salty components.",
        "primary_image": "",
        "images": []
    },
    {
        "product_url": "https://www.heinemann-shop.com/en/global/antica-torroneria-del-piemonte/antica-torroneria-del-piemontese-gianduja-sweet-truffles-box-125g/p/000000000001304142/",
        "brand_name": "Antica Torroneria del Piemonte",
        "brand_url": "https://www.heinemann-shop.com/en/global/antica-torroneria-del-piemonte/c/BRAND_6971/",
        "product_name": "Antica Torroneria del Piemontese Gianduja sweet truffles box 125g",
        "quantity": "0.125\u00a0kg",
        "price": "\u20ac9.90",
        "price_per_quantity": "(\u20ac79.20 / 1 kg)",
        "stock_availability": "In stock",
        "description": "Gianduja chocolate very rich in hazelnuts manufactured in a particular way to create an unique sweet where the hazelnuts flavor is stressed by the finest Belgium chocolate.",
        "primary_image": "https://www.heinemann-shop.com/medias/527Wx527H-null?context=bWFzdGVyfGltYWdlc3w0MDQ0MXxpbWFnZS9qcGVnfGFEQTJMMmhrTUM4eE1ERXlOVGN6T0Rrek5ETXdNaTgxTWpkWGVEVXlOMGhmYm5Wc2JBfGUyOWEyYzgyMzIxMWI4YjBiODk0MDIzZjhhODljYTYyZTA5ODBlYWI1Y2UzNzU2YzRkMmNiNDA2NmMyYTlkN2M&v=1702942643079",
        "images": []
    },
    {
        "product_url": "https://www.heinemann-shop.com/en/global/simply-chocolate/simply-chocolate-dark-marci-bar-40g/p/000000000001094971/",
        "brand_name": "Simply Chocolate",
        "brand_url": "https://www.heinemann-shop.com/en/global/simply-chocolate/c/BRAND_5522/",
        "product_name": "Simply Chocolate Dark Marci bar 40g",
        "quantity": "0.04\u00a0kg",
        "price": "\u20ac2.70",
        "price_per_quantity": "(\u20ac67.50 / 1 kg)",
        "stock_availability": "",
        "description": "Handmade Danish chocoloate. Simply Chocolate bars are deliciously tasting bars made from only the best nature has to offer. Supreme quality chocolate and absolutely no artificial additives. A double layer of chocolate 60% with a centre of marzipan made from 60% Valencia almonds. This sublime blend of sweet and bitter flavour is a forever tongue twister.",
        "primary_image": "https://www.heinemann-shop.com/medias/527Wx527H-null?context=bWFzdGVyfGltYWdlc3wzNTg1NnxpbWFnZS9qcGVnfGFHWXpMMmc0Tnk4eE1ERTRNRGc1TXpVd056WXhOQzgxTWpkWGVEVXlOMGhmYm5Wc2JBfDM1NWMxYmVjN2NmNmNjOTIyOTlmYmFhNjVkYWVmMTVmYjkwMDdiOTA2MDI4M2M0YmM4NTUxYzZmOTY5MjE0NjA&v=1704320848378",
        "images": []
    },
    {
        "product_url": "https://www.heinemann-shop.com/en/global/reese-s/reese-s-peanut-butter-cups-200g/p/000000000000504830/",
        "brand_name": "Reese's",
        "brand_url": "https://www.heinemann-shop.com/en/global/reese-s/c/BRAND_0134/",
        "product_name": "Reese's Peanut Butter Cups 200g",
        "quantity": "0.2\u00a0kg",
        "price": "\u20ac9.70",
        "price_per_quantity": "(\u20ac48.50 / 1 kg)",
        "stock_availability": "In stock, immediately available",
        "description": "Try the perfect combination of peanut butter and chocolate. Only from Reese's.",
        "primary_image": "https://www.heinemann-shop.com/medias/527Wx527H-null?context=bWFzdGVyfGltYWdlc3w5MDA5N3xpbWFnZS9qcGVnfGFEWmlMMmcyTmk4eE1ESXpOakV5TXpJNE16UTROaTgxTWpkWGVEVXlOMGhmYm5Wc2JBfDYyNTE2YWI2YTg5ZTU1Y2M4MGE0NGU2OTJjMTYxZDg1YTU2MmVkNzNlYmJlNzBmOGNlOGZmYmVlZjdkMTM0ODY&v=1705698905066",
        "images": []
    },
    {
        "product_url": "https://www.heinemann-shop.com/en/global/suesse-heimat-hamburg/chocolate-almonds-with-white-chocolate-and-the-flavour-of-passion-fruit-in-black-resealable-packaging/p/000000000001639351/",
        "brand_name": "S\u00fc\u00dfe Heimat Hamburg",
        "brand_url": "https://www.heinemann-shop.com/en/global/suesse-heimat-hamburg/c/BRAND_A197/",
        "product_name": "Chocolate almonds with white chocolate and the flavour of passion fruit in black resealable packaging",
        "quantity": "0.08\u00a0kg",
        "price": "\u20ac5.90",
        "price_per_quantity": "(\u20ac73.75 / 1 kg)",
        "stock_availability": "Low stock",
        "description": "Chocolate almonds with white chocolate and the flavour of passion fruit in black resealable packaging",
        "primary_image": "https://www.heinemann-shop.com/medias/527Wx527H-null?context=bWFzdGVyfGltYWdlc3w0ODg3NHxpbWFnZS9qcGVnfGFETTRMMmhrTVM4eE1UY3dPVFV6T1RrM05URTVPQzgxTWpkWGVEVXlOMGhmYm5Wc2JBfDQ4ZjFlNjY4OTEwMzQxMDM5OTUwNGRjNDhhNzE2NzkxOGJiYmUyYjY5Y2VjZmUyYWIwNDZmNjVlOGRiY2EzMzA&v=1738361639565",
        "images": [
            "https://www.heinemann-shop.com/medias/527Wx527H-null?context=bWFzdGVyfGltYWdlc3w0ODg3NHxpbWFnZS9qcGVnfGFETTRMMmhrTVM4eE1UY3dPVFV6T1RrM05URTVPQzgxTWpkWGVEVXlOMGhmYm5Wc2JBfDQ4ZjFlNjY4OTEwMzQxMDM5OTUwNGRjNDhhNzE2NzkxOGJiYmUyYjY5Y2VjZmUyYWIwNDZmNjVlOGRiY2EzMzA&v=1738361639565",
            "https://www.heinemann-shop.com/medias/527Wx527H-null?context=bWFzdGVyfGltYWdlc3w0NzU4OHxpbWFnZS9qcGVnfGFHUTVMMmhrTWk4eE1UY3dPVFUwT0RZNU1UUTROaTgxTWpkWGVEVXlOMGhmYm5Wc2JBfGRmODQ1Y2YzMTU1NTVkOGRhYmJkOGU5ODdlYmYyNzUxOWUyOWJjOTQzNzRmMWYyNTIyOTczMTM4ZmMyNTRkMDU&v=1738362018159"
        ]
    },
    {
        "product_url": "https://www.heinemann-shop.com/en/global/venchi/venchi-mini-book-metal-tin-with-assorted-chocoviar-119g/p/000000000001648997/",
        "brand_name": "Venchi",
        "brand_url": "https://www.heinemann-shop.com/en/global/venchi/c/BRAND_8202/",
        "product_name": "Venchi Mini book metal tin with assorted Chocoviar 119g",
        "quantity": "0.119\u00a0kg",
        "price": "",
        "price_per_quantity": "(\u20ac158.82 / 1 kg)",
        "stock_availability": "",
        "description": "A refined, illustrated yellow gift box that harks back to a bygone era, complete with sumptuous gourmet treats: an assortment of Chocoviar 75%, Orange and Stracciatella!",
        "primary_image": "https://www.heinemann-shop.com/medias/527Wx527H-null?context=bWFzdGVyfGltYWdlc3w1NzEyOHxpbWFnZS9qcGVnfGFEQmtMMmd3TXk4eE1EYzJOVGt5T1RFeE9UYzNOQzgxTWpkWGVEVXlOMGhmYm5Wc2JBfGFiZWMxZGVkNmUxZTg1Y2QzZWQyZWNiNDBkNDI0ZGI4NDU3Y2M1NDY4MGM4YjlkOTMwMzA0OThkZjBjMmY3YTQ&v=1718305980123",
        "images": []
    },
    {
        "product_url": "https://www.heinemann-shop.com/en/global/neuhaus/neuhaus-cocktail-box-25-chocolates/p/000000000001617087/",
        "brand_name": "Neuhaus",
        "brand_url": "https://www.heinemann-shop.com/en/global/neuhaus/c/BRAND_1376/",
        "product_name": "Neuhaus Cocktail Box, 25 chocolates",
        "quantity": "0.273\u00a0kg",
        "price": "\u20ac42.90",
        "price_per_quantity": "(\u20ac157.14 / 1 kg)",
        "stock_availability": "",
        "description": "The Chocolate Cocktail collection (xxG) contains 5 reinvented liqueur chocolates inspired by popular cocktails (Gin, Rum, Sake, Vodka, Whisky) and the result of a collaboration between Belgian mixologists and our Ma\u00eetres Chocolatiers.",
        "primary_image": "https://www.heinemann-shop.com/medias/527Wx527H-null?context=bWFzdGVyfGltYWdlc3w0NDUyMHxpbWFnZS9qcGVnfGFEWmlMMmhrTmk4eE1EazBOak0wTmpJMU5ETTJOaTgxTWpkWGVEVXlOMGhmYm5Wc2JBfDAyN2JlMzkxNTdkODI3NTNmOTRiZWNjN2VjOGQyYTgwMjNmZGFjMmI0ZGIxNjYyNTU5YjY0OGZmNDcyNjY4ODU&v=1722544537890",
        "images": [
            "https://www.heinemann-shop.com/medias/527Wx527H-null?context=bWFzdGVyfGltYWdlc3w0NDUyMHxpbWFnZS9qcGVnfGFEWmlMMmhrTmk4eE1EazBOak0wTmpJMU5ETTJOaTgxTWpkWGVEVXlOMGhmYm5Wc2JBfDAyN2JlMzkxNTdkODI3NTNmOTRiZWNjN2VjOGQyYTgwMjNmZGFjMmI0ZGIxNjYyNTU5YjY0OGZmNDcyNjY4ODU&v=1722544537890",
            "https://www.heinemann-shop.com/medias/527Wx527H-null?context=bWFzdGVyfGltYWdlc3w0MDkzMXxpbWFnZS9qcGVnfGFETmpMMmcyWkM4eE1EazBOak0wT1RRd01EQTVOQzgxTWpkWGVEVXlOMGhmYm5Wc2JBfDBiMGYwZWZmZmFiNTY4OGMxNTAxNDg3ZDQ1MDEyYzEzZWU1NDM4NzQ5MTg3NTZjZjJkYmJiMGI2YjFmODI0YWI&v=1722544691243"
        ]
    },
    {
        "product_url": "https://www.heinemann-shop.com/en/global/ritter-sport/ritter-sport-vegan-chocolate-bar-with-caramel-pieces/p/000000000001568778/",
        "brand_name": "Ritter Sport",
        "brand_url": "https://www.heinemann-shop.com/en/global/ritter-sport/c/BRAND_0476/",
        "product_name": "Ritter Sport vegan chocolate bar with caramel pieces",
        "quantity": "0.1\u00a0kg",
        "price": "\u20ac5.90",
        "price_per_quantity": "(\u20ac59.00 / 1 kg)",
        "stock_availability": "In stock",
        "description": "Vegan",
        "primary_image": "https://www.heinemann-shop.com/medias/527Wx527H-null?context=bWFzdGVyfGltYWdlc3w1NDc2OHxpbWFnZS9qcGVnfGFHVmhMMmhpWXk4eE1USTRORGswTWpJMU9ESXdOaTgxTWpkWGVEVXlOMGhmYm5Wc2JBfDQ4Y2FjZDUxM2RkM2M3MjNmOTk5NGU3NmQxNzc2YWE4OGRmMTM2ZDI3OTRmNTVhMjIyZDRlMTg5N2EzNGM0ODI&v=1729303942352",
        "images": []
    },
    {
        "product_url": "https://www.heinemann-shop.com/en/global/kalfany/kalfany-ice-refreshing-candies-150g/p/000000000000048799/",
        "brand_name": "Kalfany",
        "brand_url": "https://www.heinemann-shop.com/en/global/kalfany/c/BRAND_1249/",
        "product_name": "Kalfany Ice Refreshing Candies, 150g",
        "quantity": "0.15\u00a0kg",
        "price": "\u20ac2.50",
        "price_per_quantity": "(\u20ac16.67 / 1 kg)",
        "stock_availability": "In stock, immediately available",
        "description": "For extra fresh taste. No artificial colorants. German Candy Tradition. Made in Germany.",
        "primary_image": "https://www.heinemann-shop.com/medias/527Wx527H-null?context=bWFzdGVyfGltYWdlc3w1NzA0MHxpbWFnZS9qcGVnfGFHTTNMMmhtTVM4eE1EVXlOVFExTnpFeU1UTXhNQzgxTWpkWGVEVXlOMGhmYm5Wc2JBfGMyMDY1NDk3ZmVmZWU3YzUyMmZkMWM5NTA2NGVmYjZlMzVjYWY5YjFlYzA4MTljOTQ3ZDJlNWI4YzhjZTJiOWU&v=1712181310956",
        "images": []
    },
    {
        "product_url": "https://www.heinemann-shop.com/en/global/marabou/marabou-mint-croquant-220g/p/000000000001618365/",
        "brand_name": "Marabou",
        "brand_url": "https://www.heinemann-shop.com/en/global/marabou/c/BRAND_0481/",
        "product_name": "MARABOU MINT CROQUANT 220G",
        "quantity": "0.22\u00a0kg",
        "price": "\u20ac6.50",
        "price_per_quantity": "(\u20ac29.55 / 1 kg)",
        "stock_availability": "In stock, immediately available",
        "description": "Smooth and creamy milk chocolate with a refreshing hint of mint combined with crunchy caramel in a king size format. A fresh and fun product!",
        "primary_image": "https://www.heinemann-shop.com/medias/527Wx527H-null?context=bWFzdGVyfGltYWdlc3wzOTA3MnxpbWFnZS9qcGVnfGFEWmtMMmhsWVM4eE1EZzVOelV4TWpRNU56RTRNaTgxTWpkWGVEVXlOMGhmYm5Wc2JBfDk2NTAxM2YyNWM5NzFkNmQ5OTllMTNjNzY0MDA4NDllYzFhMWE3NWU5OWZhNmMyNzNjZDQ1MzNjMTYwOTM0OTQ&v=1721337781715",
        "images": []
    },
    {
        "product_url": "https://www.heinemann-shop.com/en/global/food2smile/food2smile-sugar-free-sour-gummy-sweets-with-sweeteners-20g-food2smile-sugar-free-gummy-sweets-with-fruit-flavours-with-sweeteners-20g-food2smile-sugar-free-candy-with-cola-cherry-and-fruit-flavours-20g/p/000000000001618412/",
        "brand_name": "food2smile",
        "brand_url": "https://www.heinemann-shop.com/en/global/food2smile/c/BRAND_9655/",
        "product_name": "Food2Smile sugar free sour gummy sweets with sweeteners, 20g; Food2Smile sugar free gummy sweets with fruit flavours, with sweeteners, 20g; Food2Smile sugar free candy with cola, cherry and fruit flavours, 20g",
        "quantity": "0.18\u00a0kg",
        "price": "\u20ac6.70",
        "price_per_quantity": "(\u20ac37.22 / 1 kg)",
        "stock_availability": "In stock, immediately available",
        "description": "These sour gummies are so enjoyable. Taste the flavours of lemon, orange and green apple.",
        "primary_image": "https://www.heinemann-shop.com/medias/527Wx527H-null?context=bWFzdGVyfGltYWdlc3w2OTE4NHxpbWFnZS9qcGVnfGFETTBMMmcwT0M4eE1ESTFOREl5TnpJeE1ESTNNQzgxTWpkWGVEVXlOMGhmYm5Wc2JBfDA1MGY3NGY4ZjNjNzViNmE4MTMyYWQyNTgwZDk2YzQ5NGU5MDU4OGJkOGFmOGNmMzZkZjUwN2M1ZjVjZGViYjE&v=1706134599154",
        "images": []
    },
    {
        "product_url": "https://www.heinemann-shop.com/en/global/guylian/luxury-assortment-opus-180g-gift-wrap-ballotin/p/000000000000506305/",
        "brand_name": "Guylian",
        "brand_url": "https://www.heinemann-shop.com/en/global/guylian/c/BRAND_1409/",
        "product_name": "Luxury assortment Opus 180g Gift wrap ballotin",
        "quantity": "0.18\u00a0kg",
        "price": "\u20ac12.90",
        "price_per_quantity": "(\u20ac71.67 / 1 kg)",
        "stock_availability": "In stock, immediately available",
        "description": "A symphony of flavours ,let the symphony of flavours surprise you thanks to the deliciously created masterpieces, such as Cappuccino Cream, Pear & Mango Ganache or Smooth Truffle. Each 180g Giftwrapped box contains 16 chocolates.",
        "primary_image": "https://www.heinemann-shop.com/medias/527Wx527H-null?context=bWFzdGVyfGltYWdlc3w0ODQ2OHxpbWFnZS9qcGVnfGFEWm1MMmhoTWk4eE1UYzROVGd4TWpNeE1qQTVOQzgxTWpkWGVEVXlOMGhmYm5Wc2JBfDg0NDY1ODA3ZDY0ZGZhZjg4MjgyMDFkZDUyNGY3MjhmYTEyNDY4NTQ1NzdiYjE0OTUzNjFhMGZlMDlhM2MwNmI&v=1739913535835",
        "images": [
            "https://www.heinemann-shop.com/medias/527Wx527H-null?context=bWFzdGVyfGltYWdlc3w0ODQ2OHxpbWFnZS9qcGVnfGFEWm1MMmhoTWk4eE1UYzROVGd4TWpNeE1qQTVOQzgxTWpkWGVEVXlOMGhmYm5Wc2JBfDg0NDY1ODA3ZDY0ZGZhZjg4MjgyMDFkZDUyNGY3MjhmYTEyNDY4NTQ1NzdiYjE0OTUzNjFhMGZlMDlhM2MwNmI&v=1739913535835",
            "https://www.heinemann-shop.com/medias/527Wx527H-null?context=bWFzdGVyfGltYWdlc3w3NzM1MXxpbWFnZS9qcGVnfGFEQmlMMmhqTkM4eE1UYzROak0zTXpNek16QXlNaTgxTWpkWGVEVXlOMGhmYm5Wc2JBfDJkMTUxNmM0Y2VlM2Q5YTZjYjg3NzU5NWNhZjVmOTdmZDUyODhkNmJjYTZkMzUzMDcwNDE3MzcxZWU0MzYzOTQ&v=1739913733821",
            "https://www.heinemann-shop.com/medias/527Wx527H-null?context=bWFzdGVyfGltYWdlc3w2MDIxNnxpbWFnZS9qcGVnfGFETXlMMmhqWWk4eE1UYzROak0zTXpVMk1qTTVPQzgxTWpkWGVEVXlOMGhmYm5Wc2JBfGZhNDQ2MGYzZjg0MzFiNTdjNjA0ZDZiMGVkMDZiNjA1MTI1ZmUxZGU4YTg3MzZlOTk4NjQ5MjIwZmI0YjEzZDg&v=1739913743725"
        ]
    },
    {
        "product_url": "https://www.heinemann-shop.com/en/global/fisherman-s-friend/salmiak-raspberry-and-menthol-flavour-lozenges-sugar-free/p/000000000001508547/",
        "brand_name": "Fisherman's Friend",
        "brand_url": "https://www.heinemann-shop.com/en/global/fisherman-s-friend/c/BRAND_0493/",
        "product_name": "Salmiak, Raspberry and Menthol Flavour Lozenges Sugar Free",
        "quantity": "0.1\u00a0kg",
        "price": "\u20ac6.70",
        "price_per_quantity": "(\u20ac67.00 / 1 kg)",
        "stock_availability": "In stock, immediately available",
        "description": "Fisherman\u2019s Friend Salmiak & Raspberry are menthol pastilles with a wonderful taste. The strong salmiak is matched with a wonderful fruit taste from raspberries, which gives a delicious taste experience.",
        "primary_image": "https://www.heinemann-shop.com/medias/527Wx527H-null?context=bWFzdGVyfGltYWdlc3w4Mzg2N3xpbWFnZS9qcGVnfGFHRTRMMmhsT1M4NU9EQXhNVE16TnpnMU1URTRMelV5TjFkNE5USTNTRjl1ZFd4c3w1ZTk2NTU2NzcxZjNmYzE0MzAzMTliMTc5MmE1M2JmMWYzMTM1YWQyNTgwMDc4OTRhMzcwMmU4NGNkZDZiNzhl&v=1691502938506",
        "images": []
    },
    {
        "product_url": "https://www.heinemann-shop.com/en/global/godiva/godiva-connoisseur-all-dark-187g/p/000000000001503231/",
        "brand_name": "Godiva",
        "brand_url": "https://www.heinemann-shop.com/en/global/godiva/c/BRAND_0818/",
        "product_name": "Godiva Connoisseur All Dark 187g",
        "quantity": "0.187\u00a0kg",
        "price": "",
        "price_per_quantity": "(\u20ac159.89 / 1 kg)",
        "stock_availability": "",
        "description": "The All Dark Box will certainly please and satisfy all lovers and connoisseurs of dark chocolate. This luxurious box is beautifully designed with a Gold and \"dark chocolate colour\" lid. With its 20 pieces, the giftbox features an exciting assortment of gourmet chocolates artfully paired with fruit fillings, Caramels, and more.",
        "primary_image": "https://www.heinemann-shop.com/medias/527Wx527H-null?context=bWFzdGVyfGltYWdlc3wzNTIyM3xpbWFnZS9qcGVnfGFETmlMMmd6TlM4NU56VTVOVFE1TWpJM01ETTRMelV5TjFkNE5USTNTRjl1ZFd4c3w0MDQ5MWYzMjQyOTI3YjEwNzRkZDNmMDFiOTFjMGI1MmVhZjMzMTY2NDgxNzZiZWI5NmMyNzYxNThjOWQzMDEw&v=1682647234444",
        "images": []
    },
    {
        "product_url": "https://www.heinemann-shop.com/en/global/marabou/marabou-oreo-220g/p/000000000001618362/",
        "brand_name": "Marabou",
        "brand_url": "https://www.heinemann-shop.com/en/global/marabou/c/BRAND_0481/",
        "product_name": "MARABOU OREO 220G",
        "quantity": "0.22\u00a0kg",
        "price": "\u20ac6.50",
        "price_per_quantity": "(\u20ac29.55 / 1 kg)",
        "stock_availability": "In stock, immediately available",
        "description": "Discover Marabou Oreo, where iconic Swedish milk chocolate meets the world\u2019s favorite cookie - a truly delicious combination! Enjoy the crunchy pieces of Oreo biscuit covered in Marabou milk chocolate, in a travel-size pack.",
        "primary_image": "https://www.heinemann-shop.com/medias/527Wx527H-null?context=bWFzdGVyfGltYWdlc3w0Mjg3N3xpbWFnZS9qcGVnfGFETTRMMmd3WVM4eE1EZzVOelV4T1Rrd01qYzFNQzgxTWpkWGVEVXlOMGhmYm5Wc2JBfGY3ZDVlNzI2MmE1N2U4YjU4NDRkNWJmZDk1NGZjOGJmMTU0YjllMTM1YmIyNzJjOWU4ZjE3NTk5ODNiZmQxNWE&v=1721338067253",
        "images": []
    },
    {
        "product_url": "https://www.heinemann-shop.com/en/global/niederegger/niederegger-marzipan-classic-variations-in-dark-chocolate-200g-summer-edition/p/000000000001511555/",
        "brand_name": "Niederegger",
        "brand_url": "https://www.heinemann-shop.com/en/global/niederegger/c/BRAND_1439/",
        "product_name": "Niederegger Marzipan classic variations in dark chocolate 200g Summer Edition",
        "quantity": "0.2\u00a0kg",
        "price": "\u20ac10.90",
        "price_per_quantity": "(\u20ac54.50 / 1 kg)",
        "stock_availability": "In stock, immediately available",
        "description": "Classics collection are available in a dazzling array of varieties in the Summer Edition. The 200g package contains the flavours pistachio, orange, pineapple and espresso.",
        "primary_image": "https://www.heinemann-shop.com/medias/527Wx527H-null?context=bWFzdGVyfGltYWdlc3w0NDA4N3xpbWFnZS9qcGVnfGFEVXpMMmhrWVM4eE1UYzRPVGc0T0RJeU5UTXhNQzgxTWpkWGVEVXlOMGhmYm5Wc2JBfGViZTg0MWFhYzZjZTNjOTlkYzY4ZTZiZWQ2YjAwMzBjNTA2ZTYzY2ZjYmM4NGI2MjJkZTcyNDVjMDBjNjA4YTY&v=1740000536499",
        "images": []
    },
    {
        "product_url": "https://www.heinemann-shop.com/en/global/guylian/guylian-bar-milk-100g/p/000000000001410851/",
        "brand_name": "Guylian",
        "brand_url": "https://www.heinemann-shop.com/en/global/guylian/c/BRAND_1409/",
        "product_name": "Guylian Bar Milk 100g",
        "quantity": "0.1\u00a0kg",
        "price": "",
        "price_per_quantity": "(\u20ac47.90 / 1 kg)",
        "stock_availability": "",
        "description": "Experience Guylian\u2019s new reduced-sugar bars, which usetop quality stevia-based sweeteners. The exquisite MilkChocolate bars are made from only the finestingredients, resulting in a smooth texture and a rich andbalanced taste. A divine treat for sugar-consciouschocolate lovers who still want to enjoy the indulgentflavour and melt-in-the-mouth texture of Belgianchocolate.",
        "primary_image": "https://www.heinemann-shop.com/medias/527Wx527H-null?context=bWFzdGVyfGltYWdlc3w1NDIxMXxpbWFnZS9qcGVnfGFHRmpMMmd3Tnk4eE1UYzROak00T1RFeU56RTVPQzgxTWpkWGVEVXlOMGhmYm5Wc2JBfDU3MTRkNjU4NjFmNTYxOTdjY2FhNzdiZjhlYjkzMmRlY2VlNGJjM2VhYTkyMWY3MDBiN2EyM2JiNjk2ODZjMjg&v=1739914631278",
        "images": [
            "https://www.heinemann-shop.com/medias/527Wx527H-null?context=bWFzdGVyfGltYWdlc3w1NDIxMXxpbWFnZS9qcGVnfGFHRmpMMmd3Tnk4eE1UYzROak00T1RFeU56RTVPQzgxTWpkWGVEVXlOMGhmYm5Wc2JBfDU3MTRkNjU4NjFmNTYxOTdjY2FhNzdiZjhlYjkzMmRlY2VlNGJjM2VhYTkyMWY3MDBiN2EyM2JiNjk2ODZjMjg&v=1739914631278",
            "https://www.heinemann-shop.com/medias/1410851-1-527Wx527H?context=bWFzdGVyfGltYWdlc3w3NDI2NnxpbWFnZS9qcGVnfGFEWTRMMmd3TXk4NU5qazBORFl4TVRBd01EWXlMekUwTVRBNE5URmZNVjgxTWpkWGVEVXlOMGd8OGI4NGVjYzg4MjFlYjRkNzlkYjM0NWUwOTI0OWE0MDRkZGQxM2QxYzM0YmUxZGIyMTg2MjA3ZThiOGU3MzU2MA&v=1657658058880",
            "https://www.heinemann-shop.com/medias/1410851-2-527Wx527H?context=bWFzdGVyfGltYWdlc3w1MDA0M3xpbWFnZS9qcGVnfGFEZGxMMmd3Tnk4NU5qazBORFl4TkRZd05URXdMekUwTVRBNE5URmZNbDgxTWpkWGVEVXlOMGd8NGU4ODc4OGU1NzYzZjBhNWIwNWNiM2YzMDgyMTAzZDJkNTlhMjU0NGE4Y2E0NGRiZGYzYzQ5MDdlYTJiNzdlOQ&v=1657658062450"
        ]
    },
    {
        "product_url": "https://www.heinemann-shop.com/en/global/wawi/wawi-laughing-easter-bunny-200g/p/000000000000654819/",
        "brand_name": "Wawi",
        "brand_url": "https://www.heinemann-shop.com/en/global/wawi/c/BRAND_3056/",
        "product_name": "Wawi Laughing Easter Bunny 200g",
        "quantity": "0.2\u00a0kg",
        "price": "\u20ac10.50",
        "price_per_quantity": "(\u20ac52.50 / 1 kg)",
        "stock_availability": "In stock, immediately available",
        "description": "Hollow figurines made out of the finest milk chocolate. A special molding process is used, so a special aluminum foil. That way the figurine comes out the perfect way.",
        "primary_image": "https://www.heinemann-shop.com/medias/527Wx527H-null?context=bWFzdGVyfGltYWdlc3w2MDYwMnxpbWFnZS9qcGVnfGFHSTJMMmhtTWk4eE1UUTVOemcyTkRNMk5EQTJNaTgxTWpkWGVEVXlOMGhmYm5Wc2JBfDczZmUyOGRiNWVkM2RlNTRjNzI3ZmViZTUwNTk1NWM3ZjczZjZmOThkMGMyZDY3MzliY2JlM2ZmM2U2MDMwZTA&v=1733868613911",
        "images": []
    },
    {
        "product_url": "https://www.heinemann-shop.com/en/global/cadbury/cadbury-dairy-milk-oreo-300g/p/000000000001199332/",
        "brand_name": "Cadbury",
        "brand_url": "https://www.heinemann-shop.com/en/global/cadbury/c/BRAND_0822/",
        "product_name": "Cadbury Dairy Milk Oreo 300g",
        "quantity": "0.3\u00a0kg",
        "price": "\u20ac8.90",
        "price_per_quantity": "(\u20ac29.67 / 1 kg)",
        "stock_availability": "In stock, immediately available",
        "description": "Layers of crunchy Oreo biscuit and creamy vanilla filling sandwiched between classic Cadbury Dairy Milk chocolate.",
        "primary_image": "https://www.heinemann-shop.com/medias/527Wx527H-null?context=bWFzdGVyfGltYWdlc3wzNTc1OXxpbWFnZS9qcGVnfGFHRTVMMmd3TUM4eE1EVTRPVFl3TnpZNU1ESTNNQzgxTWpkWGVEVXlOMGhmYm5Wc2JBfGE4NmVmNjAwOWRhODI0MzUxZjMzYzZmMzQ1NDg4ZTMyYmIzZDJmNTdiZGE5ZWYxZTM0NDFlODBiODZjZmRiNTI&v=1713845864091",
        "images": [
            "https://www.heinemann-shop.com/medias/527Wx527H-null?context=bWFzdGVyfGltYWdlc3wzNTc1OXxpbWFnZS9qcGVnfGFHRTVMMmd3TUM4eE1EVTRPVFl3TnpZNU1ESTNNQzgxTWpkWGVEVXlOMGhmYm5Wc2JBfGE4NmVmNjAwOWRhODI0MzUxZjMzYzZmMzQ1NDg4ZTMyYmIzZDJmNTdiZGE5ZWYxZTM0NDFlODBiODZjZmRiNTI&v=1713845864091",
            "https://www.heinemann-shop.com/medias/527Wx527H-null?context=bWFzdGVyfGltYWdlc3w0MDgwOXxpbWFnZS9qcGVnfGFEbG1MMmcwTVM4eE1EVTRPVGN5TVRNeU9UWTVOQzgxTWpkWGVEVXlOMGhmYm5Wc2JBfDMwNTBhOTg2YzgxOWRjNGQ3MzE3ZWQ3MTI5MjcwYzdiYmM0NTVhM2YwMzE4MTdjMmJjZWY0NDk0MzQ0NWY3MGU&v=1713846673501"
        ]
    },
    {
        "product_url": "https://www.heinemann-shop.com/en/global/lakrids-by-buelow/lakrids-by-buelow-no-2-salty-liquorice/p/000000000001376761/",
        "brand_name": "Lakrids by B\u00fclow",
        "brand_url": "https://www.heinemann-shop.com/en/global/lakrids-by-buelow/c/BRAND_7902/",
        "product_name": "Lakrids by B\u00fclow NO. 2 - Salty Liquorice",
        "quantity": "0.15\u00a0kg",
        "price": "\u20ac8.90",
        "price_per_quantity": "(\u20ac59.33 / 1 kg)",
        "stock_availability": "In stock, immediately available",
        "description": "When your lips close around a bite of this strong, salty liquorice, the potent Nordic taste explodes on your tongue, bringing up associations of the sea, tar, bonfire smoke and the scent of resin. No.2 is the absolute favourite in the Nordic countries.",
        "primary_image": "https://www.heinemann-shop.com/medias/527Wx527H-null?context=bWFzdGVyfGltYWdlc3w0Mjk3NHxpbWFnZS9qcGVnfGFEQXdMMmd5WXk4eE1UYzRNalkwTWpnNU1qZ3pNQzgxTWpkWGVEVXlOMGhmYm5Wc2JBfDBlOGRmM2NlNjgyYmFkYWMzOTJkNzM3YjQ2OGVjNWU2Y2VhYjYxYTdlOWI1ZTAzMGQ4NzMzZmNhNTI4ZDEwMzc&v=1739831626656",
        "images": []
    },
    {
        "product_url": "https://www.heinemann-shop.com/en/global/cavendish-harvey/cavendish-harvey-fruit-candies-966g/p/000000000001312514/",
        "brand_name": "Cavendish & Harvey",
        "brand_url": "https://www.heinemann-shop.com/en/global/cavendish-harvey/c/BRAND_0437/",
        "product_name": "Cavendish & Harvey Fruit Candies 966g",
        "quantity": "0.966\u00a0kg",
        "price": "\u20ac12.90",
        "price_per_quantity": "(\u20ac13.35 / 1 kg)",
        "stock_availability": "In stock, immediately available",
        "description": "This deluxe jar contains a delicious medley of fruit sweets made with real fruit juice: juicy lemon and orange, crispy apple, raspberry and sweet strawberry. For confectionery connoisseurs who want to savour the extraordinary.",
        "primary_image": "https://www.heinemann-shop.com/medias/527Wx527H-null?context=bWFzdGVyfGltYWdlc3w3NjQ2M3xpbWFnZS9qcGVnfGFEazFMMmc1TWk4NU56WXhNVFV4TXpJd01EazBMelV5TjFkNE5USTNTRjl1ZFd4c3wxOTdjNWI2ZGM4ZGMwMTEyNTY4MDg5MjNjOWM2ZTlkMTYyNDkwY2EyZmU0OWZhMzYxY2RjZDczZDE5YWRlMjQ3&v=1683169826241",
        "images": []
    },
    {
        "product_url": "https://www.heinemann-shop.com/en/global/toblerone/toblerone-white-100g/p/000000000000021150/",
        "brand_name": "Toblerone",
        "brand_url": "https://www.heinemann-shop.com/en/global/toblerone/c/BRAND_0485/",
        "product_name": "Toblerone White 100g",
        "quantity": "0.1\u00a0kg",
        "price": "",
        "price_per_quantity": "(\u20ac39.00 / 1 kg)",
        "stock_availability": "",
        "description": "Enjoy Toblerone, the iconic triangular chocolate from Switzerland with Honey and Almond Nougat. This pack contains 100g Toblerone White Chocolate - an ideal treat for sharing and snacking while traveling or at home. Made in Switzerland.",
        "primary_image": "https://www.heinemann-shop.com/medias/527Wx527H-null?context=bWFzdGVyfGltYWdlc3wzMzY2M3xpbWFnZS9qcGVnfGFEUm1MMmd3T1M4NU9EQXdOamswTkRNeE56YzBMelV5TjFkNE5USTNTRjl1ZFd4c3w4N2E5YjViNDBmM2E5MGIxNzk2MzE3NGVmNGI0MzdhNDk2ZWI0YmQ0MmUxODhmYzQ0ZDI0YmJjNzM4M2M2Y2Nl&v=1691441140971",
        "images": []
    },
    {
        "product_url": "https://www.heinemann-shop.com/en/global/kalfany/kalfany-multi-vitamin-candies-125g/p/000000000000048839/",
        "brand_name": "Kalfany",
        "brand_url": "https://www.heinemann-shop.com/en/global/kalfany/c/BRAND_1249/",
        "product_name": "Kalfany Multi-Vitamin Candies, 125g",
        "quantity": "0.125\u00a0kg",
        "price": "\u20ac2.50",
        "price_per_quantity": "(\u20ac20.00 / 1 kg)",
        "stock_availability": "In stock, immediately available",
        "description": "With concentrated fruit juice. No artificial colorants. German Candy Tradition. Made in Germany.",
        "primary_image": "https://www.heinemann-shop.com/medias/527Wx527H-null?context=bWFzdGVyfGltYWdlc3w0OTY0N3xpbWFnZS9qcGVnfGFERmhMMmcwTUM4eE1EVXlPRGN4TlRZek5qYzJOaTgxTWpkWGVEVXlOMGhmYm5Wc2JBfGNkYWFhYzkwMGM3OThmMjc0OTBlNTM0YzQ1NDBhN2NiMDFmOGRmMGNmYTRmMTQ5OTdmMjI5YmMwZjE2M2U3MzM&v=1712263713449",
        "images": []
    },
    {
        "product_url": "https://www.heinemann-shop.com/en/global/anthon-berg/anthon-berg-raspberry-in-orange-liqueur-220g/p/000000000001187275/",
        "brand_name": "Anthon Berg",
        "brand_url": "https://www.heinemann-shop.com/en/global/anthon-berg/c/BRAND_0604/",
        "product_name": "Anthon Berg Raspberry in Orange Liqueur 220g",
        "quantity": "0.22\u00a0kg",
        "price": "\u20ac7.90",
        "price_per_quantity": "(\u20ac35.91 / 1 kg)",
        "stock_availability": "In stock, immediately available",
        "description": "Anthon Berg Chocolate with marzipan and filling with Raspberry in Orange Liqueur.",
        "primary_image": "https://www.heinemann-shop.com/medias/527Wx527H-null?context=bWFzdGVyfGltYWdlc3w0Njc1MHxpbWFnZS9qcGVnfGFEUmlMMmhqWkM4NU56ZzNNRGN4TWpNME1EYzRMelV5TjFkNE5USTNTRjl1ZFd4c3xmMWFmODZmOWNkNThmYWVmMDhhODI4NGE4Nzg0YTJmYjRiNDA5YTQ2OTEwNzJlNzZjYTVlMTRjOWI1MjBkNjM0&v=1689276618477",
        "images": []
    },
    {
        "product_url": "https://www.heinemann-shop.com/en/global/lindt/maxi-plaisir-dark-hazelnut-150g/p/000000000001372255/",
        "brand_name": "Lindt",
        "brand_url": "https://www.heinemann-shop.com/en/global/lindt/c/BRAND_1486/",
        "product_name": "Maxi Plaisir Dark Hazelnut 150g",
        "quantity": "0.15\u00a0kg",
        "price": "",
        "price_per_quantity": "(\u20ac63.27 / 1 kg)",
        "stock_availability": "",
        "description": "Treat yourself with the mouthwatering Lindt Maxi Plaisir Dark Hazelnut. This delicious chocolate tablet comprises 34% whole aromatically roasted hazelnuts, surrounded by finest dark Swiss chocolate.",
        "primary_image": "https://www.heinemann-shop.com/medias/527Wx527H-null?context=bWFzdGVyfGltYWdlc3w3MTE4NnxpbWFnZS9qcGVnfGFERmhMMmd3T1M4eE1UUXdOekkxTWpZNE5EZ3pNQzgxTWpkWGVEVXlOMGhmYm5Wc2JBfDA4NDZjYzVjZTFmYzNiYTNiNDlkZmIyYmZiNTY0ZWM4ZGFkZmM4YmJlZTZlODA4MmU1NmYzNmYxZDgwYzlkZGY&v=1731618468345",
        "images": [
            "https://www.heinemann-shop.com/medias/527Wx527H-null?context=bWFzdGVyfGltYWdlc3w3MTE4NnxpbWFnZS9qcGVnfGFERmhMMmd3T1M4eE1UUXdOekkxTWpZNE5EZ3pNQzgxTWpkWGVEVXlOMGhmYm5Wc2JBfDA4NDZjYzVjZTFmYzNiYTNiNDlkZmIyYmZiNTY0ZWM4ZGFkZmM4YmJlZTZlODA4MmU1NmYzNmYxZDgwYzlkZGY&v=1731618468345",
            "https://www.heinemann-shop.com/medias/527Wx527H-null?context=bWFzdGVyfGltYWdlc3wzMjEyMHxpbWFnZS9qcGVnfGFHVXdMMmhtTUM4eE1UUXdOekkxT1RjMk1qY3hPQzgxTWpkWGVEVXlOMGhmYm5Wc2JBfGUyMTgyM2Q5NTA0ZWIxNGY1ZjRiNjFmNjQ1YjIyYzNlZDRmMTQ3OWY3N2JmN2QzYWYwZDUxZTYzMmQwMWNmNjU&v=1731618828813"
        ]
    },
    {
        "product_url": "https://www.heinemann-shop.com/en/global/antica-torroneria-del-piemonte/antica-torroneria-del-piemontese-sweet-truffles-box-125g/p/000000000001304145/",
        "brand_name": "Antica Torroneria del Piemonte",
        "brand_url": "https://www.heinemann-shop.com/en/global/antica-torroneria-del-piemonte/c/BRAND_6971/",
        "product_name": "Antica Torroneria del Piemontese Sweet truffles box 125g",
        "quantity": "0.125\u00a0kg",
        "price": "\u20ac9.90",
        "price_per_quantity": "(\u20ac79.20 / 1 kg)",
        "stock_availability": "In stock",
        "description": "Dark chocolate with hazelnuts in pieces and in paste, manufactured in a particular way to create an unique sweet, the original sweet truffle.",
        "primary_image": "https://www.heinemann-shop.com/medias/527Wx527H-null?context=bWFzdGVyfGltYWdlc3wzODU2MXxpbWFnZS9qcGVnfGFEQmlMMmczWVM4eE1ERXlOVGN6T1RNNU16QTFOQzgxTWpkWGVEVXlOMGhmYm5Wc2JBfDdmYzcwMjgyZTNkMTBhZjRhNTYwMWI0NTc0NmFhOTk4YTI5YzlkZjdlNWNjYWUxYzUzZjcyZGJjMDM4MzM3NGE&v=1702942665946",
        "images": []
    },
    {
        "product_url": "https://www.heinemann-shop.com/en/global/confiserie-felicitas/confiserie-felicitas-brandenburg-gate-writing-milk-chocolate-125-g/p/000000000001214012/",
        "brand_name": "Confiserie Felicitas",
        "brand_url": "https://www.heinemann-shop.com/en/global/confiserie-felicitas/c/BRAND_2939/",
        "product_name": "Confiserie Felicitas, Brandenburg Gate writing, milk chocolate 125 g",
        "quantity": "0.125\u00a0kg",
        "price": "\u20ac17.50",
        "price_per_quantity": "(\u20ac140.00 / 1 kg)",
        "stock_availability": "In stock",
        "description": "Pure pleasure from natural raw materials, combined with individual handwork: thanks to the fall of the Berlin wall Belgian-Brandenburg chocolate history is written in Hornow since 1992. The Berlin wall has divided the German capital from 13th August 1961 until its opening on November the 9th 1989. These pieces of the wall made of delightful chocolate, symbolise the joy and hope of the reunification.",
        "primary_image": "https://www.heinemann-shop.com/medias/1214012-527Wx527H?context=bWFzdGVyfGltYWdlc3w1NTk4MHxpbWFnZS9qcGVnfGFHWTBMMmc1TlM4NU5qa3hOamt5TURRd01qSXlMekV5TVRRd01USmZOVEkzVjNnMU1qZEl8ZWY4NWZiMzA1OTQ2NDhhNDg5ZDZhNzY0ZTZhODU3Y2Y0YzhiNmY1MjQ3ZGYxMTdkMjYyODE2YzdiMDg2ZjY4OQ&v=1656362464912",
        "images": []
    },
    {
        "product_url": "https://www.heinemann-shop.com/en/global/simply-chocolate/simply-giftbox-with-3-cubes-holding-af-total-of-27-pcs-of-single-wrapped-chocolate-in-3-taste-variations/p/000000000001618410/",
        "brand_name": "Simply Chocolate",
        "brand_url": "https://www.heinemann-shop.com/en/global/simply-chocolate/c/BRAND_5522/",
        "product_name": "SIMPLY Giftbox with 3 cubes holding af total of 27 pcs of single wrapped chocolate in 3 taste variations.",
        "quantity": "0.27\u00a0kg",
        "price": "\u20ac29.50",
        "price_per_quantity": "(\u20ac109.26 / 1 kg)",
        "stock_availability": "In stock",
        "description": "Love is in the air is a real treat to bring home from your journey. 3 cubes with the absolute favorites from SIMPLY. Grainy Sue, Crispy Carrie and the new delicious Cookie Joe is satisfaction guaranteed. All made only with Natural ingredients.",
        "primary_image": "https://www.heinemann-shop.com/medias/527Wx527H-null?context=bWFzdGVyfGltYWdlc3wzODU1N3xpbWFnZS9qcGVnfGFEa3dMMmhoTXk4eE1ESTFOREl5TmpZNE5UazRNaTgxTWpkWGVEVXlOMGhmYm5Wc2JBfGVhMjM0ZmE2YzBhNDQ1YjQ0ZDgyNjUyOTI4MTI5NDUwYzFkNmJiMGM2NGJlNWNmMjY3NzE5NDM1NjQzMjc3YWQ&v=1706134581556",
        "images": []
    },
    {
        "product_url": "https://www.heinemann-shop.com/en/global/baratti-milano/baratti-milano-emozioni-d-italia-box-145g/p/000000000000502037/",
        "brand_name": "Baratti & Milano",
        "brand_url": "https://www.heinemann-shop.com/en/global/baratti-milano/c/BRAND_2506/",
        "product_name": "Baratti & Milano Emozioni D'Italia Box 145g",
        "quantity": "0.145\u00a0kg",
        "price": "",
        "price_per_quantity": "(\u20ac124.07 / 1 kg)",
        "stock_availability": "",
        "description": "Gianduiotto: An expert mixture of the best varieties of cocoa with the precious sweetness of the \u201cTonde e Gentili\u201d hazelnuts, with their unmistakable shape of an overturned boat.",
        "primary_image": "https://www.heinemann-shop.com/medias/527Wx527H-null?context=bWFzdGVyfGltYWdlc3w1MjQxN3xpbWFnZS9qcGVnfGFEazNMMmd6Wmk4NU56WXhNVEExT1RNMk5ERTBMelV5TjFkNE5USTNTRjl1ZFd4c3xlZmJlZjAwZjE4NTRlZTZjZjcyYjQwN2QxZjYzNGIwMTc0NWViN2EwMTMzNjA2ODRkN2IwMGU3MTdlZTUzYzA2&v=1683149122854",
        "images": []
    },
    {
        "product_url": "https://www.heinemann-shop.com/en/global/van-slooten/van-slooten-safari-animals-320g-vegan-gluten-free/p/000000000001625346/",
        "brand_name": "Van Slooten",
        "brand_url": "https://www.heinemann-shop.com/en/global/van-slooten/c/BRAND_1852/",
        "product_name": "Van Slooten Safari Animals 320g Vegan & Gluten Free",
        "quantity": "0.34\u00a0kg",
        "price": "\u20ac6.50",
        "price_per_quantity": "(\u20ac19.12 / 1 kg)",
        "stock_availability": "In stock, immediately available",
        "description": "The Iconic Van Slooten Safari Animals, Fruity Flavours packed in the travel exclusive Van Slooten tin, Vegan and Gluten Free",
        "primary_image": "https://www.heinemann-shop.com/medias/527Wx527H-null?context=bWFzdGVyfGltYWdlc3w2ODA3NHxpbWFnZS9qcGVnfGFEVXdMMmhoWWk4eE1EVXlOREU1T0RFd09USXhOQzgxTWpkWGVEVXlOMGhmYm5Wc2JBfDgyNmE1M2Q2NmJiMWEzMzcwMDg3Yjc3YTRmMjEwY2I2MzdlMTljNWMwM2E1OTgyNDQ2OTZjNTc4ZmM2NmZiMWE&v=1712176538720",
        "images": []
    },
    {
        "product_url": "https://www.heinemann-shop.com/en/global/guylian/guylian-temptations-mix-easter-egg-125g/p/000000000001658833/",
        "brand_name": "Guylian",
        "brand_url": "https://www.heinemann-shop.com/en/global/guylian/c/BRAND_1409/",
        "product_name": "Guylian Temptations Mix Easter Egg 125g",
        "quantity": "0.125\u00a0kg",
        "price": "\u20ac9.30",
        "price_per_quantity": "(\u20ac74.40 / 1 kg)",
        "stock_availability": "",
        "description": "Share the joy with family and friends, discover our Guylian's Temptations, now in festive and playful Easter design, perfect for a gift. Our iconic seahorses are individually wrapped for an ideal sharing experience and come in 3 popular flavours, ranging from our iconic Original pralin\u00e9, Dark Pralin\u00e9 and Caramel. Our Temptations are made with premium Belgian chocolate from 100% Fairtrade Cocoa and the highest quality ingredients of 100% natural origin.",
        "primary_image": "https://www.heinemann-shop.com/medias/527Wx527H-null?context=bWFzdGVyfGltYWdlc3w3MjUzNHxpbWFnZS9qcGVnfGFHSTVMMmd6WWk4eE1UUTBNRFEwT1RrM09ETTVPQzgxTWpkWGVEVXlOMGhmYm5Wc2JBfDVkMzIyMDY5NDkzYzliOGYzYmE3MGJjODdlM2M4ZmE1OTI0OTM4NDZmZDI4NWZmMTdlYWMxOGVlODBhNWE5OTI&v=1732572838974",
        "images": [
            "https://www.heinemann-shop.com/medias/527Wx527H-null?context=bWFzdGVyfGltYWdlc3w3MjUzNHxpbWFnZS9qcGVnfGFHSTVMMmd6WWk4eE1UUTBNRFEwT1RrM09ETTVPQzgxTWpkWGVEVXlOMGhmYm5Wc2JBfDVkMzIyMDY5NDkzYzliOGYzYmE3MGJjODdlM2M4ZmE1OTI0OTM4NDZmZDI4NWZmMTdlYWMxOGVlODBhNWE5OTI&v=1732572838974",
            "https://www.heinemann-shop.com/medias/527Wx527H-null?context=bWFzdGVyfGltYWdlc3w1MDUxMXxpbWFnZS9qcGVnfGFHWTNMMmhrTnk4eE1UUTBNRFExTURnek1ETTJOaTgxTWpkWGVEVXlOMGhmYm5Wc2JBfGZlZDRmYzRlN2RlN2Y4ZGQyZTMxZDVhNzFkMWE1NWE3YTg3OTU0M2RiZDRhZjY1MDM1YzAxNzcxOTgzODU3ZmI&v=1732572875071"
        ]
    },
    {
        "product_url": "https://www.heinemann-shop.com/en/global/dumle/dumle-fudge-chocolate-bag-with-twisted-pralines/p/000000000001562903/",
        "brand_name": "Dumle",
        "brand_url": "https://www.heinemann-shop.com/en/global/dumle/c/BRAND_6808/",
        "product_name": "Dumle Fudge chocolate bag with twisted pralines",
        "quantity": "0.3\u00a0kg",
        "price": "\u20ac7.90",
        "price_per_quantity": "(\u20ac26.33 / 1 kg)",
        "stock_availability": "",
        "description": "Dumle fudge is a delicious Dumle flavoured soft fudge covered with smooth milk chocolate that literally will melt in your mouth. Share a bag of tasty Dumle fudge with your loved ones. Made from 100% responsibly produced cocoa.",
        "primary_image": "https://www.heinemann-shop.com/medias/527Wx527H-null?context=bWFzdGVyfGltYWdlc3w3MDg4OHxpbWFnZS9qcGVnfGFETTJMMmczTXk4eE1UYzROak01TVRJMU56RXhPQzgxTWpkWGVEVXlOMGhmYm5Wc2JBfDRhNTc0ZmIyNjQ3NjlmNGRjNzVmZDAzYmFjY2Y2YzgzNDc0NmE1MjUxYTJhYzVmNTliMjNiNjEzMjY1Zjg0ODU&v=1739914914037",
        "images": []
    },
    {
        "product_url": "https://www.heinemann-shop.com/en/global/haribo/haribo-goldbears-box-450g-halal/p/000000000001308777/",
        "brand_name": "Haribo",
        "brand_url": "https://www.heinemann-shop.com/en/global/haribo/c/BRAND_1079/",
        "product_name": "Haribo Goldbears Box 450g halal",
        "quantity": "0.45\u00a0kg",
        "price": "\u20ac8.90",
        "price_per_quantity": "(\u20ac19.78 / 1 kg)",
        "stock_availability": "In stock, immediately available",
        "description": "The first completely innovative packaging in an exclusive HARIBO Goldbear design. Now also in the halal assortment!",
        "primary_image": "https://www.heinemann-shop.com/medias/527Wx527H-null?context=bWFzdGVyfGltYWdlc3wxNDA2NjN8aW1hZ2UvanBlZ3xhR1JrTDJnek1pOHhNVEk0TlRZNU9Ea3pOamcyTWk4MU1qZFhlRFV5TjBoZmJuVnNiQXw4M2JmYTUxYzQwYmNiZjI5ODI5YTZlNTBkMWRmNTVlNDA3ODAzYjM4NzRkMzQ4ZDY1YWVlNGI5ZjQzNGJkNTc1&v=1729318555226",
        "images": [
            "https://www.heinemann-shop.com/medias/527Wx527H-null?context=bWFzdGVyfGltYWdlc3wxNDA2NjN8aW1hZ2UvanBlZ3xhR1JrTDJnek1pOHhNVEk0TlRZNU9Ea3pOamcyTWk4MU1qZFhlRFV5TjBoZmJuVnNiQXw4M2JmYTUxYzQwYmNiZjI5ODI5YTZlNTBkMWRmNTVlNDA3ODAzYjM4NzRkMzQ4ZDY1YWVlNGI5ZjQzNGJkNTc1&v=1729318555226",
            "https://www.heinemann-shop.com/medias/527Wx527H-null?context=bWFzdGVyfGltYWdlc3wxMzY0MjF8aW1hZ2UvanBlZ3xhRFExTDJoaE9DOHhNVEk0TlRjd01URTJOVEE0Tmk4MU1qZFhlRFV5TjBoZmJuVnNiQXw5NTJmOGMxOTQ4MWM2NmJhZTdkMGI3OGUyZWFlZDJiOWJhNTA1MjU4MDY3OTdmNDBiMTlhMjViNTc0OGUyMjk3&v=1729318783170"
        ]
    },
    {
        "product_url": "https://www.heinemann-shop.com/en/global/lakrids-by-buelow/buelow-black-box-590g/p/000000000001401610/",
        "brand_name": "Lakrids by B\u00fclow",
        "brand_url": "https://www.heinemann-shop.com/en/global/lakrids-by-buelow/c/BRAND_7902/",
        "product_name": "B\u00fclow Black Box 590g",
        "quantity": "0.59\u00a0kg",
        "price": "\u20ac34.90",
        "price_per_quantity": "(\u20ac59.15 / 1 kg)",
        "stock_availability": "In stock, immediately available",
        "description": "Lakrids by B\u00fclow is all about the joy of sharing and giving. For any season and any occasion, our Danish confectionery made with love in Copenhagen is the perfect gift when you really want to put a smile on someone\u2019s face.",
        "primary_image": "https://www.heinemann-shop.com/medias/527Wx527H-null?context=bWFzdGVyfGltYWdlc3wzNzE1M3xpbWFnZS9qcGVnfGFEQXdMMmc1WkM4eE1UYzRNalkwTmpFMk9UWXpNQzgxTWpkWGVEVXlOMGhmYm5Wc2JBfDM4Njg3YTY2MjA0OWI1OGIxNWZhMjc2MTBhNDhkYmM1ZTNhZDA0MDc5YzBhM2I2MzdmZDAzYjExZGQxMWY5Yzc&v=1739831785735",
        "images": []
    },
    {
        "product_url": "https://www.heinemann-shop.com/en/global/cavendish-harvey/cavendish-harvey-duo-fruit-lemon-strawberry-175g/p/000000000001510095/",
        "brand_name": "Cavendish & Harvey",
        "brand_url": "https://www.heinemann-shop.com/en/global/cavendish-harvey/c/BRAND_0437/",
        "product_name": "Cavendish & Harvey Duo Fruit Lemon Strawberry 175g",
        "quantity": "0.175\u00a0kg",
        "price": "\u20ac3.50",
        "price_per_quantity": "(\u20ac20.00 / 1 kg)",
        "stock_availability": "In stock, immediately available",
        "description": "Discover the delicious contrast of two different fruits in one Drop. Tingling Lemon fruit is on the outside while rich Strawberry fruit is the filling on the inside. Together they create an invigorating sour-sweet taste like you have never experienced before. Double Fruit Drops, made with real fruit juices, are dusted with icing sugar and sealed in a premium gold tin for the highest quality freshness.",
        "primary_image": "https://www.heinemann-shop.com/medias/527Wx527H-null?context=bWFzdGVyfGltYWdlc3w3MDc3MXxpbWFnZS9qcGVnfGFESmpMMmhsWlM4NU56WXhNak00T0RjMk1Ua3dMelV5TjFkNE5USTNTRjl1ZFd4c3w2Y2NkYThiNzA1NWFkMTYyOWI5ZmU1ZTllYzU4ZDg0MjlmNGRiNWUyYTBkMTBkNzViZDQ0ZTU4ZjMyMDRjODdk&v=1683185408069",
        "images": []
    },
    {
        "product_url": "https://www.heinemann-shop.com/en/global/anthon-berg/anthon-berg-signatures-250g/p/000000000001445472/",
        "brand_name": "Anthon Berg",
        "brand_url": "https://www.heinemann-shop.com/en/global/anthon-berg/c/BRAND_0604/",
        "product_name": "Anthon Berg Signatures 250g",
        "quantity": "0.25\u00a0kg",
        "price": "\u20ac15.90",
        "price_per_quantity": "(\u20ac63.60 / 1 kg)",
        "stock_availability": "In stock, immediately available",
        "description": "Anthon Berg Signatures gift box is a premium chocolate box with a selection of our well-known signature pralines as well as new exciting pieces. The selection comprises pralines and solid chocolate, dark, milk and white chocolate - something for every taste reference. The box is without marzipan, liquorice and alcohol",
        "primary_image": "https://www.heinemann-shop.com/medias/527Wx527H-null?context=bWFzdGVyfGltYWdlc3w0Mjc1M3xpbWFnZS9qcGVnfGFHVTFMMmcxTVM4NU56ZzNNall4TXpJeE1qUTJMelV5TjFkNE5USTNTRjl1ZFd4c3xkZjRlZDhmYzIxYjY3ODg1MjRhNmEyMTZlM2ZhYjM1MTE0YzQwZjY4NTU2NGQxYTkzMTJmYjdjMjJkZWZkODdh&v=1689292538117",
        "images": []
    },
    {
        "product_url": "https://www.heinemann-shop.com/en/global/freia/freia-smarkfull-strawberry-cheesecake-300g/p/000000000001476248/",
        "brand_name": "Freia",
        "brand_url": "https://www.heinemann-shop.com/en/global/freia/c/BRAND_1378/",
        "product_name": "Freia Smarkfull Strawberry Cheesecake 300g",
        "quantity": "0.3\u00a0kg",
        "price": "\u20ac6.90",
        "price_per_quantity": "(\u20ac23.00 / 1 kg)",
        "stock_availability": "In stock, immediately available",
        "description": "The XXL-combination of smooth, light & creamy cheesecake layer with crunchy biscuit topped with tasty strawberry sauce covered in tender milk chocolate.",
        "primary_image": "https://www.heinemann-shop.com/medias/527Wx527H-null?context=bWFzdGVyfGltYWdlc3wzMDY4MnxpbWFnZS9qcGVnfGFEQXlMMmd6WlM4NU9EQXhNREUzTlRnNU56a3dMelV5TjFkNE5USTNTRjl1ZFd4c3w4NDFhMDQ2MWM5YzVjZDRlNDRlY2VjMzZjODc5YzVhMzUzZDc5MzhjYjkyNWViYzNiZDEwZjE4MzI0MTc4Yjc4&v=1691497240010",
        "images": []
    },
    {
        "product_url": "https://www.heinemann-shop.com/en/global/anthon-berg/anthon-berg-cherry-in-rum-220g/p/000000000001187272/",
        "brand_name": "Anthon Berg",
        "brand_url": "https://www.heinemann-shop.com/en/global/anthon-berg/c/BRAND_0604/",
        "product_name": "Anthon Berg Cherry in Rum 220g",
        "quantity": "0.22\u00a0kg",
        "price": "\u20ac7.90",
        "price_per_quantity": "(\u20ac35.91 / 1 kg)",
        "stock_availability": "In stock, immediately available",
        "description": "Anthon Berg Chocolate with marzipan and filling with Cherry in Rum.",
        "primary_image": "https://www.heinemann-shop.com/medias/527Wx527H-null?context=bWFzdGVyfGltYWdlc3w0NDMzMnxpbWFnZS9qcGVnfGFHRXlMMmcyTUM4NU56ZzNNRGN3TVRnMU5UQXlMelV5TjFkNE5USTNTRjl1ZFd4c3xjODcxNWIxZjU4ZWZlOTgxZTU5ZGJlZDkyZDg0ZjRiYTkyZDEwY2JhNDFlMTZkZDdjMjUyYmZiOTdmNWFiMzZj&v=1689276036777",
        "images": []
    },
    {
        "product_url": "https://www.heinemann-shop.com/en/global/karl-fazer/karl-fazer-milk-chocolate-250g/p/000000000000175549/",
        "brand_name": "Karl Fazer",
        "brand_url": "https://www.heinemann-shop.com/en/global/karl-fazer/c/BRAND_5434/",
        "product_name": "Karl Fazer Milk Chocolate 250g",
        "quantity": "0.25\u00a0kg",
        "price": "\u20ac5.50",
        "price_per_quantity": "(\u20ac22.00 / 1 kg)",
        "stock_availability": "In stock, immediately available",
        "description": "Karl Fazer Milk Chocolate sweetens everyday life with its uniquely rich and velvety smooth taste. The genuine Finnish chocolate is famous for its delicious taste, carefully selected high-quality ingredients and its Fazer blue wrapper.",
        "primary_image": "https://www.heinemann-shop.com/medias/527Wx527H-null?context=bWFzdGVyfGltYWdlc3wzNTE5MXxpbWFnZS9qcGVnfGFEazRMMmcyT0M4eE1UYzROak0zTURnd09UZzROaTgxTWpkWGVEVXlOMGhmYm5Wc2JBfDRjNGUxMzBkY2RhZDEzY2Q3MzI3NjM2MzUzNjg3NjQ1Y2IwZjZkYzc4YzI3MWM1MWEyYjBlMGRhMDQxY2E0M2Q&v=1739913603575",
        "images": []
    },
    {
        "product_url": "https://www.heinemann-shop.com/en/global/confiserie-felicitas/confiserie-felicitas-berlin-wall-writing-alex-dark-chocolate-125-g/p/000000000001193597/",
        "brand_name": "Confiserie Felicitas",
        "brand_url": "https://www.heinemann-shop.com/en/global/confiserie-felicitas/c/BRAND_2939/",
        "product_name": "Confiserie Felicitas, Berlin wall Writing Alex, dark chocolate 125 g",
        "quantity": "0.125\u00a0kg",
        "price": "\u20ac17.50",
        "price_per_quantity": "(\u20ac140.00 / 1 kg)",
        "stock_availability": "In stock",
        "description": "Pure pleasure from natural raw materials, combined with individual handwork: thanks to the fall of the Berlin wall Belgian-Brandenburg chocolate history is written in Hornow since 1992. The Berlin wall has divided the German capital from 13th August 1961 until its opening on November the 9th 1989. These pieces of the wall made of delightful chocolate, symbolise the joy and hope of the reunification.",
        "primary_image": "https://www.heinemann-shop.com/medias/1193597-527Wx527H?context=bWFzdGVyfGltYWdlc3w1NzQ5OXxpbWFnZS9qcGVnfGFXMWhaMlZ6TDJneVlpOW9ObVV2T1RNMU1UazBNVFE0T0RZM01DNXFjR2N8MWZiODc3YmM0MmMzNGZiNzQyY2ZmYTIwYTVjMjIzMjUxNjI2YWY5NjVjOTA0YzNlNzZkNTA3ZDc2YjY1MDcxMQ&v=1577758999634",
        "images": []
    },
    {
        "product_url": "https://www.heinemann-shop.com/en/global/leschanz/leschanz-sissi-imperial-crowns-pralines-fine-milk-chocolate-with-crispy-hazelnut-filling-80g/p/000000000001261859/",
        "brand_name": "Leschanz",
        "brand_url": "https://www.heinemann-shop.com/en/global/leschanz/c/BRAND_2332/",
        "product_name": "Leschanz \"Sissi\" Imperial crowns - pralines fine milk chocolate with crispy hazelnut filling 80g",
        "quantity": "0.08\u00a0kg",
        "price": "\u20ac25.99",
        "price_per_quantity": "(\u20ac324.88 / 1 kg)",
        "stock_availability": "",
        "description": "Finest Chocolate Crowns, filled with crispy hazelnuts. Pleasure in highest perfection!",
        "primary_image": "https://www.heinemann-shop.com/medias/1261859-527Wx527H?context=bWFzdGVyfGltYWdlc3w1NzA2OHxpbWFnZS9qcGVnfGFXMWhaMlZ6TDJoalpDOW9ZbVF2T1RNek9UZ3hNelUyTURNMU1DNXFjR2N8MmQ4NmY2ODMyZTY4ZWZiY2MyN2VlMzQ4NDUyOTVmMDZkZGEzZWRjNDUzYzEyMzExZjVjNTZlMjg3YTYxMTdiYg&v=1576778259326",
        "images": []
    },
    {
        "product_url": "https://www.heinemann-shop.com/en/global/heindl/heindl-austria-chocolate-bars-with-pictures-90g/p/000000000001079374/",
        "brand_name": "Heindl",
        "brand_url": "https://www.heinemann-shop.com/en/global/heindl/c/BRAND_2733/",
        "product_name": "Heindl Austria Chocolate Bars With Pictures, 90g",
        "quantity": "0.09\u00a0kg",
        "price": "\u20ac7.99",
        "price_per_quantity": "(\u20ac88.78 / 1 kg)",
        "stock_availability": "",
        "description": "18 little chocolotate bars in finest whole milk chocolate.",
        "primary_image": "https://www.heinemann-shop.com/medias/1079374-527Wx527H?context=bWFzdGVyfGltYWdlc3w1NTI5OHxpbWFnZS9qcGVnfGFHTmlMMmhsWkM4NU5qWXpOakkwTXpnd05EUTJMekV3Tnprek56UmZOVEkzVjNnMU1qZEl8ZTA2YWEzMTlkZGU4NDdhNWI0ZmE5N2QxZGExZTBiYWVlMmFjZTUxY2UzZWY1NDU1NWUyODVlYzNmYjU3MGMwNg&v=1646946992792",
        "images": []
    },
    {
        "product_url": "https://www.heinemann-shop.com/en/global/liquer-fills/liquer-fills-pralines-travel-box-300g/p/000000000001020990/",
        "brand_name": "Liquer Fills",
        "brand_url": "https://www.heinemann-shop.com/en/global/liquer-fills/c/BRAND_5439/",
        "product_name": "Liquer Fills Pralines Travel Box 300g",
        "quantity": "0.3\u00a0kg",
        "price": "\u20ac10.90",
        "price_per_quantity": "(\u20ac36.33 / 1 kg)",
        "stock_availability": "In stock, immediately available",
        "description": "Dark chocolate pralines filled with festive liqueur in four traditional flavours: rum, punch, maraschino and cherry brandy. The fill is the thrill.",
        "primary_image": "https://www.heinemann-shop.com/medias/527Wx527H-null?context=bWFzdGVyfGltYWdlc3w3MzU5NHxpbWFnZS9qcGVnfGFETXdMMmczWXk4eE1UYzROak0zTnpneU1qSXpPQzgxTWpkWGVEVXlOMGhmYm5Wc2JBfDFjYWU0MGE4YTMyOWIxMjE4NDJiY2E5YzZjNjdmZjI1NTMzYWEyMmI5NzE4Yjk3MDdlZTkyYmNlNWFkN2NhNDE&v=1739913947405",
        "images": []
    },
    {
        "product_url": "https://www.heinemann-shop.com/en/global/fruitella/fruittella-jumbostick-summerfuits-vegan-with-orange-strawberry-and-lemon-taste/p/000000000001593501/",
        "brand_name": "Fruitella",
        "brand_url": "https://www.heinemann-shop.com/en/global/fruitella/c/BRAND_8519/",
        "product_name": "Fruittella Jumbostick Summerfuits vegan with Orange, Strawberry and Lemon taste.",
        "quantity": "0.328\u00a0kg",
        "price": "\u20ac8.90",
        "price_per_quantity": "(\u20ac27.13 / 1 kg)",
        "stock_availability": "In stock, immediately available",
        "description": "Fruittella is uniquely rich and juicy in taste  and has a chewy texture. It is indulgent, authentic, and a perfect travel companion. The Fruittella Summer Fruits Jumbostick contains 8 single sticks of the Orange, Strawberry and Lemon flavour, focussing primarily on families with children aged 4-12 years old.",
        "primary_image": "https://www.heinemann-shop.com/medias/527Wx527H-null?context=bWFzdGVyfGltYWdlc3wzMjg4NXxpbWFnZS9qcGVnfGFEaGxMMmhoWVM4eE1USTROakkzT0RBME5UY3lOaTgxTWpkWGVEVXlOMGhmYm5Wc2JBfDM5NDkzZjE2YzY3MmNkNjlmZGY3Mjc3MzljZGRkNGMzNzQzMDViYjI2NThkM2I3N2U3NGI3MDI0ZWZlMzFiYzg&v=1729323227857",
        "images": []
    },
    {
        "product_url": "https://www.heinemann-shop.com/en/global/guylian/guylian-belgian-seashells-collection-362g/p/000000000001617933/",
        "brand_name": "Guylian",
        "brand_url": "https://www.heinemann-shop.com/en/global/guylian/c/BRAND_1409/",
        "product_name": "Guylian Belgian seashells collection 362g",
        "quantity": "0.362\u00a0kg",
        "price": "\u20ac14.90",
        "price_per_quantity": "(\u20ac41.16 / 1 kg)",
        "stock_availability": "In stock, immediately available",
        "description": "Guylian's iconic product combined with our new variaton of the classic recipe. Each box contains 22 chocolate seashells filled with irrisistible pralin\u00e9 filling and 10 chocolate seashells filled with our new dark pralin\u00e9 filling made from in-house roasted hazelnuts covered in 72% dark Belgian chocolate from 100% Fairtrade coca.",
        "primary_image": "https://www.heinemann-shop.com/medias/527Wx527H-null?context=bWFzdGVyfGltYWdlc3w0Mjk1NXxpbWFnZS9qcGVnfGFHTTNMMmcyTWk4eE1UYzROak01TmpJd05UQTROaTgxTWpkWGVEVXlOMGhmYm5Wc2JBfDllYzgzZTdiNGRlOWYzZTlhZGQyNmVlYThlN2E5NjY2MzUzNzE4N2ZiZDQyNGMyNzNhNzJlNWU0NmI0MGYwZTM&v=1739915180027",
        "images": []
    },
    {
        "product_url": "https://www.heinemann-shop.com/en/global/jelly-bean/the-jelly-bean-sour-mix-175g/p/000000000001515053/",
        "brand_name": "Jelly Bean",
        "brand_url": "https://www.heinemann-shop.com/en/global/jelly-bean/c/BRAND_3606/",
        "product_name": "The Jelly Bean Sour Mix 175g",
        "quantity": "0.175\u00a0kg",
        "price": "\u20ac6.50",
        "price_per_quantity": "(\u20ac37.14 / 1 kg)",
        "stock_availability": "In stock, immediately available",
        "description": "The Jelly Bean Factory produces around 12 million gourmet beans daily in 36 different flavours, ranging from passion fruit to pi\u00f1a colada. Jelly Beans in several different flavours and packaging. The small beans has 100% natural taste and colors, they're gluten and gelatine free!",
        "primary_image": "https://www.heinemann-shop.com/medias/527Wx527H-null?context=bWFzdGVyfGltYWdlc3w0NDA4OXxpbWFnZS9qcGVnfGFEZzVMMmhoTlM4eE1USTROakExTXpJeU5EUTNPQzgxTWpkWGVEVXlOMGhmYm5Wc2JBfDkyMDc1M2UyMTFkNDAzMDM3ZTdlMTU1OTVmMWIyZmRjYThhZmQ3MjEzMmU5ZWE1NzJmMzRjMzhjOTc5ZjhiMGU&v=1729321542827",
        "images": []
    },
    {
        "product_url": "https://www.heinemann-shop.com/en/global/jelly-bean/the-jelly-bean-gourmet-280g/p/000000000001514812/",
        "brand_name": "Jelly Bean",
        "brand_url": "https://www.heinemann-shop.com/en/global/jelly-bean/c/BRAND_3606/",
        "product_name": "The Jelly Bean Gourmet 280g",
        "quantity": "0.28\u00a0kg",
        "price": "\u20ac10.90",
        "price_per_quantity": "(\u20ac38.93 / 1 kg)",
        "stock_availability": "In stock, immediately available",
        "description": "The Jelly Bean Factory produces around 12 million gourmet beans daily in 36 different flavours, ranging from passion fruit to pi\u00f1a colada. Jelly Beans in several different flavours and packaging. The small beans has 100% natural taste and colors, they're gluten and gelatine free!",
        "primary_image": "https://www.heinemann-shop.com/medias/527Wx527H-null?context=bWFzdGVyfGltYWdlc3w5ODk4N3xpbWFnZS9qcGVnfGFHWTFMMmc0WVM4eE1USTROakExTVRNNE9UUTNNQzgxTWpkWGVEVXlOMGhmYm5Wc2JBfGU2YzAyOWQ4MjEwNTIzZGQ2MTY4OTQzZWNiNjk1YTViYTVjZWE0MWFmOGJkMWZkNDE5ZTZmZWQ1N2NkZTM2YmM&v=1729321426061",
        "images": []
    },
    {
        "product_url": "https://www.heinemann-shop.com/en/global/chupa-chups/chupa-chups-sugarfree-lollipops-with-fruit-flavours-strawberry-cherry-and-cola/p/000000000001568818/",
        "brand_name": "Chupa Chups",
        "brand_url": "https://www.heinemann-shop.com/en/global/chupa-chups/c/BRAND_1707/",
        "product_name": "Chupa Chups sugarfree lollipops with fruit flavours (strawberry, cherry and cola)",
        "quantity": "0.066\u00a0kg",
        "price": "",
        "price_per_quantity": "(\u20ac74.24 / 1 kg)",
        "stock_availability": "",
        "description": "This Chupa Chups Cash Till Point Box contains 6 assorted fruit lollipops. Created specifically for the cash till point and targetedat young adults.",
        "primary_image": "https://www.heinemann-shop.com/medias/527Wx527H-null?context=bWFzdGVyfGltYWdlc3w3MDQ0NHxpbWFnZS9qcGVnfGFERm1MMmc1TVM4eE1USTROakEyTmpRMk1qYzFNQzgxTWpkWGVEVXlOMGhmYm5Wc2JBfDRkZTQ2NWNhNDdkYTM4NDNjNDIyN2Y1NWVjNTYxZTNiYmFjM2ZlMGQ4YzcxMWMzYWY4Mzg3MmVkNDAyOWE5ZDA&v=1729322317358",
        "images": []
    },
    {
        "product_url": "https://www.heinemann-shop.com/en/global/skittles/skittles-chewy-candies-coated-with-sugar-with-wild-berry-flavor-318g/p/000000000001628075/",
        "brand_name": "Skittles",
        "brand_url": "https://www.heinemann-shop.com/en/global/skittles/c/BRAND_5050/",
        "product_name": "Skittles chewy candies coated with sugar, with wild berry flavor 318g",
        "quantity": "0.318\u00a0kg",
        "price": "\u20ac8.50",
        "price_per_quantity": "(\u20ac26,729.56 / 1000 kg)",
        "stock_availability": "In stock, immediately available",
        "description": "A fruit chewy bite-sized candy with a colorful shell. Skittles candies have been enjoyed by fans for decades. No two rainbows are the same. Neither are two packs of Skittles. Share the Rainbow, Taste the Rainbow.",
        "primary_image": "https://www.heinemann-shop.com/medias/527Wx527H-null?context=bWFzdGVyfGltYWdlc3w4MTYxMXxpbWFnZS9qcGVnfGFHWTNMMmczTXk4eE1EZzVOelV4TXpnd056a3dNaTgxTWpkWGVEVXlOMGhmYm5Wc2JBfDRkOGU0ZjdlZTE1ZmZmNTNjZjI3OTM4YWNlNmQ0YzY4OTljZmNmYTY0ZjVlODUwZDljY2E5YWIzZTg0MDkwMmM&v=1721337844298",
        "images": []
    },
    {
        "product_url": "https://www.heinemann-shop.com/en/global/skittles/skittles-chewy-candies-coated-with-sugar-with-fruit-flavor-318g/p/000000000001628376/",
        "brand_name": "Skittles",
        "brand_url": "https://www.heinemann-shop.com/en/global/skittles/c/BRAND_5050/",
        "product_name": "Skittles chewy candies coated with sugar, with fruit flavor 318g",
        "quantity": "0.318\u00a0kg",
        "price": "\u20ac8.50",
        "price_per_quantity": "(\u20ac26,729.56 / 1000 kg)",
        "stock_availability": "In stock, immediately available",
        "description": "A fruit chewy bite-sized candy with a colorful shell. Skittles candies have been enjoyed by fans for decades. No two rainbows are the same. Neither are two packs of Skittles. Share the Rainbow, Taste the Rainbow.",
        "primary_image": "https://www.heinemann-shop.com/medias/527Wx527H-null?context=bWFzdGVyfGltYWdlc3w4MTg2N3xpbWFnZS9qcGVnfGFEQXdMMmd6Tmk4eE1EY3lPRFE0TXpreE16YzFPQzgxTWpkWGVEVXlOMGhmYm5Wc2JBfGI1M2M5ZjFkMjIwNDFjZjQyMTNiOTYxYmYwMWFkMzVmYTgzMTU5NTgyODE3MzAwYzQ0YzdmN2Y1ZTZlNTc5YTY&v=1717459944129",
        "images": []
    },
    {
        "product_url": "https://www.heinemann-shop.com/en/global/katjes/katjes-vegan-foam-fruitgum-licorice-made-with-no-animal-gelatine-no-artificial-colouring/p/000000000001625458/",
        "brand_name": "Katjes",
        "brand_url": "https://www.heinemann-shop.com/en/global/katjes/c/BRAND_0494/",
        "product_name": "Katjes vegan foam fruitgum & licorice\u2013 Made with no animal gelatine, no artificial colouring",
        "quantity": "0.4\u00a0kg",
        "price": "",
        "price_per_quantity": "(\u20ac12.25 / 1 kg)",
        "stock_availability": "",
        "description": "The combination of spicy-sweet licorice, soft foam sugar, and its little red gummy nose makes Katjes Tappsy a real treat in the Katjes universe.",
        "primary_image": "https://www.heinemann-shop.com/medias/527Wx527H-null?context=bWFzdGVyfGltYWdlc3w2MDA0MHxpbWFnZS9qcGVnfGFEUTRMMmcxT0M4eE1EWXhNak00TkRjMU9UZ3pPQzgxTWpkWGVEVXlOMGhmYm5Wc2JBfGU2ZmQwOGVhMjMyNjIyMThlMGY3OTY5NDk2OGNmYjYyOGU4ZGNmNGU4OTE4YjFhMGYyMGZjYjM4OWI4ZTZkNDY&v=1714429437442",
        "images": []
    },
    {
        "product_url": "https://www.heinemann-shop.com/en/global/felber/dark-chocolate-filled-with-pumpkin-seed-cream/p/000000000001385929/",
        "brand_name": "Felber",
        "brand_url": "https://www.heinemann-shop.com/en/global/felber/c/BRAND_3771/",
        "product_name": "dark chocolate filled with pumpkin seed cream",
        "quantity": "0.07\u00a0kg",
        "price": "\u20ac5.49",
        "price_per_quantity": "(\u20ac78.43 / 1 kg)",
        "stock_availability": "",
        "description": "dark chocolate filled with pumpkin seed cream",
        "primary_image": "",
        "images": []
    },
    {
        "product_url": "https://www.heinemann-shop.com/en/global/nutella/nutella-weekly-pack-7-x-30g/p/000000000000499727/",
        "brand_name": "Nutella",
        "brand_url": "https://www.heinemann-shop.com/en/global/nutella/c/BRAND_4646/",
        "product_name": "Nutella Weekly Pack, 7 x 30g",
        "quantity": "0.21\u00a0kg",
        "price": "\u20ac15.90",
        "price_per_quantity": "(\u20ac75.71 / 1 kg)",
        "stock_availability": "In stock, immediately available",
        "description": "Treat yourself and the people you care with a set of 7 mini-jars: the NUTELLA\u00ae Weekly gives you a daily reason to show your optimism, and it\u2019s the cutest way to turn anyone\u2019s week into a special one!",
        "primary_image": "https://www.heinemann-shop.com/medias/527Wx527H-null?context=bWFzdGVyfGltYWdlc3wyOTQ5MHxpbWFnZS9qcGVnfGFETTVMMmhtTWk4eE1UY3dOVFV4TXpjM01UQXpPQzgxTWpkWGVEVXlOMGhmYm5Wc2JBfGJmMjQzMDkwZDI5ZWYzZDQ3MDZjYmE3Njc3NjRhMGZhYmUyZDJmMGU0OTM2MWQ2NmM2YjlkYjY2NmE0NWVlNGU&v=1738283307444",
        "images": []
    },
    {
        "product_url": "https://www.heinemann-shop.com/en/global/kinder/kinder-chocolate-4-x-100g/p/000000000000850593/",
        "brand_name": "Kinder",
        "brand_url": "https://www.heinemann-shop.com/en/global/kinder/c/BRAND_4645/",
        "product_name": "Kinder Chocolate, 4 x 100g",
        "quantity": "0.4\u00a0kg",
        "price": "\u20ac11.70",
        "price_per_quantity": "(\u20ac29.25 / 1 kg)",
        "stock_availability": "In stock, immediately available",
        "description": "Kinder Chocolate is especially created for kids, individually wrapped in small portions: more milk, less cocoa.",
        "primary_image": "https://www.heinemann-shop.com/medias/527Wx527H-null?context=bWFzdGVyfGltYWdlc3w1OTI2NnxpbWFnZS9qcGVnfGFEWmlMMmhqTnk4eE1USTVPRGs1TmpBNU1qazFPQzgxTWpkWGVEVXlOMGhmYm5Wc2JBfDlkZWM5ZWJjMzQ5OTA2OWE4MTJlNjEyZGQxMWJlZmI5YzVkMGRlZWE2ZTM3Y2Q5NWM2NmI2YzY0YzFlNjYzMzQ&v=1729550485541",
        "images": [
            "https://www.heinemann-shop.com/medias/527Wx527H-null?context=bWFzdGVyfGltYWdlc3w1OTI2NnxpbWFnZS9qcGVnfGFEWmlMMmhqTnk4eE1USTVPRGs1TmpBNU1qazFPQzgxTWpkWGVEVXlOMGhmYm5Wc2JBfDlkZWM5ZWJjMzQ5OTA2OWE4MTJlNjEyZGQxMWJlZmI5YzVkMGRlZWE2ZTM3Y2Q5NWM2NmI2YzY0YzFlNjYzMzQ&v=1729550485541",
            "https://www.heinemann-shop.com/medias/527Wx527H-null?context=bWFzdGVyfGltYWdlc3w2MDU4MHxpbWFnZS9qcGVnfGFEZzFMMmhtT1M4eE1USTVPVEF3TURnME5ETXhPQzgxTWpkWGVEVXlOMGhmYm5Wc2JBfDdiZjhmOWVjZWJlOGIxNDNmMjkzYmI4NDYwZGUyN2Y1NmUxOWY4ZTIzZTNmODM5MGYyOGQ2YjdhODczNDc2NDk&v=1729550774789",
            "https://www.heinemann-shop.com/medias/527Wx527H-null?context=bWFzdGVyfGltYWdlc3w1OTk5MXxpbWFnZS9qcGVnfGFHRTBMMmhoTkM4eE1USTVPVEF3TVRJd05EYzJOaTgxTWpkWGVEVXlOMGhmYm5Wc2JBfDVkYzYzODMwODIwYWJjMjI1MGE5MTkzODJiMTk3NzAxNGFhNmU3NDk0MzA2MDJiNDc0M2IxZWIzN2YzNTkxMGM&v=1729550786421"
        ]
    },
    {
        "product_url": "https://www.heinemann-shop.com/en/global/m-m/m-m-s-candy-tin-200g/p/000000000001151611/",
        "brand_name": "M&M",
        "brand_url": "https://www.heinemann-shop.com/en/global/m-m/c/BRAND_2969/",
        "product_name": "M&M's Candy tin 200g",
        "quantity": "0.2\u00a0kg",
        "price": "\u20ac11.50",
        "price_per_quantity": "(\u20ac57.50 / 1 kg)",
        "stock_availability": "In stock, immediately available",
        "description": "M&M's Chocolate and pure fun combined in one great gift! The character tin serves as decoration and chocolate container at the same time.",
        "primary_image": "https://www.heinemann-shop.com/medias/527Wx527H-null?context=bWFzdGVyfGltYWdlc3w0OTI2NHxpbWFnZS9qcGVnfGFEZzBMMmcxTnk4NU9EQXdPRGswTXpneU1URXdMelV5TjFkNE5USTNTRjl1ZFd4c3w3ZTY2NmJkN2ZkZjIxMmYyZTllNmMyN2ZhZDg0ZDcxY2RiZjgyYTc3N2E3M2VkMGIxMjg5MGExNTVhMTBhODIy&v=1691472315382",
        "images": [
            "https://www.heinemann-shop.com/medias/527Wx527H-null?context=bWFzdGVyfGltYWdlc3w0OTI2NHxpbWFnZS9qcGVnfGFEZzBMMmcxTnk4NU9EQXdPRGswTXpneU1URXdMelV5TjFkNE5USTNTRjl1ZFd4c3w3ZTY2NmJkN2ZkZjIxMmYyZTllNmMyN2ZhZDg0ZDcxY2RiZjgyYTc3N2E3M2VkMGIxMjg5MGExNTVhMTBhODIy&v=1691472315382",
            "https://www.heinemann-shop.com/medias/527Wx527H-null?context=bWFzdGVyfGltYWdlc3w0NjgzNnxpbWFnZS9qcGVnfGFEQmhMMmhpWlM4NU9EQXdPRGsxTWprNU5qRTBMelV5TjFkNE5USTNTRjl1ZFd4c3w5OWI1MmRhNTFjNWQwZTg1NjgyOTM4YjczMWU3ZjQwYjNhM2I4MWIyYzIxYzI1OTBhYWJiZWFiNTZlYzBkN2Zj&v=1691472369578"
        ]
    },
    {
        "product_url": "https://www.heinemann-shop.com/en/global/kinder/kinder-bueno-344g/p/000000000000850609/",
        "brand_name": "Kinder",
        "brand_url": "https://www.heinemann-shop.com/en/global/kinder/c/BRAND_4645/",
        "product_name": "Kinder Bueno, 344g",
        "quantity": "0.344\u00a0kg",
        "price": "\u20ac11.70",
        "price_per_quantity": "(\u20ac34.01 / 1 kg)",
        "stock_availability": "In stock, immediately available",
        "description": "Bueno is a delicate chocolate bar with an indulgent taste. Each melt-in-the-mouth piece promises creamy hazelnut, smooth chocolate and crispy wafer for you to enjoy. It comes in single portions, individually wrapped.",
        "primary_image": "https://www.heinemann-shop.com/medias/527Wx527H-null?context=bWFzdGVyfGltYWdlc3w0MDU1NXxpbWFnZS9qcGVnfGFETTBMMmd3TlM4eE1USTVPRGs1TXpNM016SXhOQzgxTWpkWGVEVXlOMGhmYm5Wc2JBfDQ3YzVkN2Y0ZDEwMThkOGE1ZDllYzBmOGVkNWVhZWRlOTU5ZWE4YTQ3NjQ5ODBmMTYwYTk5OGYxYmYzZTBhNTU&v=1729550177795",
        "images": []
    },
    {
        "product_url": "https://www.heinemann-shop.com/en/global/kinder/kinder-maxi-travel-edition-378g/p/000000000001442577/",
        "brand_name": "Kinder",
        "brand_url": "https://www.heinemann-shop.com/en/global/kinder/c/BRAND_4645/",
        "product_name": "Kinder Maxi Travel Edition 378g",
        "quantity": "0.378\u00a0kg",
        "price": "\u20ac10.90",
        "price_per_quantity": "(\u20ac28.84 / 1 kg)",
        "stock_availability": "In stock, immediately available",
        "description": "KINDER MAXI is a delicious bar with a soft tasty milky filling , coated in tasty chocolate . Individually wrapped, Kinder Maxi is easy to carry around and it is the essential treat to enjoy simple moment of indulgence.",
        "primary_image": "https://www.heinemann-shop.com/medias/527Wx527H-null?context=bWFzdGVyfGltYWdlc3wzMDAzOHxpbWFnZS9qcGVnfGFHVTNMMmhsT0M4eE1USTVPRFF6TnpreU1qZzBOaTgxTWpkWGVEVXlOMGhmYm5Wc2JBfGFjNWU1ZDk5NzEwYWY3MTNkMTNlODQ5NzVlNThlMzk5NjQ3NDM5ZWU4NDg2ZDNhNWE0YmQ4NDA4Y2EwMTE1ZTc&v=1729546582938",
        "images": [
            "https://www.heinemann-shop.com/medias/527Wx527H-null?context=bWFzdGVyfGltYWdlc3wzMDAzOHxpbWFnZS9qcGVnfGFHVTNMMmhsT0M4eE1USTVPRFF6TnpreU1qZzBOaTgxTWpkWGVEVXlOMGhmYm5Wc2JBfGFjNWU1ZDk5NzEwYWY3MTNkMTNlODQ5NzVlNThlMzk5NjQ3NDM5ZWU4NDg2ZDNhNWE0YmQ4NDA4Y2EwMTE1ZTc&v=1729546582938",
            "https://www.heinemann-shop.com/medias/527Wx527H-null?context=bWFzdGVyfGltYWdlc3wyOTc2M3xpbWFnZS9qcGVnfGFERm1MMmd4WXk4eE1USTVPRFF6T1RjeU5UQTROaTgxTWpkWGVEVXlOMGhmYm5Wc2JBfGU1MTIxNmI5OGNkNDMyZDE4YmFkYWRlYmZiODkyODNkYzJiMWViNTIxZmZjNjFlYTBiNWNhNTE1MTcwM2ZmYjE&v=1729546774757"
        ]
    },
    {
        "product_url": "https://www.heinemann-shop.com/en/global/tony-s/tony-s-mix-pouch-320g/p/000000000001381709/",
        "brand_name": "Tony's",
        "brand_url": "https://www.heinemann-shop.com/en/global/tony-s/c/BRAND_7165/",
        "product_name": "Tony's Mix Pouch 320g",
        "quantity": "0.32\u00a0kg",
        "price": "\u20ac11.90",
        "price_per_quantity": "(\u20ac37.19 / 1 kg)",
        "stock_availability": "In stock, immediately available",
        "description": "Hi there, we're Tony's chocolonely. We exist to end modern slavery and illegal child labor in the chocolate industry. Our vision is 100% slave-free chocolate. Not just our chocolate, but all chocolate worldwide. The more people join us and share our story, the sooner 100% slave-free chocolate becomes the norm. The choice is yours. Are you in?  Join us at www.tonyschocolonely.com",
        "primary_image": "https://www.heinemann-shop.com/medias/1381709-527Wx527H?context=bWFzdGVyfGltYWdlc3w4OTYzNXxpbWFnZS9qcGVnfGFEWTBMMmc0WXk4NU5qazBNREl5TXpNMk5UUXlMekV6T0RFM01EbGZOVEkzVjNnMU1qZEl8ZjI1Zjg1YzQ2MWJmYmIzMDA0Njg0YzhhNzk1NGFkMDZiMjc2MjAyMzBlYjk0Y2M1N2JiYTNjYmIyZjNmYzcxMg&v=1657313308620",
        "images": []
    },
    {
        "product_url": "https://www.heinemann-shop.com/en/global/niederegger/niederegger-marzipan-classics-gold-200g/p/000000000001371438/",
        "brand_name": "Niederegger",
        "brand_url": "https://www.heinemann-shop.com/en/global/niederegger/c/BRAND_1439/",
        "product_name": "Niederegger Marzipan classics gold 200g",
        "quantity": "0.2\u00a0kg",
        "price": "\u20ac10.90",
        "price_per_quantity": "(\u20ac54.50 / 1 kg)",
        "stock_availability": "In stock, immediately available",
        "description": "The absolute classic among Niederegger marzipan specialties : pure marzipan coated in crispy dark chocolate. Design. Exclusive in gold colored packaging",
        "primary_image": "https://www.heinemann-shop.com/medias/527Wx527H-null?context=bWFzdGVyfGltYWdlc3wzODUzOXxpbWFnZS9qcGVnfGFHTmhMMmcyTmk4eE1UYzRPVGc0TmpnME9UQTFOQzgxTWpkWGVEVXlOMGhmYm5Wc2JBfGVhNTk2NzUyZTYxOGU3NmY4NDhiODgwOTA2YWQ5MjVlYjQ4MWRjZDYxYjJhODg2ZDhlZmY2MmY4N2EzYWE4ZWY&v=1740000459258",
        "images": []
    },
    {
        "product_url": "https://www.heinemann-shop.com/en/global/haribo/haribo-pouch-peaches-750g/p/000000000001308778/",
        "brand_name": "Haribo",
        "brand_url": "https://www.heinemann-shop.com/en/global/haribo/c/BRAND_1079/",
        "product_name": "Haribo Pouch Peaches 750g",
        "quantity": "0.75\u00a0kg",
        "price": "\u20ac9.30",
        "price_per_quantity": "(\u20ac12.40 / 1 kg)",
        "stock_availability": "In stock, immediately available",
        "description": "These two-toned, sugar-dusted Peaches have been carefully tended for the perfect consistency and chew . Pick one fresh out of the pouch and taste the tangy and sweet peach flavour. A peach basket in a practical pouch format!",
        "primary_image": "https://www.heinemann-shop.com/medias/527Wx527H-null?context=bWFzdGVyfGltYWdlc3wxMDE5MTZ8aW1hZ2UvanBlZ3xhR1ZrTDJneU9TOHhNVEk0TlRZNU9UVTVNakl5TWk4MU1qZFhlRFV5TjBoZmJuVnNiQXw4YzliYmMzYWJmOWZlMTFjOTBkZTBkZTE3M2RmZjU3YmEwM2M3NjM3NzYzN2I4NTQ3MTNiNjVlNDNlYzkyYTFj&v=1729318625255",
        "images": [
            "https://www.heinemann-shop.com/medias/527Wx527H-null?context=bWFzdGVyfGltYWdlc3wxMDE5MTZ8aW1hZ2UvanBlZ3xhR1ZrTDJneU9TOHhNVEk0TlRZNU9UVTVNakl5TWk4MU1qZFhlRFV5TjBoZmJuVnNiQXw4YzliYmMzYWJmOWZlMTFjOTBkZTBkZTE3M2RmZjU3YmEwM2M3NjM3NzYzN2I4NTQ3MTNiNjVlNDNlYzkyYTFj&v=1729318625255",
            "https://www.heinemann-shop.com/medias/527Wx527H-null?context=bWFzdGVyfGltYWdlc3w3MDU1MXxpbWFnZS9qcGVnfGFEWmpMMmhoWmk4eE1USTROVGN3TVRNNU5EUTJNaTgxTWpkWGVEVXlOMGhmYm5Wc2JBfDg5Nzk5ZDQ5NWViNTZjZDQzYmUzZWNmMzYzZmU1NDFiNWE3M2E5MmEwZmRlNGFhZDI1MTlmNmFjZmQ0MzNjMzc&v=1729318796026"
        ]
    },
    {
        "product_url": "https://www.heinemann-shop.com/en/global/starbrook/starbrook-mixed-truffles-200g/p/000000000001187678/",
        "brand_name": "Starbrook",
        "brand_url": "https://www.heinemann-shop.com/en/global/starbrook/c/BRAND_3414/",
        "product_name": "Starbrook mixed truffles 200g",
        "quantity": "0.2\u00a0kg",
        "price": "\u20ac8.90",
        "price_per_quantity": "(\u20ac44.50 / 1 kg)",
        "stock_availability": "In stock, immediately available",
        "description": "Delicious Belgian truffles with a milk, dark and white and  filling, covered with Belgian milk chocolate and a delicate coating of Belgian milk chocolate flakes 200g. Presented in a wonderfully designed box with stunning water paint retro styled images.",
        "primary_image": "https://www.heinemann-shop.com/medias/527Wx527H-null?context=bWFzdGVyfGltYWdlc3w3Mzc1NnxpbWFnZS9qcGVnfGFHRmhMMmczWWk4eE1UYzROak00TlRreE5Ua3pOQzgxTWpkWGVEVXlOMGhmYm5Wc2JBfDUzN2IwNzdhZjZhYTlmMWQxZWRiYzA4Y2E4OWI2NjFlY2YyNWFiZTUxNTdiODk5OTNjMWVkYWZlNDdkMTEwNDk&v=1739914459751",
        "images": []
    },
    {
        "product_url": "https://www.heinemann-shop.com/en/global/reber/reber-mozart-kugeln-in-luxury-tin-300g/p/000000000000091207/",
        "brand_name": "Reber",
        "brand_url": "https://www.heinemann-shop.com/en/global/reber/c/BRAND_2097/",
        "product_name": "Reber Mozart Kugeln in luxury tin 300g",
        "quantity": "0.3\u00a0kg",
        "price": "\u20ac13.90",
        "price_per_quantity": "(\u20ac46.33 / 1 kg)",
        "stock_availability": "In stock, immediately available",
        "description": "This unique Mozart tin from Reber makes a great festive gift idea for all occasions. Exclusively designed and filled with 15 genuine Reber Mozart-Kugeln, it is unique and simply beautiful.",
        "primary_image": "https://www.heinemann-shop.com/medias/527Wx527H-null?context=bWFzdGVyfGltYWdlc3w3MTc0MHxpbWFnZS9qcGVnfGFEazRMMmc1T1M4eE1EVXlPRGN3T0RBMk56TTFPQzgxTWpkWGVEVXlOMGhmYm5Wc2JBfDI3MTgwMGUxNzM2ODNkMGYxN2FlZTE3YTM2NTAwNjA4NmNiMjk3Y2RmYmMxZDFmODVkMTc5NzRkMDA4ZGEzNTU&v=1712263034616",
        "images": []
    },
    {
        "product_url": "https://www.heinemann-shop.com/en/global/haribo/haribo-goldbears-pouch-750g/p/000000000001184555/",
        "brand_name": "Haribo",
        "brand_url": "https://www.heinemann-shop.com/en/global/haribo/c/BRAND_1079/",
        "product_name": "Haribo Goldbears Pouch 750g",
        "quantity": "0.75\u00a0kg",
        "price": "\u20ac9.30",
        "price_per_quantity": "(\u20ac12.40 / 1 kg)",
        "stock_availability": "In stock, immediately available",
        "description": "The first Haribo Goldbear Pouch entering the Travel Retail market! 750 grams of our iconic treat in an appealing and eye-catching standing packaging with resealable top to guarantee product freshness and easy consumption - anytime, anywhere.",
        "primary_image": "https://www.heinemann-shop.com/medias/527Wx527H-null?context=bWFzdGVyfGltYWdlc3wxMDQyNDh8aW1hZ2UvanBlZ3xhRE5pTDJnME1pOHhNVEk0TlRVM05UWTJNelkwTmk4MU1qZFhlRFV5TjBoZmJuVnNiQXw0OTk4MTRiNGViZGM5ZWNmNTMxZDI0Y2Q1YzMyMjNiYjFjMWZiNDcwZmJmZGVmY2QzMWIzNGViZjQxOWE2NWMw&v=1729316353082",
        "images": [
            "https://www.heinemann-shop.com/medias/527Wx527H-null?context=bWFzdGVyfGltYWdlc3wxMDQyNDh8aW1hZ2UvanBlZ3xhRE5pTDJnME1pOHhNVEk0TlRVM05UWTJNelkwTmk4MU1qZFhlRFV5TjBoZmJuVnNiQXw0OTk4MTRiNGViZGM5ZWNmNTMxZDI0Y2Q1YzMyMjNiYjFjMWZiNDcwZmJmZGVmY2QzMWIzNGViZjQxOWE2NWMw&v=1729316353082",
            "https://www.heinemann-shop.com/medias/527Wx527H-null?context=bWFzdGVyfGltYWdlc3w5MDMxNXxpbWFnZS9qcGVnfGFEUTRMMmczWmk4eE1USTROVFkzT1RJeE1EVXlOaTgxTWpkWGVEVXlOMGhmYm5Wc2JBfDdmYjAxNmI0MTFmZTNkMGQ0MjEzMGI3MzA1M2Q5ZTI4YWI0ZTY1ZGU5OWM0YzVmNTI4NjE3NzYxMzc1ZTg4ZWI&v=1729316762368"
        ]
    },
    {
        "product_url": "https://www.heinemann-shop.com/en/global/haribo/haribo-troppifrutti-pouch-750g/p/000000000001252033/",
        "brand_name": "Haribo",
        "brand_url": "https://www.heinemann-shop.com/en/global/haribo/c/BRAND_1079/",
        "product_name": "HARIBO Troppifrutti Pouch 750g",
        "quantity": "0.75\u00a0kg",
        "price": "\u20ac9.30",
        "price_per_quantity": "(\u20ac12.40 / 1 kg)",
        "stock_availability": "In stock, immediately available",
        "description": "HARIBO Tropifrutti just makes life more tropical! Whether a toucan, a palm tree, a passion flower, a banana, a mango, a mandarin, a blackcurrant or a pineapple, treat yourself to the unique fruity fun of HARIBO Tropifrutti: sweet exotic jelly sweets in passion fruit, melon, mangomandarin, banana, pineapple and blackcurrant flavours. Enjoy more tropical taste in the new 750 grams pouch.",
        "primary_image": "https://www.heinemann-shop.com/medias/527Wx527H-null?context=bWFzdGVyfGltYWdlc3wxMDUxNzl8aW1hZ2UvanBlZ3xhREZqTDJoaU55OHhNVEk0TlRZNE9UQTNNelk1TkM4MU1qZFhlRFV5TjBoZmJuVnNiQXxmZGUyYjc0MTM2ODMyMmMxYmI4ZTFiNTg1OWU3Zjc5NTRjYjlhN2Q3MWRlMzljYzU3NTlhNWEzMzY3MWRhZDJi&v=1729317631940",
        "images": [
            "https://www.heinemann-shop.com/medias/527Wx527H-null?context=bWFzdGVyfGltYWdlc3wxMDUxNzl8aW1hZ2UvanBlZ3xhREZqTDJoaU55OHhNVEk0TlRZNE9UQTNNelk1TkM4MU1qZFhlRFV5TjBoZmJuVnNiQXxmZGUyYjc0MTM2ODMyMmMxYmI4ZTFiNTg1OWU3Zjc5NTRjYjlhN2Q3MWRlMzljYzU3NTlhNWEzMzY3MWRhZDJi&v=1729317631940",
            "https://www.heinemann-shop.com/medias/527Wx527H-null?context=bWFzdGVyfGltYWdlc3w5NjkwN3xpbWFnZS9qcGVnfGFHWmlMMmhoWkM4eE1USTROVFk1TWprd056VTFNQzgxTWpkWGVEVXlOMGhmYm5Wc2JBfDVkMDVlOGE5ZjRmN2M3Yzk1OWEyNzJmOTViODgyOWI1ODBhYTNkYTBlOGEwOTBlOTVmMWU2NDE4NWZhZjBhZDE&v=1729318089368"
        ]
    },
    {
        "product_url": "https://www.heinemann-shop.com/en/global/haribo/haribo-starmix-pouch-750g/p/000000000001184560/",
        "brand_name": "Haribo",
        "brand_url": "https://www.heinemann-shop.com/en/global/haribo/c/BRAND_1079/",
        "product_name": "Haribo Starmix Pouch 750g",
        "quantity": "0.75\u00a0kg",
        "price": "\u20ac9.30",
        "price_per_quantity": "(\u20ac12.40 / 1 kg)",
        "stock_availability": "In stock, immediately available",
        "description": "The first Haribo Starmix Pouch entering the Travel Retail market! 750 grams of our iconic mix of shapes with its range of fruit gums, cola flavoured gums and foam sweets in an appealing and eye-catching standing packaging with resealable top to guarantee product freshness and easy consumption - anytime, anywhere.",
        "primary_image": "https://www.heinemann-shop.com/medias/527Wx527H-null?context=bWFzdGVyfGltYWdlc3wxMDM4NDl8aW1hZ2UvanBlZ3xhRFE0TDJoa01TOHhNVEk0TlRZM05UQXhOakl5TWk4MU1qZFhlRFV5TjBoZmJuVnNiQXxkMGIyNzhhYjFlYTdmOThkYzM4NjI4NzUyOTBkYzQ1MmNjZWMzZmQzYTdkOTU1YTE3MDQ4ZjZmMzEyNzQ1ZTFm&v=1729316442464",
        "images": [
            "https://www.heinemann-shop.com/medias/527Wx527H-null?context=bWFzdGVyfGltYWdlc3wxMDM4NDl8aW1hZ2UvanBlZ3xhRFE0TDJoa01TOHhNVEk0TlRZM05UQXhOakl5TWk4MU1qZFhlRFV5TjBoZmJuVnNiQXxkMGIyNzhhYjFlYTdmOThkYzM4NjI4NzUyOTBkYzQ1MmNjZWMzZmQzYTdkOTU1YTE3MDQ4ZjZmMzEyNzQ1ZTFm&v=1729316442464",
            "https://www.heinemann-shop.com/medias/527Wx527H-null?context=bWFzdGVyfGltYWdlc3w5NDg4MXxpbWFnZS9qcGVnfGFEZzBMMmc0WkM4eE1USTROVFkzT1RZMk9USTNPQzgxTWpkWGVEVXlOMGhmYm5Wc2JBfDI3ZjhmMGZhZGNkNjVlZjY4MGJmMzYyZWE1NzBkM2MzNjM0ZmM4NjFlZWQyOGVlY2JjZGQ5ZWVhMTA4MGU3NDE&v=1729316791753"
        ]
    },
    {
        "product_url": "https://www.heinemann-shop.com/en/global/haribo/haribo-sailor-mix-700g/p/000000000001444043/",
        "brand_name": "Haribo",
        "brand_url": "https://www.heinemann-shop.com/en/global/haribo/c/BRAND_1079/",
        "product_name": "Haribo Sailor Mix 700g",
        "quantity": "0.7\u00a0kg",
        "price": "\u20ac9.30",
        "price_per_quantity": "(\u20ac13.29 / 1 kg)",
        "stock_availability": "In stock, immediately available",
        "description": "HARIBO Sailor Mix combines the diverse spicy licorice delicacies: crazy sutter, Stafetten and liquorice wheels make this diverse and colorful mix irresistible for licorice lovers.",
        "primary_image": "https://www.heinemann-shop.com/medias/527Wx527H-null?context=bWFzdGVyfGltYWdlc3wxMDY1NTZ8aW1hZ2UvanBlZ3xhR1ZpTDJoalpTOHhNVEk0TlRnMU9USXpOemt4T0M4MU1qZFhlRFV5TjBoZmJuVnNiQXw5YWFhYjBhZTg3NGEyYWUyYzc3ZWM5NDViMWQ1YzZiYmVmZDM2OTQzNmRhN2U0ZTZhOTBlODgyYWM0ZmEzMzE4&v=1729319781896",
        "images": []
    },
    {
        "product_url": "https://www.heinemann-shop.com/en/global/kinder/kinder-surprise-mascot-filled-with-7-surprise-eggs-140g/p/000000000001072704/",
        "brand_name": "Kinder",
        "brand_url": "https://www.heinemann-shop.com/en/global/kinder/c/BRAND_4645/",
        "product_name": "Kinder Surprise Mascot filled with 7 surprise eggs, 140g",
        "quantity": "0.14\u00a0kg",
        "price": "\u20ac25.50",
        "price_per_quantity": "(\u20ac182.14 / 1 kg)",
        "stock_availability": "In stock, immediately available",
        "description": "Kinder Surprise: a mix of milk chocolate, milky white lining and an exciting toy inside! The big Kinderino is back with 7 Surprise eggs inside! Discover the brand new and diverse collection of toys: from cute animals, to racing cars and artsy toys, there will always be a fun and exciting toy to play with! The values of the new collection: imagination, social interaction, edutainment stimulating the playability thanks to special features. A simple gift for your kid at home!",
        "primary_image": "https://www.heinemann-shop.com/medias/527Wx527H-null?context=bWFzdGVyfGltYWdlc3w2NDcxMHxpbWFnZS9qcGVnfGFHWmpMMmc0WXk4eE1USTVOemd5TmpZek5UZ3dOaTgxTWpkWGVEVXlOMGhmYm5Wc2JBfGI2ZTM2ZThlN2VjNjc5MDc3MzJhMThiMzdmN2Y0MTQ0MTU1OWZiMTY2N2FiOGJhODFmNjQzY2UxM2EwMTRkNTQ&v=1729544269282",
        "images": []
    },
    {
        "product_url": "https://www.heinemann-shop.com/en/global/milka/milka-pralines-pouch-whole-hazelnut-405g/p/000000000001376954/",
        "brand_name": "Milka",
        "brand_url": "https://www.heinemann-shop.com/en/global/milka/c/BRAND_0831/",
        "product_name": "Milka Pralines Pouch Whole Hazelnut 405g",
        "quantity": "0.405\u00a0kg",
        "price": "\u20ac14.90",
        "price_per_quantity": "(\u20ac36.79 / 1 kg)",
        "stock_availability": "In stock, immediately available",
        "description": "The new Milka Tender Moments Pouches offer 40 small \u2018Moments\u2019 of Milka gathered into a 405g mono-flavoured pouch and 400g assorted pouch for sharing with friends and family. The pouches are available in Alpine Milk, Wholenut or a mix of 6 flavours: Oreo, Alpine Milk , Caramel, Almond Caramel, Wholenut and Toffee Wholenut. Oreo combines bits of cookie with a cr\u00e8me filling and delicious Milka chocolate. Alpine Milk is a smooth chocolate parcel made from 100% Alpine Milk. Nut variants pack classic Milka chocolate with either whole hazelnuts or almond for the perfect crunch factor. Caramel adds an ideal combination of velvety sweetness covered in Milka chocolate.",
        "primary_image": "https://www.heinemann-shop.com/medias/527Wx527H-null?context=bWFzdGVyfGltYWdlc3w2OTA2MHxpbWFnZS9qcGVnfGFEaG1MMmcwWlM4NU9EQXdPVFUwTnpjek5UTTBMelV5TjFkNE5USTNTRjl1ZFd4c3w0ZDQyNWNmNjcwZmFjMzY0MTk4NTNjYmRlNDM1NGUzMzNhN2ViMTRmYzY4ZTU3OGM2NzUwYzk2Njc3Zjk0NGU3&v=1691487915328",
        "images": [
            "https://www.heinemann-shop.com/medias/527Wx527H-null?context=bWFzdGVyfGltYWdlc3w2OTA2MHxpbWFnZS9qcGVnfGFEaG1MMmcwWlM4NU9EQXdPVFUwTnpjek5UTTBMelV5TjFkNE5USTNTRjl1ZFd4c3w0ZDQyNWNmNjcwZmFjMzY0MTk4NTNjYmRlNDM1NGUzMzNhN2ViMTRmYzY4ZTU3OGM2NzUwYzk2Njc3Zjk0NGU3&v=1691487915328",
            "https://www.heinemann-shop.com/medias/1376954-1-527Wx527H?context=bWFzdGVyfGltYWdlc3wxMDMyNDI1fGltYWdlL2pwZWd8YVcxaFoyVnpMMmd5WlM5b09Ua3ZPVEl6TmpFMU5EQTRPVFV3TWk1cWNHY3w5NDE1OGJjNjNhNGU0YzA0M2FiMTQzYzJiZmEwMTZkM2IzNTIxZWM1ODlkNjE0MjExMmYzNzgxZDU2Nzc0ZTlj&v=1567040639113"
        ]
    },
    {
        "product_url": "https://www.heinemann-shop.com/en/global/oreo/oreo-mini-pouch-240g/p/000000000001642993/",
        "brand_name": "Oreo",
        "brand_url": "https://www.heinemann-shop.com/en/global/oreo/c/BRAND_4182/",
        "product_name": "OREO MINI POUCH 240G",
        "quantity": "0.24\u00a0kg",
        "price": "\u20ac9.50",
        "price_per_quantity": "(\u20ac39.58 / 1 kg)",
        "stock_availability": "In stock, immediately available",
        "description": "Want to sweeten up your journey? Then try bite size Mini Oreos, perfect for when you\u2019re feeling hungry on the move. This travel exclusive pouch contains 6 bags of Mini Oreo.",
        "primary_image": "https://www.heinemann-shop.com/medias/527Wx527H-null?context=bWFzdGVyfGltYWdlc3w3NjM1MXxpbWFnZS9qcGVnfGFHVXpMMmhsWXk4eE1USTBOell4TURJMk5UWXpNQzgxTWpkWGVEVXlOMGhmYm5Wc2JBfDg4Yjg3NTdiYTFhMDc5NjIzNjM0ZWVmYmYzZTY2YWZhMWU5M2M0NjRmMDNiYWY1NTc3MTYyMzk1YTU1ZjVmZWU&v=1728591602108",
        "images": []
    },
    {
        "product_url": "https://www.heinemann-shop.com/en/global/katjes/katjes-vegan-fruitgum-made-without-animal-gelatine-no-artificial-colouring-or-flavouring/p/000000000001625501/",
        "brand_name": "Katjes",
        "brand_url": "https://www.heinemann-shop.com/en/global/katjes/c/BRAND_0494/",
        "product_name": "Katjes vegan fruitgum \u2013 Made without animal gelatine, no artificial colouring or flavouring",
        "quantity": "0.4\u00a0kg",
        "price": "",
        "price_per_quantity": "(\u20ac12.25 / 1 kg)",
        "stock_availability": "",
        "description": "Welcome to Wunderland with Katjes Wunderland Sour: Magically shaped delicious fruit gum in five colours and flavours: Blackcurrant, peach, raspberry, lime and blood orange.",
        "primary_image": "https://www.heinemann-shop.com/medias/527Wx527H-null?context=bWFzdGVyfGltYWdlc3w2MTQ3M3xpbWFnZS9qcGVnfGFEZGxMMmd3WVM4eE1EWXhNak00TXprM016UXdOaTgxTWpkWGVEVXlOMGhmYm5Wc2JBfGNiYTU3NThjODk2ZGRlZWI2MWYzZTMzOTZmYjExMTA3NDI4MmQzMTJmZmNmYWFkYzBmODNhNzMyODgxNWU2YTk&v=1714429414346",
        "images": []
    },
    {
        "product_url": "https://www.heinemann-shop.com/en/global/kinder/kinder-cards-wafer-speciality-filled-with-milk-cream-and-cocoa-cream/p/000000000001641125/",
        "brand_name": "Kinder",
        "brand_url": "https://www.heinemann-shop.com/en/global/kinder/c/BRAND_4645/",
        "product_name": "Kinder Cards wafer speciality filled with milk cream and cocoa cream",
        "quantity": "0.307\u00a0kg",
        "price": "\u20ac15.90",
        "price_per_quantity": "(\u20ac51.79 / 1 kg)",
        "stock_availability": "In stock, immediately available",
        "description": "Kinder Cards T(2x12) is an exclusive pack for travellers. They are a unique crispy biscuit card shaped that enclose the unique Kinder filling and that you can enjoy in a portable pack.",
        "primary_image": "https://www.heinemann-shop.com/medias/527Wx527H-null?context=bWFzdGVyfGltYWdlc3w2MTE3OXxpbWFnZS9qcGVnfGFEa3hMMmcwWmk4eE1USTVPRGs0TkRnNE5qTXdNaTgxTWpkWGVEVXlOMGhmYm5Wc2JBfGMyYTUwMDE4OTYyMzZlN2E4MmZlZTJjZDRmNzk2YzcxOWQ1ZWI4MzQ2NGVlYTk3YjVhNzcwZGQ4MmQwMWRkZjI&v=1729549243146",
        "images": [
            "https://www.heinemann-shop.com/medias/527Wx527H-null?context=bWFzdGVyfGltYWdlc3w2MTE3OXxpbWFnZS9qcGVnfGFEa3hMMmcwWmk4eE1USTVPRGs0TkRnNE5qTXdNaTgxTWpkWGVEVXlOMGhmYm5Wc2JBfGMyYTUwMDE4OTYyMzZlN2E4MmZlZTJjZDRmNzk2YzcxOWQ1ZWI4MzQ2NGVlYTk3YjVhNzcwZGQ4MmQwMWRkZjI&v=1729549243146",
            "https://www.heinemann-shop.com/medias/527Wx527H-null?context=bWFzdGVyfGltYWdlc3w2MTM5NnxpbWFnZS9qcGVnfGFESXhMMmhoWXk4eE1USTVPRGs0T0RjMU1qa3lOaTgxTWpkWGVEVXlOMGhmYm5Wc2JBfGYyNGE3OTQ5NWY2ZGNiMzk4MWViMjFmYTY2MTkzNDVmMDllOTM0Mzg1OTU0OGI4YmNhNTIzMzk0ZDVmZTkyMzk&v=1729549631026"
        ]
    },
    {
        "product_url": "https://www.heinemann-shop.com/en/global/felber/dark-chocolate-filled-with-plum-rooster-cream/p/000000000001387321/",
        "brand_name": "Felber",
        "brand_url": "https://www.heinemann-shop.com/en/global/felber/c/BRAND_3771/",
        "product_name": "dark chocolate filled with plum rooster cream",
        "quantity": "0.07\u00a0kg",
        "price": "\u20ac5.49",
        "price_per_quantity": "(\u20ac78.43 / 1 kg)",
        "stock_availability": "",
        "description": "dark chocolate filled with plum rooster cream",
        "primary_image": "",
        "images": []
    },
    {
        "product_url": "https://www.heinemann-shop.com/en/global/lindt/lindt-lindor-milk-balls/p/000000000001564519/",
        "brand_name": "Lindt",
        "brand_url": "https://www.heinemann-shop.com/en/global/lindt/c/BRAND_1486/",
        "product_name": "Lindt LINDOR milk balls",
        "quantity": "0.287\u00a0kg",
        "price": "\u20ac26.90",
        "price_per_quantity": "(\u20ac93.73 / 1 kg)",
        "stock_availability": "In stock, immediately available",
        "description": "Discover LINDOR and enjoy a moment that is yours. When you break LINDOR's delicate shell, the irresistibly smooth filling starts tomelt, gently caressing all your senses and taking you to a place where chocolate dreams come true. This elegant LINDOR Gift Box Milk is filled with delicious LINDOR milk balls.",
        "primary_image": "https://www.heinemann-shop.com/medias/527Wx527H-null?context=bWFzdGVyfGltYWdlc3w2ODM4MnxpbWFnZS9qcGVnfGFETmhMMmc0TXk4eE1USTROakEyTmpnNE9EY3pOQzgxTWpkWGVEVXlOMGhmYm5Wc2JBfGU4NjJiOGY3NmFkNzM2NzI2Y2Q0MWYzMWJjNjU3YmY3MzBmNTA3ZDJkMmE1ZGNjNTYxZTdhZmVhYzg0NDVkYzU&v=1729322340511",
        "images": []
    },
    {
        "product_url": "https://www.heinemann-shop.com/en/global/haribo/haribo-twin-snakes-700g/p/000000000001472458/",
        "brand_name": "Haribo",
        "brand_url": "https://www.heinemann-shop.com/en/global/haribo/c/BRAND_1079/",
        "product_name": "Haribo Twin Snakes 700g",
        "quantity": "0.7\u00a0kg",
        "price": "\u20ac9.30",
        "price_per_quantity": "(\u20ac13.29 / 1 kg)",
        "stock_availability": "In stock, immediately available",
        "description": "Twin Snakes is the perfect combination of sweet and sour. Two fruit gum snakes - one sweet, one sour - deliciously entwined. Pull the snakes apart or enjoy them together, your choice! The party size pack contains fruity duos in cherry & orange, blueberry & blackcurrant and apple & lemon.",
        "primary_image": "https://www.heinemann-shop.com/medias/527Wx527H-null?context=bWFzdGVyfGltYWdlc3wxMTQzOTZ8aW1hZ2UvanBlZ3xhRGRoTDJnMU5DOHhNVEk0TlRnMk9EZ3pPRGswTWk4MU1qZFhlRFV5TjBoZmJuVnNiQXwzNzYzNjcwYzZlOWEwMTQ5MmM0NWZhZGI4ZjVmMjRiNzA4ZjRhMzRkYWE0ODQyNzdlZjM3Yjk4MWJhY2QzMDli&v=1729320348668",
        "images": [
            "https://www.heinemann-shop.com/medias/527Wx527H-null?context=bWFzdGVyfGltYWdlc3wxMTQzOTZ8aW1hZ2UvanBlZ3xhRGRoTDJnMU5DOHhNVEk0TlRnMk9EZ3pPRGswTWk4MU1qZFhlRFV5TjBoZmJuVnNiQXwzNzYzNjcwYzZlOWEwMTQ5MmM0NWZhZGI4ZjVmMjRiNzA4ZjRhMzRkYWE0ODQyNzdlZjM3Yjk4MWJhY2QzMDli&v=1729320348668",
            "https://www.heinemann-shop.com/medias/527Wx527H-null?context=bWFzdGVyfGltYWdlc3wxMTQzNDR8aW1hZ2UvanBlZ3xhR1kwTDJnNVppOHhNVEk0TmpBek5UYzFPVEV6TkM4MU1qZFhlRFV5TjBoZmJuVnNiQXxjMGJmYTk3MGQwNjIyNDQ2MDY5Yjg0MjkxNWRkMGExZGFiNzRkYzM0YzM2MmNhZGU1NmQ2Nzg3OWIzYmRhMWEy&v=1729320505496"
        ]
    },
    {
        "product_url": "https://www.heinemann-shop.com/en/global/tic-tac/tic-tac-mini-boxes-228g/p/000000000000541256/",
        "brand_name": "Tic Tac",
        "brand_url": "https://www.heinemann-shop.com/en/global/tic-tac/c/BRAND_4649/",
        "product_name": "Tic Tac Mini Boxes 228g",
        "quantity": "0.228\u00a0kg",
        "price": "\u20ac12.90",
        "price_per_quantity": "(\u20ac56.58 / 1 kg)",
        "stock_availability": "In stock, immediately available",
        "description": "The smallest format in the biggest box! Tic Tac\u00ae Travel Exclusive Iconic Maxi box filled with 60 mini boxes, in a mix of 4 refreshing flavours: Mint, Orange, Spearmint and Peach & Passion Fruit.",
        "primary_image": "https://www.heinemann-shop.com/medias/527Wx527H-null?context=bWFzdGVyfGltYWdlc3w5NzM0MXxpbWFnZS9qcGVnfGFEa3pMMmhrTlM4eE1USTVPRGs1TURjNE5EVTBNaTgxTWpkWGVEVXlOMGhmYm5Wc2JBfDYyMGExZDc3ZWQxZWVhMDY3ZjE4MTQ4YmNjYTk5ZGE1ZjEwNzAwYjRlY2IzYjBhZmM3ODIzYjIyMDhmMGU2ZWY&v=1729549879884",
        "images": []
    },
    {
        "product_url": "https://www.heinemann-shop.com/en/global/oreo/oreo-tin-396g/p/000000000000541495/",
        "brand_name": "Oreo",
        "brand_url": "https://www.heinemann-shop.com/en/global/oreo/c/BRAND_4182/",
        "product_name": "Oreo Tin 396g",
        "quantity": "0.396\u00a0kg",
        "price": "\u20ac15.90",
        "price_per_quantity": "(\u20ac40.15 / 1 kg)",
        "stock_availability": "In stock, immediately available",
        "description": "Enjoy the original OREO in an iconic, cookie-shaped premium tin: Chocolate-flavoured crunchy sandwich cookie with delicious vanilla cream filling. Iconic, premium tin contains 9 individually wrapped sachets in a collectable tin, appealing to any Oreo lover. A perfect gift!",
        "primary_image": "https://www.heinemann-shop.com/medias/527Wx527H-null?context=bWFzdGVyfGltYWdlc3w2MTUyMXxpbWFnZS9qcGVnfGFETTFMMmd3WXk4eE1EVTVNamszTlRBeU9ESTFOQzgxTWpkWGVEVXlOMGhmYm5Wc2JBfDVkYTZmOGZiN2UwMTFiOWIxMjMwZjIwMGM5OWQ5YjIzOWVhZTAzNTZmOTNlODFiNTIxOGViM2JmMzk4M2EwNTU&v=1713942618371",
        "images": []
    },
    {
        "product_url": "https://www.heinemann-shop.com/en/global/milka/milka-pralines-pouch-alpine-milk-405g/p/000000000001376956/",
        "brand_name": "Milka",
        "brand_url": "https://www.heinemann-shop.com/en/global/milka/c/BRAND_0831/",
        "product_name": "Milka Pralines Pouch Alpine Milk 405g",
        "quantity": "0.405\u00a0kg",
        "price": "\u20ac14.90",
        "price_per_quantity": "(\u20ac36.79 / 1 kg)",
        "stock_availability": "In stock, immediately available",
        "description": "The new Milka Tender Moments Pouches offer 40 small \u2018Moments\u2019 of Milka gathered into a 405g mono-flavoured pouch and 400g assorted pouch for sharing with friends and family. The pouches are available in Alpine Milk.",
        "primary_image": "https://www.heinemann-shop.com/medias/527Wx527H-null?context=bWFzdGVyfGltYWdlc3w2NjA4OHxpbWFnZS9qcGVnfGFEWTVMMmhqWWk4NU9EQXdPVGc1TmpjeE5EVTBMelV5TjFkNE5USTNTRjl1ZFd4c3xhNTVlMjY2MTg3MjRmZTRhYmFmMjY2MmY1NTFhZDQ1NWRhOTY2Y2Y1N2FkZTQzNDUxMmI2ODg5Mzk5Y2FmZGE0&v=1691488550319",
        "images": [
            "https://www.heinemann-shop.com/medias/527Wx527H-null?context=bWFzdGVyfGltYWdlc3w2NjA4OHxpbWFnZS9qcGVnfGFEWTVMMmhqWWk4NU9EQXdPVGc1TmpjeE5EVTBMelV5TjFkNE5USTNTRjl1ZFd4c3xhNTVlMjY2MTg3MjRmZTRhYmFmMjY2MmY1NTFhZDQ1NWRhOTY2Y2Y1N2FkZTQzNDUxMmI2ODg5Mzk5Y2FmZGE0&v=1691488550319",
            "https://www.heinemann-shop.com/medias/1376956-1-527Wx527H?context=bWFzdGVyfGltYWdlc3wxMDMwNTMyfGltYWdlL2pwZWd8YVcxaFoyVnpMMmhrTkM5b1pqa3ZPVEkwTWpZMk1EY3dNREU1TUM1cWNHY3w0YjhmZTkzZWM1OTdiZTZlODhkYjU1ZWMyYzIzMDdkY2E4ZDljNDY1OTdmMDFjMTU0ZDVlMWEwNTI1MmUzY2Fl&v=1567731729289"
        ]
    },
    {
        "product_url": "https://www.heinemann-shop.com/en/global/maoam/haribo-maoam-mao-mix-pouch-750g/p/000000000001308779/",
        "brand_name": "Maoam",
        "brand_url": "https://www.heinemann-shop.com/en/global/maoam/c/BRAND_5441/",
        "product_name": "Haribo Maoam Mao Mix Pouch 750g",
        "quantity": "0.75\u00a0kg",
        "price": "\u20ac15.50",
        "price_per_quantity": "(\u20ac20.67 / 1 kg)",
        "stock_availability": "In stock, immediately available",
        "description": "The all-rounder! The perfect choice for all MAOAM fans \u2013 old or young - who are looking for more variety! Contains a great mix of our favourite MAOAM chews, including Bloxx, Pinballs, Stripes, Sour Stripes, Happy Fruttis and JoyStixx \u2013 all individually wrapped, so ideal for any occasion!",
        "primary_image": "https://www.heinemann-shop.com/medias/527Wx527H-null?context=bWFzdGVyfGltYWdlc3wxMDQxNzR8aW1hZ2UvanBlZ3xhREV6TDJnek5DOHhNVEk0TlRZNU9UZzROekV6TkM4MU1qZFhlRFV5TjBoZmJuVnNiQXxhMmZmZDY0MjdjNmRhNWU1ZTM4MjVjODFmNzU4MWI5NjE0NDY3ZTczNjZiMTcwMzllZDZkNDczZGE5MTBlZTUw&v=1729318669806",
        "images": []
    },
    {
        "product_url": "https://www.heinemann-shop.com/en/global/kinder/kinder-surprise-80g/p/000000000000491942/",
        "brand_name": "Kinder",
        "brand_url": "https://www.heinemann-shop.com/en/global/kinder/c/BRAND_4645/",
        "product_name": "Kinder Surprise, 80g",
        "quantity": "0.08\u00a0kg",
        "price": "",
        "price_per_quantity": "(\u20ac111.25 / 1 kg)",
        "stock_availability": "",
        "description": "Natoons Cubs is the new collection of surprises representing kids' favorite animals. Consumers will be able to bring these new toys to life on our Applaydu app, and enjoy a whole edutaining experience to learn about animals in a fun way! The pack has been completely restyled to present these extra realistic toys in a set of eye-catching environments.",
        "primary_image": "https://www.heinemann-shop.com/medias/527Wx527H-null?context=bWFzdGVyfGltYWdlc3w2MTUwNXxpbWFnZS9qcGVnfGFETTRMMmcxWXk4eE1UUTBNemczTWpjMU9UZ3pPQzgxTWpkWGVEVXlOMGhmYm5Wc2JBfDI4Y2IyNmRkNzNmMmIyY2IzZWE2MmQ2YmFlZWQzYzU5YTE5M2NjZWMzOWI4M2Y0YzdmZGZkOWMyNTdhZGNmZTI&v=1732656010933",
        "images": [
            "https://www.heinemann-shop.com/medias/527Wx527H-null?context=bWFzdGVyfGltYWdlc3w2MTUwNXxpbWFnZS9qcGVnfGFETTRMMmcxWXk4eE1UUTBNemczTWpjMU9UZ3pPQzgxTWpkWGVEVXlOMGhmYm5Wc2JBfDI4Y2IyNmRkNzNmMmIyY2IzZWE2MmQ2YmFlZWQzYzU5YTE5M2NjZWMzOWI4M2Y0YzdmZGZkOWMyNTdhZGNmZTI&v=1732656010933",
            "https://www.heinemann-shop.com/medias/527Wx527H-null?context=bWFzdGVyfGltYWdlc3w2NzAzMXxpbWFnZS9qcGVnfGFHVmpMMmhpWmk4eE1UUTBORE0zTVRBMk1qZ3hOQzgxTWpkWGVEVXlOMGhmYm5Wc2JBfGQ5ZDRjNGE5NDI5ODA3N2M3NDQxNzk3YWE0NDgwMjVlNzFjMmRjNzAwN2YxZTU4N2EyZTBiOGQ3MjYzMWExZmU&v=1732656334364"
        ]
    },
    {
        "product_url": "https://www.heinemann-shop.com/en/global/toblerone/toblerone-fruit-nut-360g/p/000000000001186773/",
        "brand_name": "Toblerone",
        "brand_url": "https://www.heinemann-shop.com/en/global/toblerone/c/BRAND_0485/",
        "product_name": "Toblerone Fruit & Nut 360g",
        "quantity": "0.36\u00a0kg",
        "price": "\u20ac9.90",
        "price_per_quantity": "(\u20ac27.50 / 1 kg)",
        "stock_availability": "In stock, immediately available",
        "description": "Enjoy Toblerone, the iconic triangular chocolate from Switzerland with Honey and Almond Nougat. This travel-exclusive golden-violet pack contains 360g Toblerone Milk Chocolate with Raisins \u2013 a perfect gift for anyone who loves chocolate. Made in Switzerland.",
        "primary_image": "https://www.heinemann-shop.com/medias/527Wx527H-null?context=bWFzdGVyfGltYWdlc3wzNzA4NnxpbWFnZS9qcGVnfGFEUmlMMmc1WkM4eE1EVXlPRGN4TXpNM05UYzNOQzgxTWpkWGVEVXlOMGhmYm5Wc2JBfDBlNDQ3MDI5MDFjOWFiODQ1YjQyOTljY2YxYmNjNjgzOWU0YjQ0ZGQyZDA4ZjM4Yzc1OWU4N2VhZTQ5MGE1ZjY&v=1712263511693",
        "images": []
    },
    {
        "product_url": "https://www.heinemann-shop.com/en/global/haribo/haribo-pick-party-pouch-minis-748g/p/000000000001184558/",
        "brand_name": "Haribo",
        "brand_url": "https://www.heinemann-shop.com/en/global/haribo/c/BRAND_1079/",
        "product_name": "Haribo Pick&Party Pouch Minis 748g",
        "quantity": "0.748\u00a0kg",
        "price": "\u20ac15.50",
        "price_per_quantity": "(\u20ac20.72 / 1 kg)",
        "stock_availability": "In stock, immediately available",
        "description": "The first colourful mix in an appealing, standing pouch for the Travel Retail market. 45 mini bags of Haribo best seller products: Goldbears, Happy Cola, Starmix, Tropifrutti and famous Haribo Roulette. 748 g of fun and tasty fruit and cola gums to nibble and share.",
        "primary_image": "https://www.heinemann-shop.com/medias/527Wx527H-null?context=bWFzdGVyfGltYWdlc3wxMTEzNTR8aW1hZ2UvanBlZ3xhR0UyTDJneE1pOHhNVEk0TlRVM05qQXlOREE1TkM4MU1qZFhlRFV5TjBoZmJuVnNiQXxmNGFmZjE3YTU4ZTc1OWRhOWE2MmIxZDU0ZGJhMTJkMDI2YjFiOWE2YjQ4M2Q3ZDQ2NTQyY2IyYTUyYzIyYjRh&v=1729316391695",
        "images": [
            "https://www.heinemann-shop.com/medias/527Wx527H-null?context=bWFzdGVyfGltYWdlc3wxMTEzNTR8aW1hZ2UvanBlZ3xhR0UyTDJneE1pOHhNVEk0TlRVM05qQXlOREE1TkM4MU1qZFhlRFV5TjBoZmJuVnNiQXxmNGFmZjE3YTU4ZTc1OWRhOWE2MmIxZDU0ZGJhMTJkMDI2YjFiOWE2YjQ4M2Q3ZDQ2NTQyY2IyYTUyYzIyYjRh&v=1729316391695",
            "https://www.heinemann-shop.com/medias/527Wx527H-null?context=bWFzdGVyfGltYWdlc3wxMTA2NDV8aW1hZ2UvanBlZ3xhRFZqTDJnNE5pOHhNVEk0TlRZM09UUXpPVGt3TWk4MU1qZFhlRFV5TjBoZmJuVnNiQXwwYTk1M2I2MDYwYjBmOWY2ZGVkNTgwYzc3NDYwZjc3Zjc5NzMwYjJkYmU3NmQzMzMzNDUyMjJhZTRlMjg1NDEx&v=1729316776579"
        ]
    },
    {
        "product_url": "https://www.heinemann-shop.com/en/global/kinder/kinder-mini-bueno-400g/p/000000000001187354/",
        "brand_name": "Kinder",
        "brand_url": "https://www.heinemann-shop.com/en/global/kinder/c/BRAND_4645/",
        "product_name": "Kinder Mini Bueno 400g",
        "quantity": "0.4\u00a0kg",
        "price": "\u20ac13.70",
        "price_per_quantity": "(\u20ac34.25 / 1 kg)",
        "stock_availability": "In stock, immediately available",
        "description": "Bueno is a delicate chocolate bar with an indulgent taste in a mini size. Each melt-in-the-mouth piece promises creamy hazelnut, smooth chocolate and crispy wafer for you to enjoy.",
        "primary_image": "https://www.heinemann-shop.com/medias/527Wx527H-null?context=bWFzdGVyfGltYWdlc3w4NjgyMXxpbWFnZS9qcGVnfGFETTNMMmhtT1M4eE1USTVPRFF5TkRRMU5URTVPQzgxTWpkWGVEVXlOMGhmYm5Wc2JBfGE4MDg0M2YyYjllMDEzZDZhNGYyMjBmZGRkZDA0Mjk1NjcxMmYwZjA0ZTFjMzc2OTMxMTM1MjU4ZjMzMWYxNzk&v=1729545108505",
        "images": []
    },
    {
        "product_url": "https://www.heinemann-shop.com/en/global/baratti-milano/baratti-milano-il-mito-e-il-viaggio-assorted-dark-chocolate-praline-249g/p/000000000001192791/",
        "brand_name": "Baratti & Milano",
        "brand_url": "https://www.heinemann-shop.com/en/global/baratti-milano/c/BRAND_2506/",
        "product_name": "Baratti & Milano - Il Mito e il Viaggio - Assorted Dark Chocolate Praline 249g",
        "quantity": "0.248\u00a0kg",
        "price": "",
        "price_per_quantity": "(\u20ac60.08 / 1 kg)",
        "stock_availability": "",
        "description": "Classic chocolates for those who enjoy the taste of pure chocolate while discovering the infinite range of aromas that only the best cocoa can offer.",
        "primary_image": "https://www.heinemann-shop.com/medias/527Wx527H-null?context=bWFzdGVyfGltYWdlc3w4MjE2NHxpbWFnZS9qcGVnfGFHSmpMMmd6WVM4NU56WXhNVE01TVRNd016azRMelV5TjFkNE5USTNTRjl1ZFd4c3wyNDVmNGY3OTFiY2JhNDk5YjAzMmMwMTU3OWMyMmE4ZDhmMzU4MDUyYTY2YTEzOWYxMmZiZWEyOTRjMWM5ZDNi&v=1683165332040",
        "images": []
    },
    {
        "product_url": "https://www.heinemann-shop.com/en/global/feodora/feodora-grand-or-75vol-150g/p/000000000000927058/",
        "brand_name": "Feodora",
        "brand_url": "https://www.heinemann-shop.com/en/global/feodora/c/BRAND_1267/",
        "product_name": "Feodora Grand'or 75% 150g",
        "quantity": "0.15\u00a0kg",
        "price": "\u20ac10.90",
        "price_per_quantity": "(\u20ac72.67 / 1 kg)",
        "stock_availability": "In stock, immediately available",
        "description": "These miniature bars of superior dark chocolate with 75% cocoa come in an elegant box and offer genuine cocoa delight.",
        "primary_image": "https://www.heinemann-shop.com/medias/527Wx527H-null?context=bWFzdGVyfGltYWdlc3w1NTc1OXxpbWFnZS9qcGVnfGFERmxMMmcwTkM4NU56ZzJPVFkwTVRRNE1qVTBMelV5TjFkNE5USTNTRjl1ZFd4c3xjYTdiODNkODA4OTRiMmM3MDFlM2Y3NWY3MzY1Yjg3OGJmM2Y4ZmQyMWU3MDI1NTlmOWRiYTZkMWFmMDMyMWYy&v=1689266128085",
        "images": []
    },
    {
        "product_url": "https://www.heinemann-shop.com/en/global/katjes/katjes-vegan-foam-fruitgum-made-with-no-animal-gelatine-no-artificial-colouring-or-flavouring/p/000000000001625500/",
        "brand_name": "Katjes",
        "brand_url": "https://www.heinemann-shop.com/en/global/katjes/c/BRAND_0494/",
        "product_name": "Katjes vegan foam fruitgum \u2013 Made with no animal gelatine, no artificial colouring or flavouring",
        "quantity": "0.4\u00a0kg",
        "price": "",
        "price_per_quantity": "(\u20ac12.25 / 1 kg)",
        "stock_availability": "",
        "description": "With strawberry, blackcurrant, raspberry, and cherry flavours, our fruity-sweet tasting Better Bunny simply is a vegan foam sugar delight.",
        "primary_image": "https://www.heinemann-shop.com/medias/527Wx527H-null?context=bWFzdGVyfGltYWdlc3w1ODg0MHxpbWFnZS9qcGVnfGFHWmpMMmd4TVM4eE1EWXhNak00TXpjeE1USTJNaTgxTWpkWGVEVXlOMGhmYm5Wc2JBfDhiNmYzMmUxYTdmYTM3YTY1ZTQ3N2RiNjQ0YTE1ZGVmZjEzNTM3YjMwMjVkM2Y5ZWJiNzEyMjBiOWRmMjJlN2U&v=1714429406441",
        "images": []
    },
    {
        "product_url": "https://www.heinemann-shop.com/en/global/lindt/lindt-assorted-napolitains-carrier-box-250g/p/000000000000680699/",
        "brand_name": "Lindt",
        "brand_url": "https://www.heinemann-shop.com/en/global/lindt/c/BRAND_1486/",
        "product_name": "Lindt Assorted Napolitains Carrier Box 250g",
        "quantity": "0.25\u00a0kg",
        "price": "\u20ac18.90",
        "price_per_quantity": "(\u20ac75.60 / 1 kg)",
        "stock_availability": "In stock, immediately available",
        "description": "Enjoy six premium varieties of exquisite NAPS presented in this easy-to-carry gift box. Spoil yourself and all the chocolate lovers you know with the finest Swiss milk, hazelnut, dark and white-crisp chocolate, and LINDOR milk and milk-crisp flavours.",
        "primary_image": "https://www.heinemann-shop.com/medias/527Wx527H-null?context=bWFzdGVyfGltYWdlc3wxNDkyODV8aW1hZ2UvanBlZ3xhRFkyTDJnNE1TOHhNVEk0TlRVMU1UazNNak00TWk4MU1qZFhlRFV5TjBoZmJuVnNiQXwwNWI4NmRmNjlhODc2NTljZGU4Njc3ZGFiMjVlODM3NWNmOTNlMjU1OGJhMjgwMTk1Yzg2ZDc3YjdhOTZlMGUw&v=1729314441121",
        "images": []
    },
    {
        "product_url": "https://www.heinemann-shop.com/en/global/daim/daim-minis-party-bag-1-kg/p/000000000000642026/",
        "brand_name": "Daim",
        "brand_url": "https://www.heinemann-shop.com/en/global/daim/c/BRAND_4062/",
        "product_name": "Daim minis party bag, 1 kg",
        "quantity": "1\u00a0kg",
        "price": "\u20ac42.90",
        "price_per_quantity": "(\u20ac42.90 / 1 kg)",
        "stock_availability": "In stock, immediately available",
        "description": "Daim minis of smooth milk chocolate with a surprisingly crunchy almond caramel centre. The more than 220 pieces of crunchy Daim minis in this travel exclusive pouch make it perfect for sharing with family and friends.",
        "primary_image": "https://www.heinemann-shop.com/medias/527Wx527H-null?context=bWFzdGVyfGltYWdlc3w4ODA3MXxpbWFnZS9qcGVnfGFHWXdMMmhsTWk4NU9EQXdOekl6TlRJNU56VTRMelV5TjFkNE5USTNTRjl1ZFd4c3w3NTZiZDk2NDU3ZDQ4ZWUyMmZjMjY4OTJmNzc5ZWE5YWNiNDVmNDc1MzY4ZDcxYWM5NjIzNWQ3YWQ5NzM4NGEw&v=1691448915390",
        "images": []
    },
    {
        "product_url": "https://www.heinemann-shop.com/en/global/chupa-chups/chupa-chups-crazyplane-with-lollipop-12g/p/000000000000521168/",
        "brand_name": "Chupa Chups",
        "brand_url": "https://www.heinemann-shop.com/en/global/chupa-chups/c/BRAND_1707/",
        "product_name": "Chupa Chups Crazyplane with Lollipop, 12g",
        "quantity": "0.012\u00a0kg",
        "price": "",
        "price_per_quantity": "(\u20ac374.17 / 1 kg)",
        "stock_availability": "",
        "description": "A fun toy for kids. Press the button and the Chupa Chups will start spinning in your mouth for easy and fun enjoyment. The crazy plane is in and of itself an absolute perfect gifting item in Travel Retail. Available in 3 colours: blue, green and red. Each Crazy plane comes with one strawberry flavoured lollipop",
        "primary_image": "https://www.heinemann-shop.com/medias/527Wx527H-null?context=bWFzdGVyfGltYWdlc3w0MDE2MXxpbWFnZS9qcGVnfGFEYzRMMmhoTXk4eE1USTROVE0wTmpNeU1EUXhOQzgxTWpkWGVEVXlOMGhmYm5Wc2JBfDJhMDMyMWMyYTlmNGUyYjgxZWQ3OTk5ZTc1ZGY1ZTljNDhjOWVjNjc0ZGE0MTc1NTg4Yjc2OWQ3YTBjMmZkNGU&v=1729313710322",
        "images": []
    },
    {
        "product_url": "https://www.heinemann-shop.com/en/global/katjes/katjes-vegan-fruitgum-foam-licorice-mix-made-with-no-animal-gelatine-no-artificial-colouring/p/000000000001625457/",
        "brand_name": "Katjes",
        "brand_url": "https://www.heinemann-shop.com/en/global/katjes/c/BRAND_0494/",
        "product_name": "Katjes vegan fruitgum, foam & licorice mix \u2013 Made with no animal gelatine, no artificial colouring",
        "quantity": "0.4\u00a0kg",
        "price": "",
        "price_per_quantity": "(\u20ac12.25 / 1 kg)",
        "stock_availability": "",
        "description": "An homage to everyday heroines by shapes such as scientists, astronauts etc. and flavours for everyone: licorice, cherry, strawberry, peach, raspberry, apple and blueberry.",
        "primary_image": "https://www.heinemann-shop.com/medias/527Wx527H-null?context=bWFzdGVyfGltYWdlc3w2NjMzM3xpbWFnZS9qcGVnfGFEZGhMMmcwWlM4eE1EWXhNak00TkRRNU56WTVOQzgxTWpkWGVEVXlOMGhmYm5Wc2JBfGU3ZTVhZTIwZTJjMzA4YmJlZTFkZGNkMmRjZTI2NzhkNDZmYTljM2U1YmVjZjEyZDZhYjY3NWYwZjU5OWUwZTk&v=1714429429743",
        "images": []
    },
    {
        "product_url": "https://www.heinemann-shop.com/en/global/lindt/lindt-lindor-tube-milk-400g/p/000000000000791288/",
        "brand_name": "Lindt",
        "brand_url": "https://www.heinemann-shop.com/en/global/lindt/c/BRAND_1486/",
        "product_name": "Lindt Lindor Tube Milk 400g",
        "quantity": "0.4\u00a0kg",
        "price": "\u20ac23.90",
        "price_per_quantity": "(\u20ac59.75 / 1 kg)",
        "stock_availability": "In stock, immediately available",
        "description": "Discover Lindor and enjoy a moment that is yours. When you break Lindor's delicate shell, the irresistibly smooth filling starts to melt, gently caressing all your senses and taking you to a place where chocolate dreams come true. The elegant red tube contains 400g of delectable milk Lindor balls.",
        "primary_image": "https://www.heinemann-shop.com/medias/527Wx527H-null?context=bWFzdGVyfGltYWdlc3w2OTIxM3xpbWFnZS9qcGVnfGFHUXlMMmcwWWk4eE1USTROVFUxT1RFME9EVTNOQzgxTWpkWGVEVXlOMGhmYm5Wc2JBfDJlZDE4MTQxYjE1ZWJmYWIyODQ5NGVhOWJiZmE1ZTRlNDZkNjFhNjI1YTkxNTViNGYxZmFmZWRkMGE2MmNlOTg&v=1729315050696",
        "images": []
    },
    {
        "product_url": "https://www.heinemann-shop.com/en/global/guylian/guylian-les-exclusives-assortment-327g/p/000000000001600587/",
        "brand_name": "Guylian",
        "brand_url": "https://www.heinemann-shop.com/en/global/guylian/c/BRAND_1409/",
        "product_name": "Guylian Les Exclusives Assortment 327g",
        "quantity": "0.327\u00a0kg",
        "price": "\u20ac14.90",
        "price_per_quantity": "(\u20ac45.57 / 1 kg)",
        "stock_availability": "In stock, immediately available",
        "description": "Indulge in all of Guylian's favorite products in one festive chocolate box assortment, perfect for gifting with friends and family at any of your travel occasions! Each \"Les Exclusives\" assortment includes Chocolate Seashells, filled with our irresistible pralin\u00e9 filling, assorted chocolates from our Opus collection and our new Seashells dark pralin\u00e9 filling. All our chocolates are made with premium Belgian chocolate from 100% Fairtrade Cocoa,",
        "primary_image": "https://www.heinemann-shop.com/medias/527Wx527H-null?context=bWFzdGVyfGltYWdlc3w1MDEzNHxpbWFnZS9qcGVnfGFHWTJMMmd3WkM4eE1UYzROak01TnpReE56VXdNaTgxTWpkWGVEVXlOMGhmYm5Wc2JBfDJkODdkNGMyNTdiZDE2Y2Y1NWVmNDk4ZGVjNDA0MDViNGFkNzZkY2E0MGM2NjM0NzE2ZjMzNzVkOGI0ZGI5YWI&v=1739915245551",
        "images": []
    },
    {
        "product_url": "https://www.heinemann-shop.com/en/global/kitkat/kitkat-senses-caramel-crisp-tablet-120g/p/000000000001511666/",
        "brand_name": "KitKat",
        "brand_url": "https://www.heinemann-shop.com/en/global/kitkat/c/BRAND_5024/",
        "product_name": "Kitkat Senses Caramel Crisp Tablet 120g",
        "quantity": "0.12\u00a0kg",
        "price": "\u20ac6.50",
        "price_per_quantity": "(\u20ac54.17 / 1 kg)",
        "stock_availability": "In stock, immediately available",
        "description": "KitKat\u00ae Senses Caramel Crisp Tablet 120g.",
        "primary_image": "https://www.heinemann-shop.com/medias/527Wx527H-null?context=bWFzdGVyfGltYWdlc3w1MjA1NnxpbWFnZS9qcGVnfGFEVmhMMmd6Wmk4eE1USTROakExTkRFd09USXhOQzgxTWpkWGVEVXlOMGhmYm5Wc2JBfDgzZWY2ZmRhZGRmNWNkZWU0MjE1YjQ3ZGZiMWRkMDI1ZDMyZGNmNmZiNWUwMDFkNzU2ZWI5YjMxZGViYmJlYTI&v=1729321593496",
        "images": []
    },
    {
        "product_url": "https://www.heinemann-shop.com/en/global/mentos/mentos-jumboroll-fruit-8x37g/p/000000000001280882/",
        "brand_name": "Mentos",
        "brand_url": "https://www.heinemann-shop.com/en/global/mentos/c/BRAND_2323/",
        "product_name": "Mentos Jumboroll Fruit 8x37g",
        "quantity": "0.296\u00a0kg",
        "price": "\u20ac8.90",
        "price_per_quantity": "(\u20ac30.07 / 1 kg)",
        "stock_availability": "In stock, immediately available",
        "description": "Each roll contains a mixture of strawberry, orange and lemon flavoured dragees. Every Jumboroll has a content of 8 single rolls.",
        "primary_image": "https://www.heinemann-shop.com/medias/527Wx527H-null?context=bWFzdGVyfGltYWdlc3w0MjA1NHxpbWFnZS9qcGVnfGFEVXdMMmhrTUM4eE1USTROVFk1TVRJd016WXhOQzgxTWpkWGVEVXlOMGhmYm5Wc2JBfDhkYzU3YmViMDAxNWQ5ZTYwZTRhOWQ3N2MzZjIwODk0NzAyZDU0NWQ5OWI3MmMwZjdmYzJhM2EwZGFjN2FhYjA&v=1729317903362",
        "images": []
    },
    {
        "product_url": "https://www.heinemann-shop.com/en/global/lindt/lindt-lindor-tube-silver-with-four-flavours-milk-hazelnut-milk-and-white-double-chocolate-400g/p/000000000001618746/",
        "brand_name": "Lindt",
        "brand_url": "https://www.heinemann-shop.com/en/global/lindt/c/BRAND_1486/",
        "product_name": "Lindt Lindor Tube silver with four flavours (milk, hazelnut, milk and white, double chocolate) 400g",
        "quantity": "0.4\u00a0kg",
        "price": "\u20ac23.90",
        "price_per_quantity": "(\u20ac59.75 / 1 kg)",
        "stock_availability": "In stock, immediately available",
        "description": "Discover Lindor and enjoy a moment that is yours. When you break Lindor's delicate shell, the irresistibly smooth filling starts tomelt, gently caressing all your senses and taking you to a place where chocolate dreams come true. This attractive silver LINDOR tube contains an assortment of four different varieties of irresistibly smooth Lindor Balls (milk, hazelnut, milk and white, double chocolate).",
        "primary_image": "https://www.heinemann-shop.com/medias/527Wx527H-null?context=bWFzdGVyfGltYWdlc3w2Mjg0M3xpbWFnZS9qcGVnfGFHUTBMMmd6TVM4eE1UUTBPREUzTkRBeE9EVTVNQzgxTWpkWGVEVXlOMGhmYm5Wc2JBfDllZTNkMjhiNzMyYzdiZjNkNTA2OWM0NTY5MzY2MjMyOTY5NTVlY2VlZGFjYWU0ODE1NzUzMDVhMDFmNzQ3ZTQ&v=1732744704744",
        "images": []
    },
    {
        "product_url": "https://www.heinemann-shop.com/en/global/geisha/geisha-heart-225g/p/000000000001048834/",
        "brand_name": "Geisha",
        "brand_url": "https://www.heinemann-shop.com/en/global/geisha/c/BRAND_5431/",
        "product_name": "Geisha Heart 225g",
        "quantity": "0.225\u00a0kg",
        "price": "\u20ac14.90",
        "price_per_quantity": "(\u20ac66.22 / 1 kg)",
        "stock_availability": "In stock, immediately available",
        "description": "Every day holds a little dream. Geisha is a unique combination of delicious hazelnut filling covered with Fazer\u2019s finest chocolate - it\u2019s soft, yet crispy. Geisha Original wrapped pralines packed inside of an attractive heart shaped gift box with golden details.",
        "primary_image": "https://www.heinemann-shop.com/medias/527Wx527H-null?context=bWFzdGVyfGltYWdlc3w0ODc3OHxpbWFnZS9qcGVnfGFHVmpMMmczTWk4eE1UYzROak0zTlRBd05ERTVNQzgxTWpkWGVEVXlOMGhmYm5Wc2JBfGMxZmNiYTg0ZjY1NTRmOGE3NzliNjgzZGZmZmU4NDAxNzBiYTMwYzllZDFiN2VhNWIzNjM0YTdiMGM4ODAxYjY&v=1739913805760",
        "images": []
    },
    {
        "product_url": "https://www.heinemann-shop.com/en/global/kitkat/kitkat-senses-hazelnut-crunch-tablet-120g/p/000000000001511667/",
        "brand_name": "KitKat",
        "brand_url": "https://www.heinemann-shop.com/en/global/kitkat/c/BRAND_5024/",
        "product_name": "KitKat Senses Hazelnut Crunch Tablet 120g",
        "quantity": "0.12\u00a0kg",
        "price": "",
        "price_per_quantity": "(\u20ac54.08 / 1 kg)",
        "stock_availability": "",
        "description": "KitKat\u00ae Senses Hazelnut Crunch Tablet 120g.",
        "primary_image": "https://www.heinemann-shop.com/medias/527Wx527H-null?context=bWFzdGVyfGltYWdlc3w1MTg3MXxpbWFnZS9qcGVnfGFEVXpMMmd6TWk4eE1USTROakEwTnpJMk1EY3dNaTgxTWpkWGVEVXlOMGhmYm5Wc2JBfGM2YzIyNTRhYmFjMTIyMzUzY2E2NGQ4N2IyMDIxOWM2YjhlYWE3MjM3M2QzZjkwNmU4ZGIyYmQ4MGIyZDFjNGM&v=1729321197024",
        "images": []
    },
    {
        "product_url": "https://www.heinemann-shop.com/en/global/starbrook/starbrook-chocolate-giant-milk-tablet-400g/p/000000000001067405/",
        "brand_name": "Starbrook",
        "brand_url": "https://www.heinemann-shop.com/en/global/starbrook/c/BRAND_3414/",
        "product_name": "Starbrook chocolate giant milk tablet 400g",
        "quantity": "0.4\u00a0kg",
        "price": "\u20ac15.90",
        "price_per_quantity": "(\u20ac39.75 / 1 kg)",
        "stock_availability": "In stock, immediately available",
        "description": "A delicious Belgian milk chocolate giant bar (400g) divided in little parts. It comes in a wonderfully designed wrap with stunning water paint, retro styled stewardess with kid and airplane, evoking the glamour of the early 50\u2019s aviation era. Signed: Jaak De Koninck, our famous Belgian water paint artist. We directly pack the chocolate in line what ensures freshness, aroma and a perfect taste. What a sweet and shiny piece of happiness! Also perfect high quality chocolate for cooking.",
        "primary_image": "https://www.heinemann-shop.com/medias/527Wx527H-null?context=bWFzdGVyfGltYWdlc3w3MjAwOHxpbWFnZS9qcGVnfGFEWTFMMmhqWWk4eE1UYzROak0zT1RBek5EWTFOQzgxTWpkWGVEVXlOMGhmYm5Wc2JBfDZlYmMzYzJlMjY0OTlhOGFhNDM5MjUzODFjZjNlNDY5OGUwMmQ0M2MzMWUwNzFmMWFmZDk2OGI2MDFmYjA1NTc&v=1739914013863",
        "images": []
    },
    {
        "product_url": "https://www.heinemann-shop.com/en/global/neuhaus/neuhaus-souvenir-collection-germany-163g/p/000000000001508838/",
        "brand_name": "Neuhaus",
        "brand_url": "https://www.heinemann-shop.com/en/global/neuhaus/c/BRAND_1376/",
        "product_name": "Neuhaus Souvenir Collection Germany 163g",
        "quantity": "0.163\u00a0kg",
        "price": "\u20ac31.90",
        "price_per_quantity": "(\u20ac195.71 / 1 kg)",
        "stock_availability": "",
        "description": "The Germany souvenir collection box contains 16 timeless Neuhaus milk, dark & white filled chocolates. Bring back memories of your trip to Germany to a loved one with this elegant and unique chocolate gift box. Neuhaus created the first Belgian praline and we always keep inventing. All of our chocolates are proudly made in Belgium, composed with care using only fair and natural ingredients.",
        "primary_image": "https://www.heinemann-shop.com/medias/527Wx527H-null?context=bWFzdGVyfGltYWdlc3w0MjA3MXxpbWFnZS9qcGVnfGFEbG1MMmd4WWk4eE1UY3dOVFE1TWpFeE1UTTVNQzgxTWpkWGVEVXlOMGhmYm5Wc2JBfDE1ZWU5YmY2MDI4N2FmN2ZiNzQwN2ZhY2U0Y2E2NGNlNTE0NTUyZTFhMWE1YzBkNTYwNTRiZDRjOTQ1ZjBlOGI&v=1738281768706",
        "images": [
            "https://www.heinemann-shop.com/medias/527Wx527H-null?context=bWFzdGVyfGltYWdlc3w0MjA3MXxpbWFnZS9qcGVnfGFEbG1MMmd4WWk4eE1UY3dOVFE1TWpFeE1UTTVNQzgxTWpkWGVEVXlOMGhmYm5Wc2JBfDE1ZWU5YmY2MDI4N2FmN2ZiNzQwN2ZhY2U0Y2E2NGNlNTE0NTUyZTFhMWE1YzBkNTYwNTRiZDRjOTQ1ZjBlOGI&v=1738281768706",
            "https://www.heinemann-shop.com/medias/527Wx527H-null?context=bWFzdGVyfGltYWdlc3w0NzgwMXxpbWFnZS9qcGVnfGFEazBMMmhqTWk4eE1UY3dOVFE1TlRrME5USTBOaTgxTWpkWGVEVXlOMGhmYm5Wc2JBfGY5ZjlmMzdjZWQ2MGZkNzA1OWRlMGY5OTczYmQxMTIwNTIxYWFkYjJmN2RkZTlmZmZmMmMyODRiZDBkYTdhYTI&v=1738282035700"
        ]
    },
    {
        "product_url": "https://www.heinemann-shop.com/en/global/original-sacher/original-sacher-fudge-cake-with-egg-liqueur-400g/p/000000000001056702/",
        "brand_name": "Original Sacher",
        "brand_url": "https://www.heinemann-shop.com/en/global/original-sacher/c/BRAND_2477/",
        "product_name": "Original Sacher Fudge cake with egg liqueur 400g",
        "quantity": "0.4\u00a0kg",
        "price": "\u20ac36.99",
        "price_per_quantity": "(\u20ac92.48 / 1 kg)",
        "stock_availability": "",
        "description": "A delicious Austrian Fudge Cake with chocolate crumbs and a dash of egg liqueur.",
        "primary_image": "https://www.heinemann-shop.com/medias/1056702-527Wx527H?context=bWFzdGVyfGltYWdlc3w1OTY2MHxpbWFnZS9qcGVnfGFXMWhaMlZ6TDJoak15OW9NMkV2T1RNek56ZzVOemczTnpVek5DNXFjR2N8MjQxNDNhNjYzOGRkYzg3ODRkYzZjOTU5Mjk2YzQ0MDYwODFhMDE1ZGMwNWYwYWY0MzNkNDdhYjhmZmE1MGI3Yw&v=1576751860052",
        "images": []
    },
    {
        "product_url": "https://www.heinemann-shop.com/en/global/jelly-bean/the-jelly-bean-gourmet-175g/p/000000000001515051/",
        "brand_name": "Jelly Bean",
        "brand_url": "https://www.heinemann-shop.com/en/global/jelly-bean/c/BRAND_3606/",
        "product_name": "The Jelly Bean Gourmet 175g",
        "quantity": "0.175\u00a0kg",
        "price": "\u20ac6.50",
        "price_per_quantity": "(\u20ac37.14 / 1 kg)",
        "stock_availability": "In stock, immediately available",
        "description": "The Jelly Bean Factory produces around 12 million gourmet beans daily in 36 different flavours, ranging from passion fruit to pi\u00f1a colada. Jelly Beans in several different flavours and packaging. The small beans has 100% natural taste and colors, they're gluten and gelatine free!",
        "primary_image": "https://www.heinemann-shop.com/medias/527Wx527H-null?context=bWFzdGVyfGltYWdlc3wzODgwOHxpbWFnZS9qcGVnfGFEYzFMMmhtTUM4eE1USTROakExTWpJd09EWTNNQzgxTWpkWGVEVXlOMGhmYm5Wc2JBfDIxZGMzOTU2OGY1NTZlN2EyODA5YjQ2YTViOWZhY2JiMmJkODhmMTAwNWEyMDRiYjkxYzVmMTAyNTc2OGRlYTk&v=1729321483726",
        "images": []
    },
    {
        "product_url": "https://www.heinemann-shop.com/en/global/ricola/ricola-lemon-mint-sugarfree-75g-tin/p/000000000001623400/",
        "brand_name": "Ricola",
        "brand_url": "https://www.heinemann-shop.com/en/global/ricola/c/BRAND_0486/",
        "product_name": "Ricola Lemon Mint Sugarfree 75g Tin",
        "quantity": "0.075\u00a0kg",
        "price": "",
        "price_per_quantity": "(\u20ac70.67 / 1 kg)",
        "stock_availability": "",
        "description": "Your throat and voice are often put under strain when traveling. Luckily, you can now get soothing Ricola herb drops in a handy tin. Whether it\u2019s a souvenir or a gift, there\u2019s room for this small, premium tin in any bag. The tin is part of Ricola\u2019s \"Travel with Nature\" range, available exclusively in duty-free shops. And Lemon Mint is one of the most popular Ricola flavours across the globe. The experience starts with a refreshing burst of lemon followed by the complex aromas of the 13-herb mixture. As well as tasting great, Ricola Lemon Mint drops are good for your throat and voice. The fresh and fragrant lemon balm that gives the drops their exceptional flavor originally came from the Eastern Mediterranean region. It has been prized for its soothing qualities by people around the world for centuries.",
        "primary_image": "https://www.heinemann-shop.com/medias/527Wx527H-null?context=bWFzdGVyfGltYWdlc3w0NzEwMnxpbWFnZS9qcGVnfGFERTRMMmcyWkM4eE1EVXlOVEF6TkRJMU1ESTNNQzgxTWpkWGVEVXlOMGhmYm5Wc2JBfGJmZmJiY2ExMjc2MmY0ZjNkNWUyMDdhZDQzODNhOTc2ODNiZDIxMjdkNWQ2ZTc5MDA1YmExZjczMzEyMmU1ZmE&v=1712178697197",
        "images": [
            "https://www.heinemann-shop.com/medias/527Wx527H-null?context=bWFzdGVyfGltYWdlc3w0NzEwMnxpbWFnZS9qcGVnfGFERTRMMmcyWkM4eE1EVXlOVEF6TkRJMU1ESTNNQzgxTWpkWGVEVXlOMGhmYm5Wc2JBfGJmZmJiY2ExMjc2MmY0ZjNkNWUyMDdhZDQzODNhOTc2ODNiZDIxMjdkNWQ2ZTc5MDA1YmExZjczMzEyMmU1ZmE&v=1712178697197",
            "https://www.heinemann-shop.com/medias/527Wx527H-null?context=bWFzdGVyfGltYWdlc3w0NDcyOXxpbWFnZS9qcGVnfGFEWXhMMmhpWWk4eE1EVXlOVEEwTURJME5qZ3hOQzgxTWpkWGVEVXlOMGhmYm5Wc2JBfDg2ZWQ1N2MzNDdkOWE4ODRkZTJkOTkwM2NhZTdjZjE0NTY1NTFkMTE5Mzc2YmM2MmQ4NDkyYjA5NTdjY2ZiZWY&v=1712178998255"
        ]
    },
    {
        "product_url": "https://www.heinemann-shop.com/en/global/kinder/kinder-surprise-paw-patrol-in-the-luggage-shaped-case-with-toys-120g/p/000000000001515563/",
        "brand_name": "Kinder",
        "brand_url": "https://www.heinemann-shop.com/en/global/kinder/c/BRAND_4645/",
        "product_name": "Kinder Surprise Paw Patrol in the luggage-shaped case with toys 120g.",
        "quantity": "0.12\u00a0kg",
        "price": "\u20ac20.90",
        "price_per_quantity": "(\u20ac174.17 / 1 kg)",
        "stock_availability": "In stock, immediately available",
        "description": "\"This Kinder Surprise is a mix of milk chocolate, milky white lining and an exciting toy inside. Kinder Surprise is the family favorite that encourages quality time between parents and children. The all-new KS T6 Paw Patrol is a special luggage-shapedpack that can be easily carried around and will enjoy 2 special playabilities: One side contains 2 connect-the-dots games, the other side can be used as a playset to create fantastic Paw Patrol stories!",
        "primary_image": "https://www.heinemann-shop.com/medias/527Wx527H-null?context=bWFzdGVyfGltYWdlc3w3MzE0OXxpbWFnZS9qcGVnfGFEQmlMMmhtWVM4eE1USTVPRFEwTlRVMU56YzVNQzgxTWpkWGVEVXlOMGhmYm5Wc2JBfDE5YzZkMDVlZDlmZWU5NzgxYWVkNmUzNTI4YTQyNTk0NmRlZmZmZDIyM2VjNTk1MzY3MjIyYzAzNzI2NDcwMDk&v=1729547447768",
        "images": []
    },
    {
        "product_url": "https://www.heinemann-shop.com/en/global/guylian/guylian-seashells-gift-box-250g/p/000000000001564721/",
        "brand_name": "Guylian",
        "brand_url": "https://www.heinemann-shop.com/en/global/guylian/c/BRAND_1409/",
        "product_name": "Guylian Seashells Gift Box 250g",
        "quantity": "0.25\u00a0kg",
        "price": "\u20ac9.90",
        "price_per_quantity": "(\u20ac39.60 / 1 kg)",
        "stock_availability": "In stock, immediately available",
        "description": "Guylian\u2019s number 1 product, created by our founders as a souvenir of the Belgian coast and taking over the world ever since. Every elegantly crafted Seashell chocolate is filled with our original hazelnut pralin\u00e9 filling, which is still made according to the original recipe, now with 100% Fairtrade cocoa. Savour an indulgent taste sensation and spoil your senses. Each 250g box contains 22 delicious Belgian Chocolate Seashells.",
        "primary_image": "https://www.heinemann-shop.com/medias/527Wx527H-null?context=bWFzdGVyfGltYWdlc3w0MjQ5OHxpbWFnZS9qcGVnfGFEWXpMMmcxWkM4eE1UYzROak01TXpFNU1EUXpNQzgxTWpkWGVEVXlOMGhmYm5Wc2JBfDI3NTQ5OGJmY2M1YTJhOGYyODg2MGNmNzQ1ZTg5NzkzOGUzMjUzMWMxMzEwOTkwNTFmMzNjMmNkYmE2YjdhNDY&v=1739915009850",
        "images": []
    },
    {
        "product_url": "https://www.heinemann-shop.com/en/global/haribo/haribo-travel-parade-700-g/p/000000000001513752/",
        "brand_name": "Haribo",
        "brand_url": "https://www.heinemann-shop.com/en/global/haribo/c/BRAND_1079/",
        "product_name": "Haribo Travel Parade 700 g",
        "quantity": "0.7\u00a0kg",
        "price": "\u20ac9.30",
        "price_per_quantity": "(\u20ac13.29 / 1 kg)",
        "stock_availability": "In stock, immediately available",
        "description": "Our iconic Air Parade has now been transformed",
        "primary_image": "https://www.heinemann-shop.com/medias/527Wx527H-null?context=bWFzdGVyfGltYWdlc3w5Nzc1NHxpbWFnZS9qcGVnfGFEbGtMMmhtTnk4eE1USTROakExTWpRek9EQTBOaTgxTWpkWGVEVXlOMGhmYm5Wc2JBfGI5Mzc3YWJhYzNmMWYzNGFmMDMxNjA5YmVjM2IwMzY1OWFhNWQzNTc1Zjk1ZDVmODZmNjAxM2JjNmNlYTc1OTk&v=1729321502514",
        "images": []
    },
    {
        "product_url": "https://www.heinemann-shop.com/en/global/ritter-sport/ritter-sport-germany-tower-9-bars-with-3-flavors-packed-in-the-colors-of-the-black-red-gold-german-national-flag-900g/p/000000000001628694/",
        "brand_name": "Ritter Sport",
        "brand_url": "https://www.heinemann-shop.com/en/global/ritter-sport/c/BRAND_0476/",
        "product_name": "Ritter Sport Germany Tower 9 bars with 3 flavors, packed in the colors of the black-red-gold German national flag 900g",
        "quantity": "0.9\u00a0kg",
        "price": "\u20ac33.90",
        "price_per_quantity": "(\u20ac37.67 / 1 kg)",
        "stock_availability": "",
        "description": "The popular Ritter Sport Tower is now also available in an exclusive Germany Edition. It contains three delicious chocolate varieties such as Fine Extra Dark, Marzipan and Cornflakes. Together, those three flavours add up to the black-red-gold German national flag. So it is a perfect gift from Germany for your loved ones.",
        "primary_image": "https://www.heinemann-shop.com/medias/527Wx527H-null?context=bWFzdGVyfGltYWdlc3w1MzUxOHxpbWFnZS9qcGVnfGFEVm1MMmd3TkM4eE1USTROVEU1T0Rjek16TTBNaTgxTWpkWGVEVXlOMGhmYm5Wc2JBfGU0MWMyMjkyNDkwMTE0YTFjZmViYzNkMzM4YWQyYzJhZmU2ODkxMWMwYjhiYzJmMmYwMDU2MjAxOGZiMDU3MTg&v=1729309220782",
        "images": []
    },
    {
        "product_url": "https://www.heinemann-shop.com/en/global/chupa-chups/chupa-chups-set-with-4-strawberry-lollies-4-marker-pens-and-1-colouring-book-smurfs-or-hello-kitty/p/000000000001622411/",
        "brand_name": "Chupa Chups",
        "brand_url": "https://www.heinemann-shop.com/en/global/chupa-chups/c/BRAND_1707/",
        "product_name": "Chupa Chups set with 4 strawberry lollies, 4 marker pens and 1 colouring book - Smurfs or Hello Kitty",
        "quantity": "0.048\u00a0kg",
        "price": "\u20ac6.90",
        "price_per_quantity": "(\u20ac143.75 / 1 kg)",
        "stock_availability": "In stock, immediately available",
        "description": "The Chupa Chups Colour Kit is a great gift for kids that will keep them entertained while travelling. One packaging contains 4 Hello Kitty or 4 Smurfs Markers, 4 lollipops and 1 colouring book",
        "primary_image": "https://www.heinemann-shop.com/medias/527Wx527H-null?context=bWFzdGVyfGltYWdlc3w1NzYxNHxpbWFnZS9qcGVnfGFETXpMMmhoTWk4eE1UTXhOekl6TURJek9UYzNOQzgxTWpkWGVEVXlOMGhmYm5Wc2JBfDU4NGVhMGQ3YzUyMGVhYWVlMjIwMTRjOWZhMjM1OGM3NzdlMmJiMzljZmEzM2JhZmE4MTQ3MjcxMWMzYjdjYjc&v=1729889114766",
        "images": [
            "https://www.heinemann-shop.com/medias/527Wx527H-null?context=bWFzdGVyfGltYWdlc3w1NzYxNHxpbWFnZS9qcGVnfGFETXpMMmhoTWk4eE1UTXhOekl6TURJek9UYzNOQzgxTWpkWGVEVXlOMGhmYm5Wc2JBfDU4NGVhMGQ3YzUyMGVhYWVlMjIwMTRjOWZhMjM1OGM3NzdlMmJiMzljZmEzM2JhZmE4MTQ3MjcxMWMzYjdjYjc&v=1729889114766",
            "https://www.heinemann-shop.com/medias/527Wx527H-null?context=bWFzdGVyfGltYWdlc3w2MTkxOXxpbWFnZS9qcGVnfGFHRTJMMmc0WVM4eE1UTXhOekkwTURNek1qTXhPQzgxTWpkWGVEVXlOMGhmYm5Wc2JBfDg5YThmYTI4OTM2ZDVkZDIwNjE2OWUzZTc3OTRkY2Y2YTdmZmJkOTFhN2IzNDk3MTZjOTQ1NmE2M2I0NThjY2U&v=1729889742911",
            "https://www.heinemann-shop.com/medias/527Wx527H-null?context=bWFzdGVyfGltYWdlc3w2MjE0N3xpbWFnZS9qcGVnfGFHTXdMMmczWmk4eE1UTXhOekkwTURZNU1qYzJOaTgxTWpkWGVEVXlOMGhmYm5Wc2JBfDdjOWRkNGI3NzY3NTk2MWMyZTY2Mzk1MGJkZjA0NjQ2YjdiNmFiOGM5ODlhNDU2Y2NkZmZhMjNhZTEwNmQwYjI&v=1729889758088"
        ]
    },
    {
        "product_url": "https://www.heinemann-shop.com/en/global/reber/reber-wolfgang-and-constanze-kugeln-2x120g/p/000000000000503826/",
        "brand_name": "Reber",
        "brand_url": "https://www.heinemann-shop.com/en/global/reber/c/BRAND_2097/",
        "product_name": "Reber Wolfgang and Constanze Kugeln 2x120g",
        "quantity": "0.24\u00a0kg",
        "price": "\u20ac13.50",
        "price_per_quantity": "(\u20ac56.25 / 1 kg)",
        "stock_availability": "",
        "description": "Constanze & Wolfgang Amadeus Mozart united in a sophisticated gift box. 6 Constanze Mozart-Kugeln \u2013 for milk chocolate lovers, exclusively filled with smooth melting hazelnut praline and pistachio marzipan and covered with two layers of alpine milk chocolate and six genuine Reber-Mozart-Kugeln for lovers of dark chocolate. They guarantee premium confectionery delight.",
        "primary_image": "https://www.heinemann-shop.com/medias/527Wx527H-null?context=bWFzdGVyfGltYWdlc3w0NjY4MnxpbWFnZS9qcGVnfGFEWm1MMmd6T0M4NU56WXhNVEExTnpBM01ETTRMelV5TjFkNE5USTNTRjl1ZFd4c3xhOTJhYTdkZTgxZGEzMWFlYzIzOWQ4ZTc0ZTdiMzU2OWIwN2ZmZTM5Mjc2NzA4MDg1OWNiZTZkNWU3ZjVjOGRl&v=1683149115443",
        "images": []
    },
    {
        "product_url": "https://www.heinemann-shop.com/en/global/reber/reber-mozart-kugel-10-pieces-bag-200g/p/000000000001305392/",
        "brand_name": "Reber",
        "brand_url": "https://www.heinemann-shop.com/en/global/reber/c/BRAND_2097/",
        "product_name": "Reber Mozart-Kugel 10 pieces bag 200g",
        "quantity": "0.2\u00a0kg",
        "price": "\u20ac9.30",
        "price_per_quantity": "(\u20ac46.50 / 1 kg)",
        "stock_availability": "In stock, immediately available",
        "description": "Unique and extraordinaire - the genuine Reber Mozart-Kugeln\u00ae exclusively filled with fine pistachio marzipan made of fresh, green pistachios and almonds in smooth melting hazelnut praline of freshly roasted hazelnuts covered with fine milk and dark chocolate.",
        "primary_image": "https://www.heinemann-shop.com/medias/527Wx527H-null?context=bWFzdGVyfGltYWdlc3wxMjEyODZ8aW1hZ2UvanBlZ3xhR1JoTDJobU1TODVOell4TVRRNU1qVTFOekV3THpVeU4xZDROVEkzU0Y5dWRXeHN8YWVhMzEwNWZjYzYyMDA4NTIzYzZiNjA4MmMzMzQ1NjQ1MTk4MTVlOWQxMThlNTI1NTlmYWM5NWEzNjkzZmY3Ng&v=1683168953857",
        "images": []
    },
    {
        "product_url": "https://www.heinemann-shop.com/en/global/starbrook/starbrook-tin-assorted-pralines-200g/p/000000000001170434/",
        "brand_name": "Starbrook",
        "brand_url": "https://www.heinemann-shop.com/en/global/starbrook/c/BRAND_3414/",
        "product_name": "Starbrook tin assorted pralines 200g",
        "quantity": "0.2\u00a0kg",
        "price": "\u20ac18.90",
        "price_per_quantity": "(\u20ac94.50 / 1 kg)",
        "stock_availability": "In stock, immediately available",
        "description": "Choc Chic! A stunning collection of mouth-watering creations, a feast for everybody\u2019s eyes and tongues. Pralines are a tasteful way to show your gratitude, therefor the perfect gift packed in magnificent Starbrook Airlines tins. These tins are real collectors\u2019 items with nostalgic water paints from the hand of our artist Jaak De Koninck, making alive a retro fantasy world of air hostesses, pilots and DC3's. Our each fine decorated shiny pralines are an irresistible combination of either milk, dark or white premium Belgian chocolate and sophisticated creamy fillings.",
        "primary_image": "https://www.heinemann-shop.com/medias/527Wx527H-null?context=bWFzdGVyfGltYWdlc3w4MDA2NHxpbWFnZS9qcGVnfGFESm1MMmcxTmk4eE1UYzROak00TURNeE1qWXdOaTgxTWpkWGVEVXlOMGhmYm5Wc2JBfDZjODI3MmUwYTc2OWNhYzE1NWE1ZGRjNDlmYWMyMTY2Zjc2YmNiMmU5MTA1YzU4OTQ3NDgxZTc1M2Q4ZjEwNjA&v=1739914074917",
        "images": []
    },
    {
        "product_url": "https://www.heinemann-shop.com/en/global/kinder/kinder-bueno-white-travel-edition-312g/p/000000000001442579/",
        "brand_name": "Kinder",
        "brand_url": "https://www.heinemann-shop.com/en/global/kinder/c/BRAND_4645/",
        "product_name": "Kinder Bueno White, Travel Edition 312g",
        "quantity": "0.312\u00a0kg",
        "price": "\u20ac11.70",
        "price_per_quantity": "(\u20ac37.50 / 1 kg)",
        "stock_availability": "In stock, immediately available",
        "description": "Bueno White  is a delicate chocolate bar with an indulgent taste. Each melt-in-the-mouth piece promises creamy hazelnut, smooth chocolate and crispy wafer for you to enjoy. It comes in single portions, individually wrapped. Treat yourself!",
        "primary_image": "https://www.heinemann-shop.com/medias/527Wx527H-null?context=bWFzdGVyfGltYWdlc3wzODIyNHxpbWFnZS9qcGVnfGFHVTJMMmd5TlM4eE1UY3dOVFl3TlRFNU16YzFPQzgxTWpkWGVEVXlOMGhmYm5Wc2JBfDg2MDMxYzNjMzUzNzg4MTMxY2FhMTk1Y2I4YzFlN2QzMzVhOTEzNDc0MWFhZWQyMGUzZDMyMGI1NDNkYzg2NmI&v=1738285834811",
        "images": []
    },
    {
        "product_url": "https://www.heinemann-shop.com/en/global/mentos/mentos-jumboroll-berry-296g/p/000000000001452631/",
        "brand_name": "Mentos",
        "brand_url": "https://www.heinemann-shop.com/en/global/mentos/c/BRAND_2323/",
        "product_name": "Mentos Jumboroll Berry 296g",
        "quantity": "0.296\u00a0kg",
        "price": "\u20ac8.90",
        "price_per_quantity": "(\u20ac30.07 / 1 kg)",
        "stock_availability": "In stock, immediately available",
        "description": "Each roll contains a mixture of raspberry, blackcurrant and cherry flavoured candies. The perfect addition to our classic fruit mix. Each Jumboroll contains 8 single rolls.",
        "primary_image": "https://www.heinemann-shop.com/medias/527Wx527H-null?context=bWFzdGVyfGltYWdlc3w0MTE4M3xpbWFnZS9qcGVnfGFHRXdMMmhqTmk4eE1USTROVGcyTmpNeE5UZ3dOaTgxTWpkWGVEVXlOMGhmYm5Wc2JBfDllZWNjOWNkYjVlMGQ4ZTU3MzE0MDI2Y2ZkMWM1NjQzYzFkNDVlYWYzNGRmNmVhY2U0MmE0N2I0YzJkYjZkZTE&v=1729320185573",
        "images": []
    },
    {
        "product_url": "https://www.heinemann-shop.com/en/global/haribo/haribo-happy-germany-700g/p/000000000001444042/",
        "brand_name": "Haribo",
        "brand_url": "https://www.heinemann-shop.com/en/global/haribo/c/BRAND_1079/",
        "product_name": "Haribo Happy Germany 700g",
        "quantity": "0.7\u00a0kg",
        "price": "\u20ac9.30",
        "price_per_quantity": "(\u20ac13.29 / 1 kg)",
        "stock_availability": "In stock, immediately available",
        "description": "A sweet souvenir from Germany. 6 famous German monuments made from delicious fruit jellies: Brandenburger Tor, Cologne Cathedral, Neuschwanstein Castle, Frankfurter R\u00f6mer, Porta Nigra und Herrmanns Monument.",
        "primary_image": "https://www.heinemann-shop.com/medias/527Wx527H-null?context=bWFzdGVyfGltYWdlc3w5MjY4NnxpbWFnZS9qcGVnfGFERXlMMmhrTmk4eE1USTROVGcxT1RBd09EVTBNaTgxTWpkWGVEVXlOMGhmYm5Wc2JBfDY3N2Y4MjkwZTUyNjY0NGZlNmIyMDRlYTdmNGE2NTZiODZmNGYwMDFlNmFmNGM1OGM5YzliNDhjNTI4MzZjNWE&v=1729319764355",
        "images": []
    },
    {
        "product_url": "https://www.heinemann-shop.com/en/global/guylian/guylian-multipack-sea-shells-4x250g/p/000000000001071683/",
        "brand_name": "Guylian",
        "brand_url": "https://www.heinemann-shop.com/en/global/guylian/c/BRAND_1409/",
        "product_name": "Guylian Multipack Sea Shells 4x250g",
        "quantity": "1\u00a0kg",
        "price": "\u20ac29.90",
        "price_per_quantity": "(\u20ac29.90 / 1 kg)",
        "stock_availability": "In stock, immediately available",
        "description": "Our Original Belgian Chocolate Sea Shells are sure to give you the ultimate chocolate experience. Each one is carefully crafted with a blend of delicious white, milk or dark Belgian chocolate filled with the delicious Guylian roasted hazelnut praline.",
        "primary_image": "https://www.heinemann-shop.com/medias/527Wx527H-null?context=bWFzdGVyfGltYWdlc3w3Njk3N3xpbWFnZS9qcGVnfGFHRXdMMmhpTlM4eE1UYzROak00TVRBd01EY3pOQzgxTWpkWGVEVXlOMGhmYm5Wc2JBfGU5YjgwZjgwNGEzYTYwMzU0MWExNzI4MmNiZGZhNWJmNWVmYzU0NGVhMjNlZmU4ZDdjMWM3YmJmNDcyYmU3YzE&v=1739914115647",
        "images": []
    },
    {
        "product_url": "https://www.heinemann-shop.com/en/global/reber/reber-mozart-kugeln-with-austria-sleeve-240g/p/000000000000553276/",
        "brand_name": "Reber",
        "brand_url": "https://www.heinemann-shop.com/en/global/reber/c/BRAND_2097/",
        "product_name": "Reber Mozart Kugeln with Austria sleeve 240g",
        "quantity": "0.24\u00a0kg",
        "price": "\u20ac12.49",
        "price_per_quantity": "(\u20ac52.04 / 1 kg)",
        "stock_availability": "",
        "description": "The perfect present with greetings from Austria. Mozart-Barock gift box with 12 genuine Reber Mozart-Kugeln, exclusively filled with fine pistachio marzipan from fresh, green pistachios and almonds, smooth melting hazelnut praline from freshly roasted hazelnuts, enrobed with fine milk and dark chocolate. A real collector's item for all Mozart fans but also the perfect present to surprise your loved ones.",
        "primary_image": "https://www.heinemann-shop.com/medias/527Wx527H-null?context=bWFzdGVyfGltYWdlc3w2ODc5N3xpbWFnZS9qcGVnfGFHTmxMMmd4WXk4NU56WXhNVEV6TURFME16QXlMelV5TjFkNE5USTNTRjl1ZFd4c3xiMzdjZDY5NDI0YmVkNDA4NTdhZjEyZDM0ZDgyOWI2MWU5OWNjMzcxYjRjNjgwNTQ1Y2VmMzliODAxYWVlMzFk&v=1683154520446",
        "images": []
    },
    {
        "product_url": "https://www.heinemann-shop.com/en/global/skittles/skittles-chewy-candies-coated-with-sugar-with-sour-fruit-flavor-318g/p/000000000001628363/",
        "brand_name": "Skittles",
        "brand_url": "https://www.heinemann-shop.com/en/global/skittles/c/BRAND_5050/",
        "product_name": "Skittles chewy candies coated with sugar, with sour fruit flavor 318g",
        "quantity": "0.318\u00a0kg",
        "price": "\u20ac8.50",
        "price_per_quantity": "(\u20ac26,729.56 / 1000 kg)",
        "stock_availability": "In stock, immediately available",
        "description": "A fruit chewy bite-sized candy with a colorful shell. Skittles candies have been enjoyed by fans for decades. No two rainbows are the same. Neither are two packs of Skittles. Share the Rainbow, Taste the Rainbow.",
        "primary_image": "https://www.heinemann-shop.com/medias/527Wx527H-null?context=bWFzdGVyfGltYWdlc3w4NDkyNnxpbWFnZS9qcGVnfGFEazFMMmhtTVM4eE1EZzVOelV4TWpJMk56Z3dOaTgxTWpkWGVEVXlOMGhmYm5Wc2JBfDEwOGZmMTVhMzZlYmRkZWRkODI3YjU0MGVhNWIwMzQyM2JlODk4ZjA3ZWJiZTU0OTcxNGYwMWVmM2Y3NTRiNmU&v=1721337766488",
        "images": []
    },
    {
        "product_url": "https://www.heinemann-shop.com/en/global/kinder/kinder-mix-with-kinder-chocolate-kinder-country-and-koala-plush-toy-144g/p/000000000001671166/",
        "brand_name": "Kinder",
        "brand_url": "https://www.heinemann-shop.com/en/global/kinder/c/BRAND_4645/",
        "product_name": "Kinder Mix with Kinder Chocolate, Kinder Country and Koala plush toy 144g",
        "quantity": "0.144\u00a0kg",
        "price": "\u20ac19.90",
        "price_per_quantity": "(\u20ac138,194.44 / 1000 kg)",
        "stock_availability": "In stock, immediately available",
        "description": "The new Kinder Mix combines a cuddly toy and the unmistakable taste of Kinder with 1 Kinder Chocolate and 4 Kinder Country inside.",
        "primary_image": "https://www.heinemann-shop.com/medias/527Wx527H-null?context=bWFzdGVyfGltYWdlc3wxMDQ3MTh8aW1hZ2UvanBlZ3xhRFJoTDJoaVpTOHhNVFkwT1RVMk16RXpNVGt6TkM4MU1qZFhlRFV5TjBoZmJuVnNiQXw4NjQ4NzYxZjY3MTZhNzQ3NTc4MmYwZTZhNmZiZGZiZDg1ZGMzZmRjYmJmMjQyNzkxNjdjODE5OTFlZjA5NGJm&v=1737150940878",
        "images": []
    },
    {
        "product_url": "https://www.heinemann-shop.com/en/global/ferrero-rocher/rocher-iconic-gift-300g/p/000000000001656990/",
        "brand_name": "Ferrero Rocher",
        "brand_url": "https://www.heinemann-shop.com/en/global/ferrero-rocher/c/BRAND_5430/",
        "product_name": "Rocher Iconic Gift 300g",
        "quantity": "0.3\u00a0kg",
        "price": "\u20ac26.90",
        "price_per_quantity": "(\u20ac89.67 / 1 kg)",
        "stock_availability": "In stock, immediately available",
        "description": "Ferrero Rocher: a whole hazelnut in a creamy filling covered by chocolate and hazelnut pieces.",
        "primary_image": "https://www.heinemann-shop.com/medias/527Wx527H-null?context=bWFzdGVyfGltYWdlc3w2Mjg3NXxpbWFnZS9qcGVnfGFHRmtMMmhtTUM4eE1USTVPRGs0Tnprek16Y3lOaTgxTWpkWGVEVXlOMGhmYm5Wc2JBfDM0ZDMyOWNhZjg0OWRiZDRmYjQ3NTc4OWM5OTQ1MDY0ZDIxMjgwMzg3MTk0ZDg4NjU5ZTA4ODFjOTcyMDQxN2I&v=1729549542479",
        "images": []
    },
    {
        "product_url": "https://www.heinemann-shop.com/en/global/celebrations/celebrations-jar-810g/p/000000000001026480/",
        "brand_name": "Celebrations",
        "brand_url": "https://www.heinemann-shop.com/en/global/celebrations/c/BRAND_5049/",
        "product_name": "Celebrations Jar 810g",
        "quantity": "0.81\u00a0kg",
        "price": "\u20ac32.90",
        "price_per_quantity": "(\u20ac40.62 / 1 kg)",
        "stock_availability": "In stock, immediately available",
        "description": "Launched in 1997, Celebrations was the first to bring together a selection of well-loved brands in miniature. With a mix of everyone's favourites, Celebrations is a guaranteed crowd-pleaser for any occasion.",
        "primary_image": "https://www.heinemann-shop.com/medias/527Wx527H-null?context=bWFzdGVyfGltYWdlc3w0OTQyN3xpbWFnZS9qcGVnfGFERmhMMmd6WkM4NU9EQXdPRFl3TWpNM09EVTBMelV5TjFkNE5USTNTRjl1ZFd4c3xkMGQ1N2UzZjI4ZDYwMmQ2OGRjZmEwNmZlY2I3ZTkyNWM2NjlmYTY1NDAyYmRmYjU5NDhhNzViM2ZkYTY1NDg1&v=1691465773263",
        "images": [
            "https://www.heinemann-shop.com/medias/527Wx527H-null?context=bWFzdGVyfGltYWdlc3w0OTQyN3xpbWFnZS9qcGVnfGFERmhMMmd6WkM4NU9EQXdPRFl3TWpNM09EVTBMelV5TjFkNE5USTNTRjl1ZFd4c3xkMGQ1N2UzZjI4ZDYwMmQ2OGRjZmEwNmZlY2I3ZTkyNWM2NjlmYTY1NDAyYmRmYjU5NDhhNzViM2ZkYTY1NDg1&v=1691465773263",
            "https://www.heinemann-shop.com/medias/527Wx527H-null?context=bWFzdGVyfGltYWdlc3w2Njc0N3xpbWFnZS9qcGVnfGFEWXlMMmc1WWk4NU56WTRNakV3TURjeE5UZ3lMelV5TjFkNE5USTNTRjl1ZFd4c3wxMmMyNTBlYjNlMTgxNzliYmUwMmFkNDBjNjFkYzZkODEwODA2ZGEwOGEzYzE1MmQ1NDMzMjI0NmYyYjM1ZDZk&v=1685226039336",
            "https://www.heinemann-shop.com/medias/527Wx527H-null?context=bWFzdGVyfGltYWdlc3w0ODA2OHxpbWFnZS9qcGVnfGFEUXhMMmcwTkM4NU9EQXdPRFl3TkRZM01qTXdMelV5TjFkNE5USTNTRjl1ZFd4c3wyNTliN2MzMGZlNTcxZjM2YmQ0ZDhhYzBiYzg1M2UzZTI1MDY0ZjA1Y2U0MTQ5NDY3YThhMjlkZjAxOGJiNDkx&v=1691465786475"
        ]
    },
    {
        "product_url": "https://www.heinemann-shop.com/en/global/ritter-sport/ritter-sport-tower-nut-selection-8x100g/p/000000000001507620/",
        "brand_name": "Ritter Sport",
        "brand_url": "https://www.heinemann-shop.com/en/global/ritter-sport/c/BRAND_0476/",
        "product_name": "Ritter Sport Tower Nut Selection 8x100g",
        "quantity": "0.8\u00a0kg",
        "price": "\u20ac33.90",
        "price_per_quantity": "(\u20ac42.38 / 1 kg)",
        "stock_availability": "In stock, immediately available",
        "description": "Think that finding the perfect gift for your loved ones is a hard nut to crack? Not if you choose the RITTER SPORT Nut Selection. The attractive box with its practical carrying handel isn\u2019t just a smart piece of luggage: inside, you\u2019ll find the best nut-filled bars around. And as all six varieties are very easy on the eyes, there is a window to show off the crunchy contours of Dark Whole Hazelnuts, Whole Hazelnuts, White Whole Hazelnuts, Honey Salt Almonds, Dark Whole Almonds and  Whole Almonds. It will pay to take that extra bit of care with your luggage. Sustainable: 100%certified sustainable cocoa purchase. Nuts: crunchy roasted, hand-picked whole hazeluts & almonds",
        "primary_image": "https://www.heinemann-shop.com/medias/527Wx527H-null?context=bWFzdGVyfGltYWdlc3wyODgxMXxpbWFnZS9qcGVnfGFESmxMMmhoWkM4eE1USTRORGt5TVRBNU1EQTNPQzgxTWpkWGVEVXlOMGhmYm5Wc2JBfGY0ODUzZjQ5Y2RmYjUyODA4MDQyZDI2MGI2NjdiYzg3NDhkZmJkNmYxOTVmMDk0NGQzM2VhNGY5MDA2N2RjNDQ&v=1729301604818",
        "images": []
    },
    {
        "product_url": "https://www.heinemann-shop.com/en/global/unique-concept/macaron-pistazie-monaco-d-antan-90g/p/000000000001256416/",
        "brand_name": "Unique Concept",
        "brand_url": "https://www.heinemann-shop.com/en/global/unique-concept/c/BRAND_4214/",
        "product_name": "Macaron Pistazie Monaco D'Antan 90g",
        "quantity": "0.09\u00a0kg",
        "price": "\u20ac9.90",
        "price_per_quantity": "(\u20ac110.00 / 1 kg)",
        "stock_availability": "In stock",
        "description": "Elegant packaging encloses the original macaron, biscuit with half a century of history, made of two soft meringues made with almonds stuffed with pistachio cream",
        "primary_image": "https://www.heinemann-shop.com/medias/527Wx527H-null?context=bWFzdGVyfGltYWdlc3w0MzYxNHxpbWFnZS9qcGVnfGFEQTFMMmd4TkM4eE1ERXlOVGN6TlRjMU5UZ3dOaTgxTWpkWGVEVXlOMGhmYm5Wc2JBfDYxNTNhNTJmODI1MjhlNTBlYmVhOWIxMzYwN2EyYjBhNmFiYTYxOTJlMDYzOGQyZjRjZjhiYjU1ZTMyNTM5ZTI&v=1702942473918",
        "images": []
    },
    {
        "product_url": "https://www.heinemann-shop.com/en/global/van-slooten/van-slooten-pretty-pink-cadillacs-320g/p/000000000001446566/",
        "brand_name": "Van Slooten",
        "brand_url": "https://www.heinemann-shop.com/en/global/van-slooten/c/BRAND_1852/",
        "product_name": "Van Slooten Pretty Pink Cadillacs 320g",
        "quantity": "0.32\u00a0kg",
        "price": "\u20ac6.50",
        "price_per_quantity": "(\u20ac20.31 / 1 kg)",
        "stock_availability": "In stock, immediately available",
        "description": "Mix of soft winegums in strawberry, blackcurrant and cherry flavors shaped as retro Cadillacs cars. Recognizable and iconic Travel Retail tin.",
        "primary_image": "https://www.heinemann-shop.com/medias/527Wx527H-null?context=bWFzdGVyfGltYWdlc3w2OTA5NHxpbWFnZS9qcGVnfGFEQmtMMmhqT0M4NU56VTNNalUwTURJMU1qUTJMelV5TjFkNE5USTNTRjl1ZFd4c3xhYzExY2EzNGIzMTQzM2YyZjU2YjVjZTcwMjQwZmM4NTlmNTBlNDczODY1NDg5YTkyY2RlNDg1NWQwM2QzMDVh&v=1682034960178",
        "images": []
    },
    {
        "product_url": "https://www.heinemann-shop.com/en/global/toblerone/toblerone-pralines-box-380g/p/000000000001594813/",
        "brand_name": "Toblerone",
        "brand_url": "https://www.heinemann-shop.com/en/global/toblerone/c/BRAND_0485/",
        "product_name": "Toblerone Pralines Box 380g",
        "quantity": "0.38\u00a0kg",
        "price": "\u20ac15.90",
        "price_per_quantity": "(\u20ac41.84 / 1 kg)",
        "stock_availability": "In stock, immediately available",
        "description": "New Pralines by Toblerone. Delicious milk chocolate edges with a smooth chocolate center mixed with crunchy little bites of nougat inside",
        "primary_image": "https://www.heinemann-shop.com/medias/527Wx527H-null?context=bWFzdGVyfGltYWdlc3w4NzkxMHxpbWFnZS9qcGVnfGFHSXlMMmhsTlM4eE1EUXdOelE0TWpRNU1Ea3hNQzgxTWpkWGVEVXlOMGhmYm5Wc2JBfDBjNTY2NWQ4YmY2ZmFjZDlmYzQ0N2E2MzEwMTU3YjY4OWJjZGJmMmJjNGYzNzQ1MjExNDI2YzY3ZjEyMzM3YWM&v=1709588148100",
        "images": []
    },
    {
        "product_url": "https://www.heinemann-shop.com/en/global/cloetta/cloetta-red-band-english-winegum-800g/p/000000000001626602/",
        "brand_name": "Cloetta",
        "brand_url": "https://www.heinemann-shop.com/en/global/cloetta/c/BRAND_1266/",
        "product_name": "Cloetta Red Band English Winegum 800g",
        "quantity": "0.8\u00a0kg",
        "price": "\u20ac12.90",
        "price_per_quantity": "(\u20ac16.12 / 1 kg)",
        "stock_availability": "In stock, immediately available",
        "description": "In this tower of candy, you\u2019ll find the classic English Wine Gum's, that are delicious soft and chewy liquorice and fruit flavoured sweets. It\u2019s the perfect version to share, to gift a loved one or even for yourself to enjoy!",
        "primary_image": "https://www.heinemann-shop.com/medias/527Wx527H-null?context=bWFzdGVyfGltYWdlc3w2Mjg2NHxpbWFnZS9qcGVnfGFHWTNMMmhoTUM4eE1USTROakk1TkRVMk1EYzVPQzgxTWpkWGVEVXlOMGhmYm5Wc2JBfGQ1ZDZlY2RkNjFiZGNmMzliOGM1NTA4ZWIyYmYwZDQyMDllODE2Mzk3N2VlOWY4M2RmZjcyZGYzYjFjNDJkYmY&v=1729324129669",
        "images": []
    },
    {
        "product_url": "https://www.heinemann-shop.com/en/global/chupa-chups/chupa-chups-cool-friends-192g/p/000000000001480923/",
        "brand_name": "Chupa Chups",
        "brand_url": "https://www.heinemann-shop.com/en/global/chupa-chups/c/BRAND_1707/",
        "product_name": "Chupa Chups Cool Friends 192g",
        "quantity": "0.192\u00a0kg",
        "price": "\u20ac22.50",
        "price_per_quantity": "(\u20ac117.19 / 1 kg)",
        "stock_availability": "In stock, immediately available",
        "description": "The soft toy contains a variety of 16 fruit flavoured Chupa Chups lollipops and can be re-used as a fun backpack, making it a perfect gift item for kids.",
        "primary_image": "https://www.heinemann-shop.com/medias/527Wx527H-null?context=bWFzdGVyfGltYWdlc3w1Njc2OXxpbWFnZS9qcGVnfGFHUmlMMmhtWXk4eE1USTROakF6TmpVM09ETXpOQzgxTWpkWGVEVXlOMGhmYm5Wc2JBfDQ5ZTQ4MzY0MzlkNDE4OTc2MWQwZGE1MDIwYWZjOTNmNTdkNjlkY2I5MWY2ZDc5MjYxY2IyZTBhYmJjYjk2Yjc&v=1729320581373",
        "images": []
    },
    {
        "product_url": "https://www.heinemann-shop.com/en/global/pez/pez-twin-hello-kitty-bonbons-with-fruit-flavour/p/000000000001626601/",
        "brand_name": "PEZ",
        "brand_url": "https://www.heinemann-shop.com/en/global/pez/c/BRAND_2810/",
        "product_name": "PEZ Twin Hello Kitty Bonbons with Fruit flavour",
        "quantity": "0.034\u00a0kg",
        "price": "\u20ac10.90",
        "price_per_quantity": "(\u20ac320.59 / 1 kg)",
        "stock_availability": "In stock, immediately available",
        "description": "The characteristic combination of candy and toy in one has made PEZ a favorite all over the world. PEZ is each season launching new and trending collections to ensure that the characters match the newest movies and series, this makes PEZ the perfect assortment for kids! PEZ is both vegan, gluten-free and lactose-free.",
        "primary_image": "https://www.heinemann-shop.com/medias/527Wx527H-null?context=bWFzdGVyfGltYWdlc3w5NzU0MnxpbWFnZS9qcGVnfGFEUXhMMmd6TlM4eE1USTROak01T0Rjek1ESTNNQzgxTWpkWGVEVXlOMGhmYm5Wc2JBfDNkZGY2MmNjODdkMjdkODgxODJkODA0MWM3NDZlNjgzNGU2NmUwOTY3MmI5ODM2ODFiYTliODE2ZGY4ZDNiMDg&v=1729324442865",
        "images": []
    },
    {
        "product_url": "https://www.heinemann-shop.com/en/global/fruitella/fruittella-jumbostick-strawberry-vegan/p/000000000001593481/",
        "brand_name": "Fruitella",
        "brand_url": "https://www.heinemann-shop.com/en/global/fruitella/c/BRAND_8519/",
        "product_name": "Fruittella Jumbostick Strawberry vegan",
        "quantity": "0.328\u00a0kg",
        "price": "\u20ac8.90",
        "price_per_quantity": "(\u20ac27.13 / 1 kg)",
        "stock_availability": "In stock, immediately available",
        "description": "Fruittella is uniquely rich and juicy in taste and has a chewy texture. It is indulgent, authentic, and a perfect travel companion.The Fruittella Jumbostick Strawberry contains 8 single sticks of the Strawberry flavour, focussing primarily on families with children aged 4-12 years old.",
        "primary_image": "https://www.heinemann-shop.com/medias/527Wx527H-null?context=bWFzdGVyfGltYWdlc3wzMjUwMHxpbWFnZS9qcGVnfGFHUTJMMmcxTXk4eE1UYzJNamt4TURVeU56VXhPQzgxTWpkWGVEVXlOMGhmYm5Wc2JBfGVkYjBmMWI3MWFiODYyMzZmODBkZTEwNjVhMGJhZTU4YWEwM2YyZmUxNjFhYTE2Mzg5NTNhOTM3MzEwMDFhZWU&v=1739482866400",
        "images": []
    },
    {
        "product_url": "https://www.heinemann-shop.com/en/global/van-slooten/van-slooten-souvenir-shop-liquorice-mix-300g/p/000000000001150673/",
        "brand_name": "Van Slooten",
        "brand_url": "https://www.heinemann-shop.com/en/global/van-slooten/c/BRAND_1852/",
        "product_name": "Van Slooten Souvenir Shop Liquorice mix 300g",
        "quantity": "0.3\u00a0kg",
        "price": "\u20ac6.50",
        "price_per_quantity": "(\u20ac21.67 / 1 kg)",
        "stock_availability": "In stock, immediately available",
        "description": "A mix of sugar coated sweet and salted liquorice and liquorice foam bites.",
        "primary_image": "https://www.heinemann-shop.com/medias/1150673-527Wx527H?context=bWFzdGVyfGltYWdlc3w2OTQ4OHxpbWFnZS9qcGVnfGFHTmxMMmd4TUM4NU5qZ3pPVEU1T1RrME9URXdMekV4TlRBMk56TmZOVEkzVjNnMU1qZEl8NDFmOTI1ZGRjZWRkNGYxZTk5Yzg3YWZiMDg1NDg3OWYwNTY5ZmFlNDIwMWJmOTJiMzExZmM4ZTg0OTY2YmMwYw&v=1653082284207",
        "images": []
    },
    {
        "product_url": "https://www.heinemann-shop.com/en/global/starbrook/starbrook-giant-chocolate-tablet-milk-with-whole-hazelnuts-400g/p/000000000000115683/",
        "brand_name": "Starbrook",
        "brand_url": "https://www.heinemann-shop.com/en/global/starbrook/c/BRAND_3414/",
        "product_name": "Starbrook Giant Chocolate Tablet Milk with Whole Hazelnuts 400g",
        "quantity": "0.4\u00a0kg",
        "price": "\u20ac16.90",
        "price_per_quantity": "(\u20ac42.25 / 1 kg)",
        "stock_availability": "In stock, immediately available",
        "description": "A delicious Belgian milk chocolate giant bar with high quality whole hazelnuts. It comes in a wonderfully designed wrap with stunning water paint, retro styled kids and airplane, evoking the glamour of the early 50\u2019s aviation era. Designed by Jaak De Koninck, our famous Belgian water paint artist. What a sweet and shiny piece of happiness!",
        "primary_image": "https://www.heinemann-shop.com/medias/527Wx527H-null?context=bWFzdGVyfGltYWdlc3w3MTQ1MHxpbWFnZS9qcGVnfGFHWmlMMmcxTXk4eE1UYzROak0zTWpFNE5qRTBNaTgxTWpkWGVEVXlOMGhmYm5Wc2JBfGQyODQwYmU0OWU1OTA4MDYwYjIwNzJhMzNiYTNmNDUzOWEzYzY2MTA3OWVkNjRiOWMzYWQ3NTMxNWI5MmY0NTM&v=1739913672814",
        "images": []
    },
    {
        "product_url": "https://www.heinemann-shop.com/en/global/milka/alpine-milk-chocolate-with-whole-hazelnuts-250g/p/000000000001688842/",
        "brand_name": "Milka",
        "brand_url": "https://www.heinemann-shop.com/en/global/milka/c/BRAND_0831/",
        "product_name": "Alpine milk chocolate with whole hazelnuts 250g",
        "quantity": "0.25\u00a0kg",
        "price": "\u20ac6.90",
        "price_per_quantity": "(\u20ac27.60 / 1 kg)",
        "stock_availability": "In stock, immediately available",
        "description": "A big size tablet of tender Milka Alpine milk chocolate with crunchy pieces of whole hazelnuts inside",
        "primary_image": "https://www.heinemann-shop.com/medias/527Wx527H-null?context=bWFzdGVyfGltYWdlc3wzNDUxNHxpbWFnZS9qcGVnfGFEY3pMMmhtTlM4eE1UYzVORGsxTWpRNE5qazBNaTgxTWpkWGVEVXlOMGhmYm5Wc2JBfDk2ZDM1MWUzNDU2NGUyOWQxZWNiODUzZWFiZWMxMGY0NWIyN2EzYzFkNDQ1YmVmMzhjMzgxNTA2ZmQwYzIzZDQ&v=1740086245886",
        "images": []
    },
    {
        "product_url": "https://www.heinemann-shop.com/en/global/karl-fazer/karl-fazer-milk-chocolates-420g/p/000000000001307138/",
        "brand_name": "Karl Fazer",
        "brand_url": "https://www.heinemann-shop.com/en/global/karl-fazer/c/BRAND_5434/",
        "product_name": "Karl Fazer Milk chocolates 420g",
        "quantity": "0.42\u00a0kg",
        "price": "\u20ac13.50",
        "price_per_quantity": "(\u20ac32.14 / 1 kg)",
        "stock_availability": "In stock, immediately available",
        "description": "The luxurious taste of Karl Fazer milk chocolate is the perfect accompaniment to any moment. Made from fresh milk and Arriba cocoa beans, Karl Fazer milk chocolate is Finland's most-loved chocolate brand \u2013 and for good reason! Traveller Exclusive.",
        "primary_image": "https://www.heinemann-shop.com/medias/527Wx527H-null?context=bWFzdGVyfGltYWdlc3w1MDk2NXxpbWFnZS9qcGVnfGFEZ3lMMmcxWlM4eE1UYzROak00T0RJME1qUTJNaTgxTWpkWGVEVXlOMGhmYm5Wc2JBfDRiZGNlMzg5MDA4N2U3ZGUwZDMzNzViYWUzY2M3NWVhMTExODU3YzYwOTA3MDYyNzY5NDNmZjNhMTFiZmFkNDk&v=1739914588418",
        "images": []
    },
    {
        "product_url": "https://www.heinemann-shop.com/en/global/cote-d-or/cote-d-or-milk-nut-chocolate-400g/p/000000000000657330/",
        "brand_name": "C\u00f4te d'Or",
        "brand_url": "https://www.heinemann-shop.com/en/global/cote-d-or/c/BRAND_1343/",
        "product_name": "C\u00f4te d'Or Milk & Nut Chocolate 400g",
        "quantity": "0.4\u00a0kg",
        "price": "\u20ac11.90",
        "price_per_quantity": "(\u20ac29.75 / 1 kg)",
        "stock_availability": "In stock, immediately available",
        "description": "Premium Belgian milk chocolate with broken hazelnuts. Contains 2 x 200g tablets, ideal for sharing. C\u00f4te d\u2019Or \u2013 Favourite Belgian chocolate brand!",
        "primary_image": "https://www.heinemann-shop.com/medias/527Wx527H-null?context=bWFzdGVyfGltYWdlc3w0OTA3MHxpbWFnZS9qcGVnfGFESm1MMmhpTlM4NU9UVXlPVE0xTVRFMk9ETXdMelV5TjFkNE5USTNTRjl1ZFd4c3wzN2E2NTM5YWI4OGQ5ODc5NjFlZmE2MWU3MTVjOTgyMDQxNmNkYmI0Njc5NWMzMTJkMmViZTJiM2JiNzk0NzJk&v=1698437179820",
        "images": []
    },
    {
        "product_url": "https://www.heinemann-shop.com/en/global/baratti-milano/baratti-milano-il-mito-e-il-viaggio-nocciolatino-155g/p/000000000001192794/",
        "brand_name": "Baratti & Milano",
        "brand_url": "https://www.heinemann-shop.com/en/global/baratti-milano/c/BRAND_2506/",
        "product_name": "Baratti & Milano - Il Mito e il Viaggio - Nocciolatino 155g",
        "quantity": "0.155\u00a0kg",
        "price": "",
        "price_per_quantity": "(\u20ac77.35 / 1 kg)",
        "stock_availability": "",
        "description": "Two entire \"Tonde e Gentili\" hazelnuts, harmoniously embraced by pure chocolate. The Master Chocolatiers create their \"Nocciolatino\" of gianduia chocolate, the finest semi-sweet chocolate and milk. A delightful crunchy creation, pure chocolate specialty by Baratti & Milano.",
        "primary_image": "https://www.heinemann-shop.com/medias/527Wx527H-null?context=bWFzdGVyfGltYWdlc3w3MTM5N3xpbWFnZS9qcGVnfGFEWm1MMmcxTWk4NU56WXhNVE01T0RFNE5USTJMelV5TjFkNE5USTNTRjl1ZFd4c3xhYzJiMzU2NzI3NzhhYWE4NjY5YzUxNGUxOWZiYWNmMDdlMmI4ZGFjYTg4ZmM3NzM0OWRmZjRkZGYxMWEwOGZm&v=1683165351081",
        "images": []
    },
    {
        "product_url": "https://www.heinemann-shop.com/en/global/niederegger/niederegger-marzipan-classics-silver-edition-225g/p/000000000000733492/",
        "brand_name": "Niederegger",
        "brand_url": "https://www.heinemann-shop.com/en/global/niederegger/c/BRAND_1439/",
        "product_name": "Niederegger Marzipan classics Silver edition 225g",
        "quantity": "0.225\u00a0kg",
        "price": "\u20ac18.50",
        "price_per_quantity": "(\u20ac82.22 / 1 kg)",
        "stock_availability": "In stock, immediately available",
        "description": "This gift box presented by Niederegger is filled with 18 delicious marzipan classics. Covered in a fine layer of bittersweet chocolate, this Silver Edition is especially well suited as a gift or a souvenir. It will offer a pleasant surprise to every marzipan connoisseur. Leave a long-lasting impression with high-quality marzipan from Niederegger.",
        "primary_image": "https://www.heinemann-shop.com/medias/527Wx527H-null?context=bWFzdGVyfGltYWdlc3w0OTA0NXxpbWFnZS9qcGVnfGFHSmpMMmczTUM4eE1UYzRPVGc0T1RJd09ETTFNQzgxTWpkWGVEVXlOMGhmYm5Wc2JBfGVkMGYxNTZiZmVlYWUyNDk5YzIwOGYyN2Y3ODU2ZjgwZmE5NGZjNzJkM2I2MDYzMTQ4Njg0ZmE4NTU3M2VhMDg&v=1740000582873",
        "images": [
            "https://www.heinemann-shop.com/medias/527Wx527H-null?context=bWFzdGVyfGltYWdlc3w0OTA0NXxpbWFnZS9qcGVnfGFHSmpMMmczTUM4eE1UYzRPVGc0T1RJd09ETTFNQzgxTWpkWGVEVXlOMGhmYm5Wc2JBfGVkMGYxNTZiZmVlYWUyNDk5YzIwOGYyN2Y3ODU2ZjgwZmE5NGZjNzJkM2I2MDYzMTQ4Njg0ZmE4NTU3M2VhMDg&v=1740000582873",
            "https://www.heinemann-shop.com/medias/527Wx527H-null?context=bWFzdGVyfGltYWdlc3w2ODkzMHxpbWFnZS9qcGVnfGFEaGxMMmhsT0M4eE1UYzRPVGc1TVRRd016Z3dOaTgxTWpkWGVEVXlOMGhmYm5Wc2JBfGMxZmFhNThkOTg4MDVkNWNhMTg3NjE2ZmU0YzE5YjBjMzhiNjY1N2NhNDgyNzEyNmQ5NTFlNzFhODZhMjBkN2Y&v=1740000681105"
        ]
    },
    {
        "product_url": "https://www.heinemann-shop.com/en/global/starbrook/starbrook-cocoa-dusted-truffles-original-200g/p/000000000001248647/",
        "brand_name": "Starbrook",
        "brand_url": "https://www.heinemann-shop.com/en/global/starbrook/c/BRAND_3414/",
        "product_name": "Starbrook cocoa dusted truffles Original 200g",
        "quantity": "0.2\u00a0kg",
        "price": "\u20ac6.90",
        "price_per_quantity": "(\u20ac34.50 / 1 kg)",
        "stock_availability": "In stock, immediately available",
        "description": "These original cocoa dusted truffles are timeless and perfect for every mood and every occasion! The cocoa dusted truffles comprise of a slow melting rich filling which is dusted with high quality cocoa powder. The bitterness of the cocoa surface and the creamy inside is a fantastic combination. To ensure you top quality products the truffles are prepacked in a gold foil pouch to protect them from light and odours.",
        "primary_image": "https://www.heinemann-shop.com/medias/527Wx527H-null?context=bWFzdGVyfGltYWdlc3w3MTg2N3xpbWFnZS9qcGVnfGFEVmlMMmcxTnk4eE1UYzROak00T0RRM01UZ3pPQzgxTWpkWGVEVXlOMGhmYm5Wc2JBfGMwZDQ0NGQ1NjMxM2FhZTc1ZDRkMTUwZjQ1OTJhYWYxYTJmNWJhYzMwMjYzMTMzZjdlZWYzNmFmNWQ3M2FiMTE&v=1739914600755",
        "images": []
    },
    {
        "product_url": "https://www.heinemann-shop.com/en/global/cote-d-or/cote-d-or-finest-selection-2x240g/p/000000000000850154/",
        "brand_name": "C\u00f4te d'Or",
        "brand_url": "https://www.heinemann-shop.com/en/global/cote-d-or/c/BRAND_1343/",
        "product_name": "C\u00f4te d'Or Finest Selection 2x240g",
        "quantity": "0.48\u00a0kg",
        "price": "\u20ac25.90",
        "price_per_quantity": "(\u20ac53.96 / 1 kg)",
        "stock_availability": "In stock, immediately available",
        "description": "A selection of the two most popular thin and refined flavours \u2013 individually wrapped dark and dark orange miniature tablets of 10g each, packed as an attractive travel-exclusive gift. A perfect gift for lovers of intense dark C\u00f4te d\u2019Or chocolate!",
        "primary_image": "https://www.heinemann-shop.com/medias/527Wx527H-null?context=bWFzdGVyfGltYWdlc3w0MjY1MHxpbWFnZS9qcGVnfGFEZGxMMmc1WXk4NU9EQXdPREF6TWpnM01EY3dMelV5TjFkNE5USTNTRjl1ZFd4c3wyY2Q1MGU1OGUwMjRjYjM3ZGEzNjFjNmUyNWRiZmFhNTRhZmQxMTMwMzBkY2FmMDM1MmYyMzhhYzE3OTlmNGVk&v=1691452877864",
        "images": []
    },
    {
        "product_url": "https://www.heinemann-shop.com/en/global/venchi/venchi-round-hamper-with-assorted-chocolates-150g/p/000000000001648998/",
        "brand_name": "Venchi",
        "brand_url": "https://www.heinemann-shop.com/en/global/venchi/c/BRAND_8202/",
        "product_name": "Venchi round Hamper with assorted chocolates 150g",
        "quantity": "0.15\u00a0kg",
        "price": "",
        "price_per_quantity": "(\u20ac159.93 / 1 kg)",
        "stock_availability": "",
        "description": "Inspired by the purest ingredients and enclosed inside a refined orange hamper, Mediterranean works of art were crafted for you to enjoy: Chocoviar 75%, Pearl Pistachio, Cremino 1878 and Gianduiotto.",
        "primary_image": "https://www.heinemann-shop.com/medias/527Wx527H-null?context=bWFzdGVyfGltYWdlc3w2MzQ3NnxpbWFnZS9qcGVnfGFEbG1MMmd3WVM4eE1EYzJOVGt5T1RNNE1Ua3hPQzgxTWpkWGVEVXlOMGhmYm5Wc2JBfDhlMWEyN2MyYTY4YTQ2ODNmNDIyMjEzNmZkNDMzYzEwNjMxZDEyN2E1ODQ0MjhmNjRhY2NjNGRhZTNmMGViZTA&v=1718305989046",
        "images": []
    },
    {
        "product_url": "https://www.heinemann-shop.com/en/global/mentos/mentos-jumboroll-fanta-300g/p/000000000001532287/",
        "brand_name": "Mentos",
        "brand_url": "https://www.heinemann-shop.com/en/global/mentos/c/BRAND_2323/",
        "product_name": "Mentos Jumboroll Fanta 300g",
        "quantity": "0.3\u00a0kg",
        "price": "\u20ac8.90",
        "price_per_quantity": "(\u20ac29.67 / 1 kg)",
        "stock_availability": "In stock, immediately available",
        "description": "This roll contains the well known Fanta Orange flavoured dragees. Each Jumboroll contains 8 single rolls.",
        "primary_image": "https://www.heinemann-shop.com/medias/527Wx527H-null?context=bWFzdGVyfGltYWdlc3w0NTg5MHxpbWFnZS9qcGVnfGFEVXpMMmd5T1M4eE1USTROakkyTnpReU9EZzVOQzgxTWpkWGVEVXlOMGhmYm5Wc2JBfDdjMzMyYTk5YWVhZGNhYWY3M2FlOWZlNmFjNWNkZjllZmNiNDZmYjE1NTgxOTJlNzY1MmY4YWNhZTM0OGIyYjU&v=1729322550710",
        "images": []
    },
    {
        "product_url": "https://www.heinemann-shop.com/en/global/venchi/venchi-gift-box-with-assorted-chocoviar-172g/p/000000000001648999/",
        "brand_name": "Venchi",
        "brand_url": "https://www.heinemann-shop.com/en/global/venchi/c/BRAND_8202/",
        "product_name": "Venchi Gift box with assorted Chocoviar 172g",
        "quantity": "0.172\u00a0kg",
        "price": "",
        "price_per_quantity": "(\u20ac139.48 / 1 kg)",
        "stock_availability": "",
        "description": "The Beauty in Bloom collection celebrates Italian art and beauty. Enclosed inside, assorted Chocoviars, the most iconic Venchi chocolates and pure expression of our all-Italian know-how, style and creativity. Three different recipes: Chocoviar 75%, Stracciatella and Pistachio.",
        "primary_image": "https://www.heinemann-shop.com/medias/527Wx527H-null?context=bWFzdGVyfGltYWdlc3w3MTUzNHxpbWFnZS9qcGVnfGFEWmtMMmd4TkM4eE1EYzJOVGt5T1RZME5EQTJNaTgxTWpkWGVEVXlOMGhmYm5Wc2JBfDMzYmQ0MjM5ZDliNWU1OWI2ZDIyY2VhZjEwYmUyYTQwMDY3OTA3MTA1YjEwOGJlNzRkYmYyOTU5YTA5MmNiMWI&v=1718305997379",
        "images": []
    },
    {
        "product_url": "https://www.heinemann-shop.com/en/global/nestle-sustain-sourced-cocoa/nestle-milk-chocolate-tablet-270g/p/000000000001627650/",
        "brand_name": "Nestl\u00e9 Sustain.Sourced Cocoa",
        "brand_url": "https://www.heinemann-shop.com/en/global/nestle-sustain-sourced-cocoa/c/BRAND_A138/",
        "product_name": "NESTLE Milk Chocolate Tablet 270g",
        "quantity": "0.27\u00a0kg",
        "price": "",
        "price_per_quantity": "(\u20ac42.56 / 1 kg)",
        "stock_availability": "",
        "description": "Enjoy a delightful chocolatey moment during your travels with the taste of NESTLE Sustainably Sourced Cocoa Milk Chocolate Tablet. Deliciously creamy and smooth milk chocolate. At the heart of our chocolate is sustainably sourced cocoa, so you can enjoy chocolate that does good* and tastes great. The perfect accompaniment to any adventure, for sharing with friends and family along the way.",
        "primary_image": "https://www.heinemann-shop.com/medias/527Wx527H-null?context=bWFzdGVyfGltYWdlc3wzODI4MnxpbWFnZS9qcGVnfGFEQXdMMmhpTVM4eE1UUXlNVEF4TWpNNU5EQXhOQzgxTWpkWGVEVXlOMGhmYm5Wc2JBfGZhNmRkZmFmZTdiZTFhNGQ4NjBmNDA3M2VlODQ2OGM5NWQ1NTQxNGViZTIyZDI3Zjg1Yjc4ZDYzZWU3MTdmYjQ&v=1732139409036",
        "images": []
    },
    {
        "product_url": "https://www.heinemann-shop.com/en/global/kitkat/nestle-kitkat-senses-lotus-milk-18x195-6g/p/000000000001627663/",
        "brand_name": "KitKat",
        "brand_url": "https://www.heinemann-shop.com/en/global/kitkat/c/BRAND_5024/",
        "product_name": "NESTLE KITKAT Senses Lotus & Milk 18x195 6g",
        "quantity": "0.196\u00a0kg",
        "price": "\u20ac11.90",
        "price_per_quantity": "(\u20ac60.71 / 1 kg)",
        "stock_availability": "",
        "description": "NESTLE KITKAT SENSES Milk Chocolate & LOTUS Biscoff assortment, whether you're on the plane, at the hotel, or back home reminiscing on your trip. These deliciously crispy bites are layered with KITKAT wafer and enrobed in smooth milk chocolate. Try the irresistible new LOTUS Biscoff flavour, filled with a layer of signature LOTUS Biscoff spread and biscuit crumb. This unique assortment makes the perfect indulgent addition to your travels.",
        "primary_image": "https://www.heinemann-shop.com/medias/527Wx527H-null?context=bWFzdGVyfGltYWdlc3w2MTE5MHxpbWFnZS9qcGVnfGFESTFMMmd6WWk4eE1USTROak01TnpVMU1EWXlNaTgxTWpkWGVEVXlOMGhmYm5Wc2JBfGMxZmIwYWNhNjlmOTE5MDBkZDY0Mjk0MTkyMGFkMzI4MzE2NWM1NzU4YWQxODBmNTNkYzY4YmVkNmQ3M2U3YWI&v=1729324352998",
        "images": []
    },
    {
        "product_url": "https://www.heinemann-shop.com/en/global/cloetta/cloetta-oh-so-soft-fudge-liquorice-180g/p/000000000001626604/",
        "brand_name": "Cloetta",
        "brand_url": "https://www.heinemann-shop.com/en/global/cloetta/c/BRAND_1266/",
        "product_name": "Cloetta Oh so Soft Fudge Liquorice 180g",
        "quantity": "0.18\u00a0kg",
        "price": "\u20ac4.90",
        "price_per_quantity": "(\u20ac27.22 / 1 kg)",
        "stock_availability": "In stock, immediately available",
        "description": "Oh So Soft Fudge Liquorish is made with natural flavors and with no artificial colors. The chunky bites are also palm oil free and gluten free.",
        "primary_image": "https://www.heinemann-shop.com/medias/527Wx527H-null?context=bWFzdGVyfGltYWdlc3w3MjQ5MXxpbWFnZS9qcGVnfGFHUXlMMmc1Tmk4eE1USTROakk1TkRnMU5UY3hNQzgxTWpkWGVEVXlOMGhmYm5Wc2JBfDk3ZTk5MDA3OGU2ODkwMzNhZDA1MDQ4OGY4Yzc1ZWUxNDllN2M4YjEzMDZhNmVhNmFhYWU2ZDdjNGNjZGM1ZDg&v=1729324143757",
        "images": []
    },
    {
        "product_url": "https://www.heinemann-shop.com/en/global/dalla-costa/dalla-costa-mickey-mouse-pasta-tricolore-0-5kg/p/000000000000502085/",
        "brand_name": "Dalla Costa",
        "brand_url": "https://www.heinemann-shop.com/en/global/dalla-costa/c/BRAND_4395/",
        "product_name": "Dalla Costa Mickey Mouse Pasta Tricolore 0.5kg",
        "quantity": "0.5\u00a0kg",
        "price": "\u20ac6.50",
        "price_per_quantity": "(\u20ac13.00 / 1 kg)",
        "stock_availability": "",
        "description": "At Dalla Costa we strive to interpret the evolution and trends in the consumption of pasta products. Our response is to produce a wide range of flavours of outstanding quality to satisfy expectations in Italy and internationally. When the well selected durum wheat meets tomato and spinach different tricolour specialities are created which are enhanced by a simple and natural dressing.",
        "primary_image": "https://www.heinemann-shop.com/medias/527Wx527H-null?context=bWFzdGVyfGltYWdlc3w2MjM2MXxpbWFnZS9qcGVnfGFEUXdMMmd3WlM4eE1ERXlOVGMwT0RVd01qVTFPQzgxTWpkWGVEVXlOMGhmYm5Wc2JBfDlkZjk3NjgzZjY5NzNkMzk0OTdiYTQ4Mjk1ZTY1ZmM3YzFlODYxZTlkODAzOTMwNWIzMTVmZmQ1ZjU0M2VhMTE&v=1702943113860",
        "images": []
    },
    {
        "product_url": "https://www.heinemann-shop.com/en/global/montanari/montanari-gruzza-grana-padano-cheese-20-month-matured-500g-wrapped-in-paper/p/000000000001101287/",
        "brand_name": "Montanari",
        "brand_url": "https://www.heinemann-shop.com/en/global/montanari/c/BRAND_6204/",
        "product_name": "Montanari & Gruzza Grana Padano cheese 20 month matured 500g wrapped in paper",
        "quantity": "0.5\u00a0kg",
        "price": "\u20ac18.99",
        "price_per_quantity": "(\u20ac37.98 / 1 kg)",
        "stock_availability": "",
        "description": "This Grana Padana seems to be just like the classic Grana Padana, but its composition and dairy processing make it an unique product. The antifermentative \"Lysozym\", a natural egg's protein, is not used to make this Grana Padana, meaning that it is made with a more home-made essence, and therefore differ a lot from the usual widespread industrial products.",
        "primary_image": "https://www.heinemann-shop.com/medias/527Wx527H-null?context=bWFzdGVyfGltYWdlc3w0NzI5NXxpbWFnZS9qcGVnfGFEYzFMMmd3WlM4NU56TTFNelExT0RZME56TTBMelV5TjFkNE5USTNTRjl1ZFd4c3xkNzlhZDk4NWY4OGRlY2NmYjc4NTNiNzI2ZTJjZWU2YjNiMzUyYWIzMmVkMWZlNWQ4YTMyMzlhMjBiYzk2ZGE1&v=1675462081367",
        "images": []
    },
    {
        "product_url": "https://www.heinemann-shop.com/en/global/mussini/mussini-balsamico-traditional-12-years-100ml/p/000000000000515202/",
        "brand_name": "Mussini",
        "brand_url": "https://www.heinemann-shop.com/en/global/mussini/c/BRAND_4398/",
        "product_name": "Mussini Balsamico traditional 12 years 100ml",
        "quantity": "0.1\u00a0l",
        "price": "\u20ac74.99",
        "price_per_quantity": "(\u20ac749.90 / 1 l)",
        "stock_availability": "",
        "description": "Bitter-sweet flavour, balanced and pleasantly characteristic.",
        "primary_image": "https://www.heinemann-shop.com/medias/527Wx527H-null?context=bWFzdGVyfGltYWdlc3w4NjM4OHxpbWFnZS9qcGVnfGFEY3hMMmhrTmk4eE1UUTNNRE0yTXpNNU5EQTNPQzgxTWpkWGVEVXlOMGhmYm5Wc2JBfGU2NDZmODUxZTc0ODQ0NTI2NDg2MGE4YWIyMWY4MTZmOWJhNThlNWJlZGZiZDlmYjM4NzcwYWE0ZDAzMjgzZTg&v=1733262194564",
        "images": []
    },
    {
        "product_url": "https://www.heinemann-shop.com/en/global/reypenaer/reypenaer-v-s-o-p-1-32-historically-ripenend-cheese-300g/p/000000000001192922/",
        "brand_name": "Reypenaer",
        "brand_url": "https://www.heinemann-shop.com/en/global/reypenaer/c/BRAND_6522/",
        "product_name": "Reypenaer V.S.O.P. 1/32 historically ripenend cheese 300g",
        "quantity": "0.3\u00a0kg",
        "price": "",
        "price_per_quantity": "(\u20ac56.33 / 1 kg)",
        "stock_availability": "",
        "description": "Reypenaer VSOP is our showpiece. This cheese is matured for about 2 years and sheds approximately 25% of its original weight. The white spots we see on the surface indicate the start of mineral and protein crystallisation. Aroma and flavour are superb.",
        "primary_image": "https://www.heinemann-shop.com/medias/527Wx527H-null?context=bWFzdGVyfGltYWdlc3w0ODU0NnxpbWFnZS9qcGVnfGFEWXlMMmc1T0M4NU9EQXdPVEExTWpZeE1EZzJMelV5TjFkNE5USTNTRjl1ZFd4c3w1OGM1MmE4YmI4OWJiNjc5ZmIyYmZlNmE2NWRhOTJlZTlmYmNhNjYzZTJiYjZkNWMxYzk4MWI4ZTBmZjlhN2Mx&v=1691474752595",
        "images": []
    },
    {
        "product_url": "https://www.heinemann-shop.com/en/global/vorarlberg/vorarlberg-milch-bergkaese-400g/p/000000000001184423/",
        "brand_name": "Vorarlberg",
        "brand_url": "https://www.heinemann-shop.com/en/global/vorarlberg/c/BRAND_6504/",
        "product_name": "Vorarlberg Milch Bergk\u00e4se 400g",
        "quantity": "0.4\u00a0kg",
        "price": "\u20ac11.99",
        "price_per_quantity": "(\u20ac29.98 / 1 kg)",
        "stock_availability": "",
        "description": "Vorarlberger mountain cheese is made from hay milk, is protected in the EU and is a cheese with tradition. During its 5-month maturing period in the natural cellar, it receives its distinctive brownish natural rind. A cheese like a walk in spring. Citrus fruits, malt, honey and walnut come to the nose. Brightly aromatic and subtle is the impression on the palate with sour cream, citrus fruits, flower meadow and toasted white bread.",
        "primary_image": "https://www.heinemann-shop.com/medias/1184423-527Wx527H?context=bWFzdGVyfGltYWdlc3w0MTc0NnxpbWFnZS9qcGVnfGFXMWhaMlZ6TDJnNE1TOW9ZakF2T1RNMU1UZzJNelV6TXpVNU9DNXFjR2N8NTA3YWFkNzQzYzVkZGJjODY3NTcwZjNmNzE4OTI3YTE3Nzg3NGRiOTNlN2QwZGM4MzEzZmJmODI0MGRmYjE2MQ&v=1577758078819",
        "images": []
    },
    {
        "product_url": "https://www.heinemann-shop.com/en/global/original-sacher/original-sacher-drinking-chocolate-250g/p/000000000001056903/",
        "brand_name": "Original Sacher",
        "brand_url": "https://www.heinemann-shop.com/en/global/original-sacher/c/BRAND_2477/",
        "product_name": "Original Sacher Drinking Chocolate 250g",
        "quantity": "0.25\u00a0kg",
        "price": "\u20ac25.99",
        "price_per_quantity": "(\u20ac103.96 / 1 kg)",
        "stock_availability": "",
        "description": "A chocolate temptation for connoisseurs.",
        "primary_image": "https://www.heinemann-shop.com/medias/1056903-527Wx527H?context=bWFzdGVyfGltYWdlc3w2ODMxNnxpbWFnZS9qcGVnfGFEazRMMmcxTWk4NU5qZ3pPRGt3T1RJNU5qazBMekV3TlRZNU1ETmZOVEkzVjNnMU1qZEl8NzI1YzQyNTI1MDcxMzZiMmEwMTUxY2EyYWZkMDUwZDk0ZmY1YzFhOWQ4ODA5YWU2MjQxZjBmYmQ1MDk1YTA3MA&v=1653081328717",
        "images": []
    },
    {
        "product_url": "https://www.heinemann-shop.com/en/global/bergkraft/bergkraft-mountain-salami-200g/p/000000000001186482/",
        "brand_name": "Bergkraft",
        "brand_url": "https://www.heinemann-shop.com/en/global/bergkraft/c/BRAND_0153/",
        "product_name": "Bergkraft mountain salami 200g",
        "quantity": "0.2\u00a0kg",
        "price": "\u20ac12.50",
        "price_per_quantity": "(\u20ac62.50 / 1 kg)",
        "stock_availability": "In stock, immediately available",
        "description": "The mountain salami by Bergkraft is a traditional delicacy from austrian mountains. Dried in the fresh air of the mountains  the combination of quality raw materials brings a unique taste experience.",
        "primary_image": "https://www.heinemann-shop.com/medias/527Wx527H-null?context=bWFzdGVyfGltYWdlc3w0MzU4MnxpbWFnZS9qcGVnfGFHUmtMMmd3T0M4NU9EQXdPRGs0TVRFM05qWXlMelV5TjFkNE5USTNTRjl1ZFd4c3xlMTc4ZjYwMjBjOTU4OTJmZDlmYjdiZjVmYmM0NGY5MDQ3MzNlOGM0NTE4NmQ1OWNjZDYxZWViZDc1MGE4OTMx&v=1691472985549",
        "images": []
    },
    {
        "product_url": "https://www.heinemann-shop.com/en/global/original-sacher/original-sacher-tea-80g/p/000000000001056901/",
        "brand_name": "Original Sacher",
        "brand_url": "https://www.heinemann-shop.com/en/global/original-sacher/c/BRAND_2477/",
        "product_name": "Original Sacher Tea 80g",
        "quantity": "0.08\u00a0kg",
        "price": "\u20ac24.99",
        "price_per_quantity": "(\u20ac312.38 / 1 kg)",
        "stock_availability": "",
        "description": "Exquisite Darjeeling refined with a hint of Earl Grey.",
        "primary_image": "https://www.heinemann-shop.com/medias/1056901-527Wx527H?context=bWFzdGVyfGltYWdlc3w3MTk3NnxpbWFnZS9qcGVnfGFHVTBMMmcyTXk4NU5qZ3pPRGt3TkRBMU5EQTJMekV3TlRZNU1ERmZOVEkzVjNnMU1qZEl8ZDcxMTllODQ4YzA5ODEyOWE3M2Q0ZWEzYTM4MDMwNGIxY2JiYjllOWY4NDlhMjVhNGM1OWRlNzliNzZhZmEyMQ&v=1653081318835",
        "images": []
    },
    {
        "product_url": "https://www.heinemann-shop.com/en/global/bortolotti/bortolotti-italian-cacciatore-macinato-fino-dop-250g/p/000000000001067073/",
        "brand_name": "Bortolotti",
        "brand_url": "https://www.heinemann-shop.com/en/global/bortolotti/c/BRAND_0170/",
        "product_name": "Bortolotti Italian Cacciatore Macinato Fino DOP 250g",
        "quantity": "0.25\u00a0kg",
        "price": "\u20ac9.90",
        "price_per_quantity": "(\u20ac39.60 / 1 kg)",
        "stock_availability": "In stock, immediately available",
        "description": "Il Cacciatore \u2013 the Hunter. This small salami can look back on a long tradition. In order to preserve its heritage, the Consorzio Cacciatore was founded in 2003, to monitor the production and quality of the salami. The mild flavour, in combination with only a slight note of salt, make this salami quite distinctive.",
        "primary_image": "https://www.heinemann-shop.com/medias/527Wx527H-null?context=bWFzdGVyfGltYWdlc3w1ODE4N3xpbWFnZS9qcGVnfGFEUTJMMmhrWkM4eE1ERTRNRGt3TURRNE56RTVPQzgxTWpkWGVEVXlOMGhmYm5Wc2JBfGZkMmJhNGFkMGYzOWRkY2ZiMDdjOTFmOTkyZWM4YmNkZTg5ZGM3ZmNiMGY1MWE1NTY3MzVmZGZkMWZmY2ExZDg&v=1704321428328",
        "images": []
    },
    {
        "product_url": "https://www.heinemann-shop.com/en/global/bergwild/bergwild-venison-salami-300g/p/000000000001186480/",
        "brand_name": "Bergwild",
        "brand_url": "https://www.heinemann-shop.com/en/global/bergwild/c/BRAND_6202/",
        "product_name": "Bergwild Venison salami 300g",
        "quantity": "0.3\u00a0kg",
        "price": "\u20ac17.50",
        "price_per_quantity": "(\u20ac58.33 / 1 kg)",
        "stock_availability": "In stock, immediately available",
        "description": "The venison salami of Bergwild is a delicacy from the Alps . High quality deer meat from the southern mountain regions of Austria refine this salami",
        "primary_image": "https://www.heinemann-shop.com/medias/527Wx527H-null?context=bWFzdGVyfGltYWdlc3w2MjQ5N3xpbWFnZS9qcGVnfGFEUXdMMmczT1M4NU9EQXdPRGs1T0RVME16WTJMelV5TjFkNE5USTNTRjl1ZFd4c3xjMWQ4MGE4MDdlY2I4ZGE3MDgzZmEyODE2NTQ3Y2IxYWQ3OTM1ZjAxODg1OTdjNGI4Y2VkYzE3MGQ0YjdiNDAy&v=1691473282966",
        "images": []
    },
    {
        "product_url": "https://www.heinemann-shop.com/en/global/reypenaer/reypenaer-1-32-historically-ripenend-cheese-325g/p/000000000001192921/",
        "brand_name": "Reypenaer",
        "brand_url": "https://www.heinemann-shop.com/en/global/reypenaer/c/BRAND_6522/",
        "product_name": "Reypenaer 1/32 historically ripenend cheese 325g",
        "quantity": "0.325\u00a0kg",
        "price": "",
        "price_per_quantity": "(\u20ac44.58 / 1 kg)",
        "stock_availability": "",
        "description": "Reypenaer cheese has matured for about one year. Although already very old as cheeses go, it lacks that tangy taste but instead has a soft and creamy flavour that lingers on the palate.",
        "primary_image": "https://www.heinemann-shop.com/medias/527Wx527H-null?context=bWFzdGVyfGltYWdlc3w0NzU4NnxpbWFnZS9qcGVnfGFHRTVMMmc1Tnk4NU9EQXdPVEF5TmpNNU5qUTJMelV5TjFkNE5USTNTRjl1ZFd4c3w0Y2VmYTI3MjViNjliODhmMzc1NzZjYTMwZjA2NWE2MGVlY2FhYTUzNmQ3NjA2MjhiMDAwZWQzZjZkODcwYWRk&v=1691474415581",
        "images": []
    },
    {
        "product_url": "https://www.heinemann-shop.com/en/global/bergkraft/bergkraft-mountain-sausage-90g/p/000000000001186483/",
        "brand_name": "Bergkraft",
        "brand_url": "https://www.heinemann-shop.com/en/global/bergkraft/c/BRAND_0153/",
        "product_name": "Bergkraft mountain sausage 90g",
        "quantity": "0.09\u00a0kg",
        "price": "\u20ac6.90",
        "price_per_quantity": "(\u20ac76.67 / 1 kg)",
        "stock_availability": "In stock, immediately available",
        "description": "The mountain sausage by Bergkraft is expression of a fine austrian tradition. The delicate  aromatization with juniper smoke and matured in the fresh air bestow the perfect taste experience.",
        "primary_image": "https://www.heinemann-shop.com/medias/527Wx527H-null?context=bWFzdGVyfGltYWdlc3w1MDUwMXxpbWFnZS9qcGVnfGFHSTFMMmd3TVM4NU9EQXdPRGs0TXpRM01ETTRMelV5TjFkNE5USTNTRjl1ZFd4c3xlNjRjNTIzNTgwYmZlZmRhZWE0MGY4Yjk2MDU2ZTBmYzM5NjRkMmMxNGFmOTljMjhhMGNlYzI3NGY3MTM2YWE3&v=1691472998163",
        "images": []
    },
    {
        "product_url": "https://www.heinemann-shop.com/en/global/reypenaer/reypenaer-xo-recerve-1-32-historically-ripenend-cheese-250g/p/000000000001192923/",
        "brand_name": "Reypenaer",
        "brand_url": "https://www.heinemann-shop.com/en/global/reypenaer/c/BRAND_6522/",
        "product_name": "Reypenaer XO recerve 1/32 historically ripenend cheese 250g",
        "quantity": "0.25\u00a0kg",
        "price": "",
        "price_per_quantity": "(\u20ac74.00 / 1 kg)",
        "stock_availability": "",
        "description": "Reypenaer XO reserve is the king of the Reypenaer cheeses. It is specially selected and then allowed to mature for an extra long time in our traditional cheese warehouse, which was built way back in 1906. The exquisite taste of this fantastic cheese is a result of the long maturation period and our many years of experience.",
        "primary_image": "https://www.heinemann-shop.com/medias/527Wx527H-null?context=bWFzdGVyfGltYWdlc3w0ODE1OXxpbWFnZS9qcGVnfGFHSm1MMmhoWXk4NU9EQXdPVEExT0RVd09URXdMelV5TjFkNE5USTNTRjl1ZFd4c3w5YTdjZjhiODM4YzRkYTFkZTY2NTZlOTY4ZTJjZWYwMDVlZDcwZmI1OGQxODVjYmM5ZDVjZTYxMGRkY2JhYjQ3&v=1691474776794",
        "images": []
    },
    {
        "product_url": "https://www.heinemann-shop.com/en/global/vorarlberg/vorarlberg-laendle-3-set-3x200g-laendle-klostertaler-laendle-weinkaese-laendle-raesskaese-45vol/p/000000000001283286/",
        "brand_name": "Vorarlberg",
        "brand_url": "https://www.heinemann-shop.com/en/global/vorarlberg/c/BRAND_6504/",
        "product_name": "Vorarlberg L\u00e4ndle 3 Set (3x200g), L\u00e4ndle Klostertaler, L\u00e4ndle Weink\u00e4se, L\u00e4ndle R\u00e4\u00dfk\u00e4se 45%",
        "quantity": "0.6\u00a0kg",
        "price": "\u20ac19.99",
        "price_per_quantity": "(\u20ac33.32 / 1 kg)",
        "stock_availability": "",
        "description": "The distinctive L\u00e4ndle Klostertaler provides the highest delight for cheese lovers. L\u00e4ndle Klostertaler is made from the best fresh Alpine milk and matured and cared for in the traditional artisanal manner.The taste is with charming and elegant fragrances of wild honey, malt, dried fruitand some citrus fruits. The L\u00e4ndle R\u00e4ssk\u00e4se is made from the best Alpine milk and matured and cared for in the traditional artisanal manner. During a 5 month maturation in natural cellar it unfolds ist prominent aroma of malt, roasted onions, cream and peanut. The L\u00e4ndle Weink\u00e4se the original is unique, both in appearance and taste, and therfor an eye- catcher on every cheese counter. During a 4month maturation period in a natural cellar, it is cured with red wine at least 2 times a week. L\u00e4ndle Weink\u00e4se exhibits a slightly sweet and fruity, harmonious note and impress with its seductive sensation on the moth. The cheese is charcaterized by its smooth, firm consistency and dirves its distinctive character througharomas of buttermilk, yoghurt, dried fruits and hints of malt.",
        "primary_image": "https://www.heinemann-shop.com/medias/1283286-527Wx527H?context=bWFzdGVyfGltYWdlc3w0ODU5NHxpbWFnZS9qcGVnfGFHTTJMMmd4WWk4NU5qUXpOVFF4T0RJek5URTRMekV5T0RNeU9EWmZOVEkzVjNnMU1qZEl8M2Q5NGRlMjhhNWY4MzQzN2ZkYTQ3YjdiNmU3Zjg4NTMwMTI1ZmVlOWRhMmYwOWQxMzc4YzI0ZDUyNDZmYzc2NA&v=1637788255052",
        "images": []
    },
    {
        "product_url": "https://www.heinemann-shop.com/en/global/reypenaer/reypenaer-vsop-chevre-gris-gift-set-360g/p/000000000001382615/",
        "brand_name": "Reypenaer",
        "brand_url": "https://www.heinemann-shop.com/en/global/reypenaer/c/BRAND_6522/",
        "product_name": "Reypenaer VSOP / Ch\u00e8vre Gris Gift Set 360g",
        "quantity": "0.36\u00a0kg",
        "price": "",
        "price_per_quantity": "(\u20ac83.06 / 1 kg)",
        "stock_availability": "",
        "description": "The Wyngaard Ch\u00e8vre Gris is a goat cheese ripened for 10 months. The Wyngaard Ch\u00e8vre Gris defines itself by a soft, deep and complexe taste of wood, walnut, sea salt and spices. Furthermore, the 2 years old Reypenaer VSOP is a unique traditional cheeses which is ripened patiently in a historical warehouse situated at the Old Rhine in Woerden. That gives them a full, creamy and complex taste.",
        "primary_image": "https://www.heinemann-shop.com/medias/527Wx527H-null?context=bWFzdGVyfGltYWdlc3w1NzM4NHxpbWFnZS9qcGVnfGFETXlMMmhsTnk4NU9EQXdPVGt6TkRBM01EQTJMelV5TjFkNE5USTNTRjl1ZFd4c3xiM2QwN2YwOTIxNTM5YjE0ZWQ0ZjNlODk4YzU2NTdlNGFmMzg1YjEwMGQwNjZjNzllYzM1OTJlMDFiNTI2MjNm&v=1691490015394",
        "images": []
    },
    {
        "product_url": "https://www.heinemann-shop.com/en/global/rumpf/rumpf-pumpkin-seed-oil-0-5l/p/000000000001125691/",
        "brand_name": "Rumpf",
        "brand_url": "https://www.heinemann-shop.com/en/global/rumpf/c/BRAND_3153/",
        "product_name": "Rumpf Pumpkin Seed Oil 0.5L",
        "quantity": "0.5\u00a0l",
        "price": "\u20ac25.99",
        "price_per_quantity": "(\u20ac51.98 / 1 l)",
        "stock_availability": "",
        "description": "The characteristic dark green colour and the distinctively nutty flavour characterise Styrian pumpkin seed oil. Thanks to this wonderful flavour, in addition to being superb for salads, it is suited to many different foods \u2013 even including desserts! Our Styrian pumpkin seed oil has won several awards, including two from Gault & Millau and 14 gold medals, including the highest score ever recorded.",
        "primary_image": "https://www.heinemann-shop.com/medias/1125691-527Wx527H?context=bWFzdGVyfGltYWdlc3wzMzQ3MHxpbWFnZS9qcGVnfGFHVTJMMmhqTVM4NU5qWTVOems1TURFNE5USTJMekV4TWpVMk9URmZOVEkzVjNnMU1qZEl8ZWY5ZGRkNDZmMDExYWZhYTc1YmZiN2YyNDY3YjQxMGRkMGE4OGY1NWFjYWNlNmVlNDMzZmZhNzlmN2I1ODZkZA&v=1649103348975",
        "images": []
    },
    {
        "product_url": "https://www.heinemann-shop.com/en/global/borgo-de-medici/borgo-de-medici-mixed-farfalle-pasta-flags-500g/p/000000000000550372/",
        "brand_name": "Borgo de' Medici",
        "brand_url": "https://www.heinemann-shop.com/en/global/borgo-de-medici/c/BRAND_5792/",
        "product_name": "Borgo de Medici Mixed farfalle pasta flags 500g",
        "quantity": "0.5\u00a0kg",
        "price": "\u20ac13.50",
        "price_per_quantity": "(\u20ac27.00 / 1 kg)",
        "stock_availability": "",
        "description": "Borgo de\u2019 Medici pasta is made exclusively with high-quality durum wheat. To ensure our pasta\u2019s freshness, no more than 56 hours pass from the grinding stage to the production phase. The manufacturing process is 74% manual, thus Borgo de\u2019 Medici\u2019s is one of the few pastas on the market that has earned itself the \u201chand-crafted product\u201d label. No colourants are used to give the pasta its shiny and attractive appearance, instead coloured by naturally dehydrated vegetables.",
        "primary_image": "https://www.heinemann-shop.com/medias/527Wx527H-null?context=bWFzdGVyfGltYWdlc3w1NTUxN3xpbWFnZS9qcGVnfGFEVmxMMmcxTkM4NU9EQXdOekU0TWpVME1URXdMelV5TjFkNE5USTNTRjl1ZFd4c3wxNWZlMDY0YWM1N2U2MWFhZDEyN2QxMzY5YTAzNThjYWViMGVlODk5NTYwMWY5YzJkMTMzNWI1ZDAzZWQ4MmUx&v=1691447466171",
        "images": []
    },
    {
        "product_url": "https://www.heinemann-shop.com/en/global/vorarlberg/vorarlberg-milch-laendle-weinkaese-350g/p/000000000001184425/",
        "brand_name": "Vorarlberg",
        "brand_url": "https://www.heinemann-shop.com/en/global/vorarlberg/c/BRAND_6504/",
        "product_name": "Vorarlberg Milch L\u00e4ndle Weink\u00e4se 350g",
        "quantity": "0.35\u00a0kg",
        "price": "\u20ac10.99",
        "price_per_quantity": "(\u20ac31.40 / 1 kg)",
        "stock_availability": "",
        "description": "L\u00e4ndle  wine c hesse is made from the best fresh alpine milk and is matured and cared for in a traditional, artisanal way. During its approx. 4-month maturing period in the natural cellar, it is affinated with red wine at least twice a week. This gives the cheese its typical dark red, almost black natural rind. The L\u00e4ndle wine cheese develops a slightly sweet and fruity-harmonious note and captivates with its seductive mouthfeel.",
        "primary_image": "https://www.heinemann-shop.com/medias/1184425-527Wx527H?context=bWFzdGVyfGltYWdlc3w2MTA4NHxpbWFnZS9qcGVnfGFXMWhaMlZ6TDJneE5TOW9PRGN2T1RNMU1UZzJOVGsxT0RRek1DNXFjR2N8NTE3YmJhY2EwZWRjYzU4MDk1Y2U0YmE0Mjk2OTk5MmQ2YjYzYmRjMjAxNTkyNGQyYWU1ZGMwYjk5OWU0MjQ5MA&v=1577758108904",
        "images": []
    },
    {
        "product_url": "https://www.heinemann-shop.com/en/global/zimmermann/zimmermann-bavaria-fan-box-780g/p/000000000000521873/",
        "brand_name": "Zimmermann",
        "brand_url": "https://www.heinemann-shop.com/en/global/zimmermann/c/BRAND_4111/",
        "product_name": "Zimmermann Bavaria Fan-Box 780g",
        "quantity": "0.78\u00a0kg",
        "price": "\u20ac13.99",
        "price_per_quantity": "(\u20ac17.94 / 1 kg)",
        "stock_availability": "In stock",
        "description": "The Gourmet Bavaria Fan-Box is the ultimate offer for all true Bavaria enthusiasts: 1 tin of original Munich Weisswurst sausages at 530g (drained weight 250g) and 1 tin of Knackige Bayern at 250g \u2013 original Bavarian delicacies, irresistibly scrumptious. The Weisswurst sausages are rounded off beautifully with a touch of lemon and contain lots of fresh parsley; the juicy yet delightfully firm Knackige Bayern sausages have been smoked over beech wood and are aromatic to the taste.",
        "primary_image": "https://www.heinemann-shop.com/medias/527Wx527H-null?context=bWFzdGVyfGltYWdlc3w5OTk5N3xpbWFnZS9qcGVnfGFESTRMMmhoT0M4eE1ERTRNVEEzTVRBeE1UZzNNQzgxTWpkWGVEVXlOMGhmYm5Wc2JBfDc2Yjc4OTQxN2VmYmEwNjcwZGE4OTY0MTQzNjliNWIxYmI3ZTRlNDA5NGM3M2RhMWQzNjMzNjljOTAyMTQ5YzI&v=1704321947420",
        "images": []
    },
    {
        "product_url": "https://www.heinemann-shop.com/en/global/rumpf/rumpf-styrian-couple-vinegar-oil-2x0-1l/p/000000000001198286/",
        "brand_name": "Rumpf",
        "brand_url": "https://www.heinemann-shop.com/en/global/rumpf/c/BRAND_3153/",
        "product_name": "Rumpf Styrian couple vinegar & oil 2x0.1L",
        "quantity": "0.2\u00a0l",
        "price": "\u20ac12.49",
        "price_per_quantity": "(\u20ac62.45 / 1 l)",
        "stock_availability": "",
        "description": "A wholesome and tasty natural product particularly suitable with",
        "primary_image": "https://www.heinemann-shop.com/medias/1198286-527Wx527H?context=bWFzdGVyfGltYWdlc3w0NzAwM3xpbWFnZS9qcGVnfGFEQmhMMmczWVM4NU5qWTVPREExTmpBME9EazBMekV4T1RneU9EWmZOVEkzVjNnMU1qZEl8ZTBlMGE3ZGU4YmQzNTQ2ZmJhYTY1MGUxZDA5Njk1YjczYmQ5NDVkN2RjODBkZWEwODI3OTM1MzRjODNlZDYzZQ&v=1649103638047",
        "images": []
    },
    {
        "product_url": "https://www.heinemann-shop.com/en/global/borgo-de-medici/borgo-de-medici-mediterranean-oil-set-2x100ml/p/000000000001449580/",
        "brand_name": "Borgo de' Medici",
        "brand_url": "https://www.heinemann-shop.com/en/global/borgo-de-medici/c/BRAND_5792/",
        "product_name": "Borgo de' Medici Mediterranean Oil Set 2x100ml",
        "quantity": "0.2\u00a0l",
        "price": "\u20ac13.90",
        "price_per_quantity": "(\u20ac69.50 / 1 l)",
        "stock_availability": "",
        "description": "Dipping Oil is a Condiment made with Sunflower Oil, Extra Virgin Olive Oil and Basil Natural flavoring or Chilli Pepper natural flavoring.",
        "primary_image": "https://www.heinemann-shop.com/medias/527Wx527H-null?context=bWFzdGVyfGltYWdlc3w3NTYyMHxpbWFnZS9qcGVnfGFEY3dMMmd4Tmk4NU56VTNNalUyTXpnME5UUXlMelV5TjFkNE5USTNTRjl1ZFd4c3wxN2Q4MmZkNTIxOWIwYzQ1YzI4MDc5MTMwNGNhMmVmMGVhMDc0YmMwMzBhYjY3OGVkNmVjM2M0ZDgwYjBmYmM2&v=1682035829231",
        "images": []
    },
    {
        "product_url": "https://www.heinemann-shop.com/en/global/bortolotti/bortolotti-italian-strolghino-di-culatello-250g/p/000000000001067056/",
        "brand_name": "Bortolotti",
        "brand_url": "https://www.heinemann-shop.com/en/global/bortolotti/c/BRAND_0170/",
        "product_name": "Bortolotti Italian Strolghino di Culatello 250g",
        "quantity": "0.25\u00a0kg",
        "price": "\u20ac9.90",
        "price_per_quantity": "(\u20ac39.60 / 1 kg)",
        "stock_availability": "In stock, immediately available",
        "description": "The Strolghino di culatello is a speciality from the lower region of Parma. This salami is aged in damp cellar vaults so as to acquire its typical aroma and taste. It makes use exclusively of the lean meat of culatello. In combination with the classic spice mix, the resulting salami has an unmistakable spicy, piquant flavour.",
        "primary_image": "https://www.heinemann-shop.com/medias/527Wx527H-null?context=bWFzdGVyfGltYWdlc3wzMzk5M3xpbWFnZS9qcGVnfGFEWmxMMmhtTlM4eE1ERTRNRGc1T1RjNU9UQTNNQzgxTWpkWGVEVXlOMGhmYm5Wc2JBfDllZjMwYjJlYWUwMjg3OWEzYTViNmFlYjQ4MzZiNTFlYmU0Y2I0OGI1NjVlNzYzNmExYjUzMjFhNmZmOGYyOTQ&v=1704321355831",
        "images": []
    },
    {
        "product_url": "https://www.heinemann-shop.com/en/global/zimmermann/zimmermann-bavarian-veal-sausage-set-3x250g-tins-1-jar-of-haendlmaier-s-sweet-mustard/p/000000000000292429/",
        "brand_name": "Zimmermann",
        "brand_url": "https://www.heinemann-shop.com/en/global/zimmermann/c/BRAND_4111/",
        "product_name": "Zimmermann Bavarian Veal Sausage Set 3x250g tins + 1 jar of H\u00e4ndlmaier's sweet mustard",
        "quantity": "0.95\u00a0kg",
        "price": "\u20ac19.90",
        "price_per_quantity": "(\u20ac20.95 / 1 kg)",
        "stock_availability": "In stock, immediately available",
        "description": "\"Schlemmerbox\" three tins of Munich-style white sausages with one jar of sweet mustard in a gift box. Premium-quality traditional Bavarian white sausage. Plump and shiny, slightly marbled and deliciously seasoned with parsley, mace, pepper and lemon \u2013 a typical Bavarian delight.",
        "primary_image": "https://www.heinemann-shop.com/medias/527Wx527H-null?context=bWFzdGVyfGltYWdlc3w2Nzg2NXxpbWFnZS9qcGVnfGFHVmtMMmcwT0M4NU56WXhNVEEwTURNMU9EY3dMelV5TjFkNE5USTNTRjl1ZFd4c3wyMGZkZmVhYmE3Mjk5Y2YzNmZlZGVhZjEzZmMzM2IyZDI5MjE0NDZlNWM2Zjk1NjM5Yjc4ZTZjMDc0YjU0MTVi&v=1683148808266",
        "images": []
    },
    {
        "product_url": "https://www.heinemann-shop.com/en/global/urbani/urbani-white-truffle-oil-250ml/p/000000000000548648/",
        "brand_name": "Urbani",
        "brand_url": "https://www.heinemann-shop.com/en/global/urbani/c/BRAND_5785/",
        "product_name": "Urbani White truffle oil 250ml",
        "quantity": "0.25\u00a0l",
        "price": "\u20ac23.90",
        "price_per_quantity": "(\u20ac95.60 / 1 l)",
        "stock_availability": "In stock, immediately available",
        "description": "Exceptional truffle oil",
        "primary_image": "https://www.heinemann-shop.com/medias/527Wx527H-null?context=bWFzdGVyfGltYWdlc3w0ODEwM3xpbWFnZS9qcGVnfGFHVmlMMmd3TXk4NU9EQXdOekUzTnprMU16VTRMelV5TjFkNE5USTNTRjl1ZFd4c3w5MzcyMjllZTNiMjliODkxODY5NjRkMjEwZmY4YTY5YTVkNjMwN2Q2ZjFkNTBiOTI4MzA2MTY0NzIxNjUzOWEw&v=1691447441274",
        "images": []
    },
    {
        "product_url": "https://www.heinemann-shop.com/en/global/dalla-costa/dalla-costa-tagliolini-pagla-0-25kg/p/000000000000502083/",
        "brand_name": "Dalla Costa",
        "brand_url": "https://www.heinemann-shop.com/en/global/dalla-costa/c/BRAND_4395/",
        "product_name": "Dalla Costa Tagliolini Pagla 0.25kg",
        "quantity": "0.25\u00a0kg",
        "price": "\u20ac6.50",
        "price_per_quantity": "(\u20ac26.00 / 1 kg)",
        "stock_availability": "In stock",
        "description": "At Dalla Costa we strive to interpret the evolution and trends in the consumption of pasta products. Our response is to produce a wide range of flavours of outstanding quality to satisfy expectations in Italy and internationally.",
        "primary_image": "https://www.heinemann-shop.com/medias/527Wx527H-null?context=bWFzdGVyfGltYWdlc3w1ODMyMXxpbWFnZS9qcGVnfGFHSTNMMmd4Tnk4eE1ERXlOVGMwT0RJM016RTRNaTgxTWpkWGVEVXlOMGhmYm5Wc2JBfDYwMzY0YjZjYWYwNTcxMTg5OGYxYjA2NTdlZmY2YmQ0YmM2NDgwMzZmM2ZhZTBkNTdiYzk4NmRkYWMyMmZjNzc&v=1702943103757",
        "images": []
    },
    {
        "product_url": "https://www.heinemann-shop.com/en/global/dalla-costa/dalla-costa-love-pasta-tricolore-0-5kg/p/000000000000502079/",
        "brand_name": "Dalla Costa",
        "brand_url": "https://www.heinemann-shop.com/en/global/dalla-costa/c/BRAND_4395/",
        "product_name": "Dalla Costa Love Pasta Tricolore 0.5kg",
        "quantity": "0.5\u00a0kg",
        "price": "\u20ac4.90",
        "price_per_quantity": "(\u20ac9.80 / 1 kg)",
        "stock_availability": "In stock",
        "description": "At Dalla Costa we strive to interpret the evolution and trends in the consumption of pasta products. Our response is to produce a wide range of flavours of outstanding quality to satisfy expectations in Italy and internationally. When the well selected durum wheat meets tomato and spinach different tricolour specialities are created which are enhanced by a simple and natural dressing.",
        "primary_image": "https://www.heinemann-shop.com/medias/527Wx527H-null?context=bWFzdGVyfGltYWdlc3w2NTcxM3xpbWFnZS9qcGVnfGFEbGpMMmhqTUM4eE1ERTRNVEEzTVRjMk5UVXpOQzgxTWpkWGVEVXlOMGhmYm5Wc2JBfDZhYTU3YmFiZWRhOWUzMzUzODE4ZTE4ZDYxZjdjYzBiOTU5ZWM2N2ZmNTZmZDllOWY0NGY1MWEwYzM3NjYyY2U&v=1704322019323",
        "images": []
    },
    {
        "product_url": "https://www.heinemann-shop.com/en/global/pick/pick-wintersalami-250g/p/000000000001466476/",
        "brand_name": "Pick",
        "brand_url": "https://www.heinemann-shop.com/en/global/pick/c/BRAND_2421/",
        "product_name": "Pick Wintersalami 250g",
        "quantity": "0.25\u00a0kg",
        "price": "\u20ac11.90",
        "price_per_quantity": "(\u20ac47.60 / 1 kg)",
        "stock_availability": "In stock",
        "description": "The PICK Winter Salami is a smoked and dry cured salami made from excellent, premium quality, natural ingredients with classic seasoning. The up-to-date production technology creates a perfect, unbeatable combination for decades with the traditional, beech wood smoking and long aging process. The harmonious flavour of the product is mainly helped by the mould coating, which is protected by the cellophane packaging of the salami.",
        "primary_image": "",
        "images": []
    },
    {
        "product_url": "https://www.heinemann-shop.com/en/global/mussini/mussini-balsamic-vinegar-of-modena-violetta-250ml/p/000000000000502070/",
        "brand_name": "Mussini",
        "brand_url": "https://www.heinemann-shop.com/en/global/mussini/c/BRAND_4398/",
        "product_name": "Mussini Balsamic Vinegar of Modena Violetta 250ml",
        "quantity": "0.25\u00a0l",
        "price": "",
        "price_per_quantity": "(\u20ac66.00 / 1 l)",
        "stock_availability": "",
        "description": "Strong flavour but balanced.",
        "primary_image": "https://www.heinemann-shop.com/medias/527Wx527H-null?context=bWFzdGVyfGltYWdlc3wzNzI1NXxpbWFnZS9qcGVnfGFERXhMMmd4WlM4NU56VTNNak0xT0RjeE56YzBMelV5TjFkNE5USTNTRjl1ZFd4c3w3OThmYzIwZTA1MzY0MzQxNDEzZjU2Y2I4MzkzNjVjYjUzMGFhN2EzYjc5Yjk4YzE1MTQ0OWFjOTA1NzljZjM0&v=1682028016397",
        "images": [
            "https://www.heinemann-shop.com/medias/527Wx527H-null?context=bWFzdGVyfGltYWdlc3wzNzI1NXxpbWFnZS9qcGVnfGFERXhMMmd4WlM4NU56VTNNak0xT0RjeE56YzBMelV5TjFkNE5USTNTRjl1ZFd4c3w3OThmYzIwZTA1MzY0MzQxNDEzZjU2Y2I4MzkzNjVjYjUzMGFhN2EzYjc5Yjk4YzE1MTQ0OWFjOTA1NzljZjM0&v=1682028016397",
            "https://www.heinemann-shop.com/medias/527Wx527H-null?context=bWFzdGVyfGltYWdlc3w3MTQ3MXxpbWFnZS9qcGVnfGFHVXlMMmcyWmk4NU56VTNNak0yTVRZMk5qZzJMelV5TjFkNE5USTNTRjl1ZFd4c3xkYWQ3ODg2NzJlNmJmOTI1MDU5MzYxNzhmZjFlNjgzODRjMWVkMjlhNTYyMThmZjc0MGM0YmQ3MzcyZGFlNGUx&v=1682028022875"
        ]
    },
    {
        "product_url": "https://www.heinemann-shop.com/en/global/reypenaer/reypenaer-quatro-set-770g/p/000000000001575297/",
        "brand_name": "Reypenaer",
        "brand_url": "https://www.heinemann-shop.com/en/global/reypenaer/c/BRAND_6522/",
        "product_name": "Reypenaer Quatro Set 770g",
        "quantity": "0.77\u00a0kg",
        "price": "",
        "price_per_quantity": "(\u20ac57.01 / 1 kg)",
        "stock_availability": "",
        "description": "The 4 Cheese Gift Set contains 4 different cheeses and is the perfect cheese gift for the connaisseur. Furthermore, this gift set is a perfect travel pack, because it doesn't have to be cooled when transported.",
        "primary_image": "https://www.heinemann-shop.com/medias/527Wx527H-null?context=bWFzdGVyfGltYWdlc3w1MDM1N3xpbWFnZS9qcGVnfGFHRTRMMmhoTnk4NU56VTVOVGd6T1Rrek9EZzJMelV5TjFkNE5USTNTRjl1ZFd4c3xjZjM3OGQ2ZjQ3YzZmZTg3NjBlZGE1MjcyZGU3NmI3NmNkYmNlODhlMjBkNTk5MDI0OGIxMTY4OTExZjFiZWE0&v=1682663124715",
        "images": []
    },
    {
        "product_url": "https://www.heinemann-shop.com/en/global/meinl/meinl-hot-chocolate-tin-300g/p/000000000001025044/",
        "brand_name": "Meinl",
        "brand_url": "https://www.heinemann-shop.com/en/global/meinl/c/BRAND_3394/",
        "product_name": "Meinl Hot Chocolate,Tin, 300g",
        "quantity": "0.3\u00a0kg",
        "price": "\u20ac7.99",
        "price_per_quantity": "(\u20ac26.63 / 1 kg)",
        "stock_availability": "",
        "description": "This chocolate powder is produced from high quality cocoa powder with a minimum portion of 32% pure cocoa. Put 4-5 teaspoons chocolate powder into a cup. Add hot milk and stir well. The powder adds a delicate chocolate taste to your milk. For the perfect treat add a dollop of whipped cream to your hot chocolate and decorate with tasty chocolate sprinkles.",
        "primary_image": "https://www.heinemann-shop.com/medias/1025044-527Wx527H?context=bWFzdGVyfGltYWdlc3w1NzI0MXxpbWFnZS9qcGVnfGFHUTNMMmhrWmk4NU5qWXhOekU0TkRrMU1qWXlMekV3TWpVd05EUmZOVEkzVjNnMU1qZEl8YTE0NDA1NDlkNDMyMWVhZjY3OTZmNDUxZDhlZWE0NGM5NWVjYTM3ZmU1OGE1NmQ3N2NkZGI5NmExYjE3MzgwYw&v=1646428249801",
        "images": []
    },
    {
        "product_url": "https://www.heinemann-shop.com/en/global/rumpf/rumpf-pumpkin-seed-pesto-150g/p/000000000001198285/",
        "brand_name": "Rumpf",
        "brand_url": "https://www.heinemann-shop.com/en/global/rumpf/c/BRAND_3153/",
        "product_name": "Rumpf Pumpkin seed pesto 150g",
        "quantity": "0.15\u00a0kg",
        "price": "\u20ac11.99",
        "price_per_quantity": "(\u20ac79.93 / 1 kg)",
        "stock_availability": "",
        "description": "The pumpkin seed pesto is prepared according to ancient tradition, and is a pure natural product. It can be served with pasta dishes as well as salads.",
        "primary_image": "https://www.heinemann-shop.com/medias/1198285-527Wx527H?context=bWFzdGVyfGltYWdlc3w2NTc3N3xpbWFnZS9qcGVnfGFEYzJMMmd5Wmk4NU5qUXpOVFF4TWprNU1qTXdMekV4T1RneU9EVmZOVEkzVjNnMU1qZEl8ZWQ2ODM1ZDlkYmQyMDliOGY0MjQ3YmY0MjBjOGExMWQ4YTBkMzk5ZWRjZjg0OGQ1ZmUyZTNiNmMyNmRlZTFlZQ&v=1637788252751",
        "images": []
    },
    {
        "product_url": "https://www.heinemann-shop.com/en/global/original-sacher/original-sacher-ground-coffee-250g/p/000000000001056900/",
        "brand_name": "Original Sacher",
        "brand_url": "https://www.heinemann-shop.com/en/global/original-sacher/c/BRAND_2477/",
        "product_name": "Original Sacher ground coffee 250g",
        "quantity": "0.25\u00a0kg",
        "price": "\u20ac24.99",
        "price_per_quantity": "(\u20ac99.96 / 1 kg)",
        "stock_availability": "",
        "description": "A composition of the finest Arabicas roasted in the best Viennese tradition.",
        "primary_image": "https://www.heinemann-shop.com/medias/1056900-527Wx527H?context=bWFzdGVyfGltYWdlc3w1NzA0NXxpbWFnZS9qcGVnfGFEQmlMMmc1Tmk4NU5qZ3pPRGc1T1RRMk5qVTBMekV3TlRZNU1EQmZOVEkzVjNnMU1qZEl8ZWJhN2NiNGQyZTJiZWEyMWEyYWJhMmVjOTZlYzgzZDMzN2YwMjMxZmI1N2UxNjBiZTA5ZjJhNWU4Y2U4NmJmYw&v=1653081308497",
        "images": []
    },
    {
        "product_url": "https://www.heinemann-shop.com/en/global/meinl/meinl-jubilaeum-bean-500g/p/000000000000492405/",
        "brand_name": "Meinl",
        "brand_url": "https://www.heinemann-shop.com/en/global/meinl/c/BRAND_3394/",
        "product_name": "Meinl Jubil\u00e4um Bean, 500g",
        "quantity": "0.5\u00a0kg",
        "price": "\u20ac15.99",
        "price_per_quantity": "(\u20ac31.98 / 1 kg)",
        "stock_availability": "",
        "description": "Medium-light roast, this premium coffee is a genuine Viennese blend from the best highland coffees of the world. Central American coffees are blended with coffees from Papua New Guinea to give Jubilee its fine acidity and full-bodied aromatic taste.",
        "primary_image": "https://www.heinemann-shop.com/medias/492405-527Wx527H?context=bWFzdGVyfGltYWdlc3w3NzQ4N3xpbWFnZS9qcGVnfGFXMWhaMlZ6TDJoaFlTOW9NbU12T1RNek9EQXlNRGcxTlRnek9DNXFjR2N8ZTIwYmVjM2Q0NDNlNDQxYjBmMzA3MWE0M2FhNjU5NjFiOGY4NzYyM2IyZGViM2E4NzQzYjI1NmNhN2JkZGYwNw&v=1576753765622",
        "images": []
    },
    {
        "product_url": "https://www.heinemann-shop.com/en/global/bergkraft/bergkraft-loin-bacon/p/000000000001067005/",
        "brand_name": "Bergkraft",
        "brand_url": "https://www.heinemann-shop.com/en/global/bergkraft/c/BRAND_0153/",
        "product_name": "Bergkraft loin bacon",
        "quantity": "0.35\u00a0kg",
        "price": "\u20ac22.50",
        "price_per_quantity": "(\u20ac64.29 / 1 kg)",
        "stock_availability": "In stock, immediately available",
        "description": "Only the best pieces of loin are taken for our delicious bacon, mildly salted and carefully rubbed with natural spices. The tender smoke of beech wood and the 3 month maturing time make our loin bacon an unmistakable speciality from Austria.",
        "primary_image": "https://www.heinemann-shop.com/medias/527Wx527H-null?context=bWFzdGVyfGltYWdlc3w0Mjk5NXxpbWFnZS9qcGVnfGFETm1MMmcwWkM4NU9EQXdPRGd4TkRNNE56VXdMelV5TjFkNE5USTNTRjl1ZFd4c3xjMWVkNzIwY2RlNTkzYzFmZTlhMTI4ZjlmMmUyMDc3OGM4ZWRhODJiZWIxZDI1MjUxMmZlNTIzMmZkNGRmOGIx&v=1691467525302",
        "images": []
    },
    {
        "product_url": "https://www.heinemann-shop.com/en/global/twinings/twinings-gunpowder-loose-green-tea-is-a-full-bodied-green-tea-with-a-mellow-aromatic-taste/p/000000000001623060/",
        "brand_name": "Twinings",
        "brand_url": "https://www.heinemann-shop.com/en/global/twinings/c/BRAND_0366/",
        "product_name": "Twinings Gunpowder loose green tea is a full bodied green tea with a mellow aromatic taste",
        "quantity": "0.2\u00a0kg",
        "price": "",
        "price_per_quantity": "(\u20ac49.50 / 1 kg)",
        "stock_availability": "",
        "description": "Twinings Gunpowder Green Tea is a top-grade green tea with intensely fragrant leaves that are rolled into small pellets. This tea is deliciously aromatic and offers a bold, robust and smooth taste. Its gunpowder green tea provides a unique balance of smokiness and sweetness. The tea is sourced from farms around the world, giving it a unique flavour that is sure to please.",
        "primary_image": "https://www.heinemann-shop.com/medias/527Wx527H-null?context=bWFzdGVyfGltYWdlc3w2NzA5NXxpbWFnZS9qcGVnfGFHUmtMMmcxTWk4eE1UY3lNamMwTXpFeE9Ua3dNaTgxTWpkWGVEVXlOMGhmYm5Wc2JBfDRlYjZjZjNhNDg3MjM5NjE1ZjI5YTNkYzVkMDg3MjgxNTQ1ZGVmMTljZGZjODBjZTUzMGE5YzM4ZWNkYWE0NjI&v=1738626339454",
        "images": []
    },
    {
        "product_url": "https://www.heinemann-shop.com/en/global/twinings/twinings-collection-favourite-teas-infusions/p/000000000001623393/",
        "brand_name": "Twinings",
        "brand_url": "https://www.heinemann-shop.com/en/global/twinings/c/BRAND_0366/",
        "product_name": "Twinings Collection Favourite teas & infusions",
        "quantity": "0.08\u00a0kg",
        "price": "\u20ac13.49",
        "price_per_quantity": "(\u20ac168.62 / 1 kg)",
        "stock_availability": "In stock",
        "description": "A selection box of black teas as well as a green tea and a award-winning infusion. Sure to give you the perfect cup with favourite flavours to enjoy throughout the day, this selection can take you from dawn to dusk - waking you up, refreshing you and helping wind down at the close of play. Something for every occasion.",
        "primary_image": "https://www.heinemann-shop.com/medias/527Wx527H-null?context=bWFzdGVyfGltYWdlc3w1NDk1NXxpbWFnZS9qcGVnfGFEbGxMMmhqTUM4eE1UY3lNamMwTkRJMk5qYzRNaTgxTWpkWGVEVXlOMGhmYm5Wc2JBfGI4NTFmMWNhNDkyNWM5MWM1YzM4NTg5N2JmYzBkMmZkNDEwN2FkNzJjMWZmMjM2MGQzYThiZTJjMmFkNjYwMzU&v=1738626488368",
        "images": []
    },
    {
        "product_url": "https://www.heinemann-shop.com/en/global/pick/pick-rakoczi-salami-750g/p/000000000001466474/",
        "brand_name": "Pick",
        "brand_url": "https://www.heinemann-shop.com/en/global/pick/c/BRAND_2421/",
        "product_name": "Pick R\u00e1k\u00f3czi salami 750g",
        "quantity": "0.75\u00a0kg",
        "price": "\u20ac22.90",
        "price_per_quantity": "(\u20ac30.53 / 1 kg)",
        "stock_availability": "In stock",
        "description": "The R\u00e1k\u00f3czi salami is a traditional beech wood smoked and ripened salami made from carefully selected ingredients, unique spices. A high quality product which is a real delicacy due to the pleasant smoked flavour and to the aroma of the mould coating.",
        "primary_image": "",
        "images": []
    },
    {
        "product_url": "https://www.heinemann.com.au/en/sydt1/st-hugo/st-hugo-dr3-cab-sauv-18-0-75l/p/000000000001515150/",
        "brand_name": "St Hugo",
        "brand_url": "https://www.heinemann.com.au/en/sydt1/st-hugo/c/BRAND_6518/",
        "product_name": "St Hugo DR3 Cab.Sauv 18 0.75L",
        "quantity": "0.75\u00a0l",
        "price": "$70.00",
        "price_per_quantity": "($93.33 / 1 l)",
        "stock_availability": "",
        "description": "Introducing the second release of DR3 x St Hugo, a fine wine series in collaboration with Australian Formula 1\u00ae driver Daniel Ricciardo. Featuring a 2018 Coonawarra Cabernet Sauvignon and 2020 Barossa Shiraz, each bottle is individually numbered as part of this year's limited edition release, presented in a beautiful gift box",
        "primary_image": "https://www.heinemann.com.au/medias/1515150-527Wx527H?context=bWFzdGVyfGltYWdlc3wyNTkwN3xpbWFnZS9qcGVnfGFHUXlMMmd6TkM4NU5qVTVOREkyT0RrM09UVXdMekUxTVRVeE5UQmZOVEkzVjNnMU1qZEl8OTg2NDQ4YzgyOTZlMmMzZmIwYWI3YjUyMTA2YTYxOWI0NjA2OWY2MzVmZjU5NTI5NjRhNTZjMDNjNzM2ZjYzYg&v=1645564574300",
        "images": []
    },
    {
        "product_url": "https://www.heinemann-shop.com/en/global/rumpf/rumpf-pumpkin-seed-oil-0-25l/p/000000000000775627/",
        "brand_name": "Rumpf",
        "brand_url": "https://www.heinemann-shop.com/en/global/rumpf/c/BRAND_3153/",
        "product_name": "Rumpf pumpkin seed oil 0.25L",
        "quantity": "0.25\u00a0l",
        "price": "\u20ac14.99",
        "price_per_quantity": "(\u20ac59.96 / 1 l)",
        "stock_availability": "",
        "description": "The Styrian pumpkin seed oil from first pressing is a protected product, in old tradition produced and one of the healthiest vegetable fats ever. The traditional purpose is the preparation of various salads, but it is also suitable for the refining of other delicious dishes such as soups, rice, pasta, sauces and spreads.",
        "primary_image": "https://www.heinemann-shop.com/medias/775627-527Wx527H?context=bWFzdGVyfGltYWdlc3wzNTM2MXxpbWFnZS9qcGVnfGFEZGxMMmhoTlM4NU5qWTVPREF6TWpjNE16WTJMemMzTlRZeU4xODFNamRYZURVeU4wZ3wxNjM3ODVkNWUyZjZhMDdhMTAwZTgwYzcxOTI0NjhkZGZhOTM3Yzk2NzEzYzk5MWJlZjZmYWY0MjdjOWI3M2Ez&v=1649103621100",
        "images": []
    },
    {
        "product_url": "https://www.heinemann.com.au/en/sydt1/prunotto/prunotto-barolo-docg-dry-red-0-75l/p/000000000000487503/",
        "brand_name": "Prunotto",
        "brand_url": "https://www.heinemann.com.au/en/sydt1/prunotto/c/BRAND_4576/",
        "product_name": "Prunotto, Barolo, DOCG, dry, red, 0.75L",
        "quantity": "0.75\u00a0l",
        "price": "$49.90",
        "price_per_quantity": "($66.53 / 1 l)",
        "stock_availability": "",
        "description": "The vineyards of Prunotto extend across an area of about 120 acres, in the region of Langhe and Monferrato, segmented into small plots of land consisting of individual crus from which great red wines are produced.",
        "primary_image": "https://www.heinemann.com.au/medias/527Wx527H-null?context=bWFzdGVyfGltYWdlc3wzNDUxNHxpbWFnZS9qcGVnfGFERmtMMmc0TVM4NU56WTFNREl6TnpjMk56azRMelV5TjFkNE5USTNTRjl1ZFd4c3xmM2NmY2NlMjMyNGJmYzllM2Y4OGNjZTYyY2IxMzY5OWJiYzkwN2ZiYmQwZjBhNmJkOWZiNjEwNmJmNjgyMGVi&v=1684269308713",
        "images": []
    },
    {
        "product_url": "https://www.heinemann.com.au/en/sydt1/tommasi/tommasi-amarone-della-valpolicella-classico-docg-dry-red-0-75l/p/000000000000203471/",
        "brand_name": "Tommasi",
        "brand_url": "https://www.heinemann.com.au/en/sydt1/tommasi/c/BRAND_4582/",
        "product_name": "Tommasi, Amarone della Valpolicella Classico, DOCG, dry, red 0.75L",
        "quantity": "0.75\u00a0l",
        "price": "$74.00",
        "price_per_quantity": "($98.67 / 1 l)",
        "stock_availability": "",
        "description": "Tommasi has specialised in the production of",
        "primary_image": "https://www.heinemann.com.au/medias/527Wx527H-null?context=bWFzdGVyfGltYWdlc3w0MDUxMHxpbWFnZS9qcGVnfGFEaGpMMmhsTkM4eE1UY3dOVFE0TWpNeE16YzFPQzgxTWpkWGVEVXlOMGhmYm5Wc2JBfDg5ZDUxOGU0MzY5ZDZmYWNiN2U3MmI5M2VlMzIwZjQxNmJjNzY2MjdmN2M1ZjIwZjMwNmUzZmE3ODI4ZmIwMzA&v=1738281102818",
        "images": []
    },
    {
        "product_url": "https://www.heinemann.com.au/en/sydt1/mouton-cadet/baron-philippe-de-rothschild-mouton-cadet-reserve-pauillac-aoc-dry-red-0-75l/p/000000000000543334/",
        "brand_name": "Mouton Cadet",
        "brand_url": "https://www.heinemann.com.au/en/sydt1/mouton-cadet/c/BRAND_6964/",
        "product_name": "Baron Philippe de Rothschild, Mouton Cadet R\u00e9serve, Pauillac, AOC, dry, red, 0.75L",
        "quantity": "0.75\u00a0l",
        "price": "$34.90",
        "price_per_quantity": "($46.53 / 1 l)",
        "stock_availability": "",
        "description": "Produced in limited quantities, the R\u00e9serve Mouton Cadet range comes from six prestigious Bordeaux labels, all of them known for their charm and quality. These wines are typical of their geographic origin, and have been created to enable the discovery and appreciation of the different facets of the superlative Bordeaux terroir. R\u00e9serve Mouton Pauillac reveals black fruits, toasted notes and a nice length.",
        "primary_image": "https://www.heinemann.com.au/medias/543334-527Wx527H?context=bWFzdGVyfGltYWdlc3wzNjAyNHxpbWFnZS9qcGVnfGFEazJMMmczWWk4NU5qVXhPREU1TXpFMU1qTXdMelUwTXpNek5GODFNamRYZURVeU4wZ3wzNWMwODY5ZWNhYTNhOTA2OGUxODc0YzU2MWZmOGQ1MGUzYzI0NjkxYzkzNDk4MzRkZTU0NjU0ZTk1ZGJhYTZh&v=1641937524482",
        "images": [
            "https://www.heinemann.com.au/medias/543334-527Wx527H?context=bWFzdGVyfGltYWdlc3wzNjAyNHxpbWFnZS9qcGVnfGFEazJMMmczWWk4NU5qVXhPREU1TXpFMU1qTXdMelUwTXpNek5GODFNamRYZURVeU4wZ3wzNWMwODY5ZWNhYTNhOTA2OGUxODc0YzU2MWZmOGQ1MGUzYzI0NjkxYzkzNDk4MzRkZTU0NjU0ZTk1ZGJhYTZh&v=1641937524482",
            "https://www.heinemann.com.au/medias/543334-1-527Wx527H?context=bWFzdGVyfGltYWdlc3wzNDMyMnxpbWFnZS9qcGVnfGFEVm1MMmc1Tnk4NU5qVXhPREl5TVRBd05URXdMelUwTXpNek5GOHhYelV5TjFkNE5USTNTQXw5ZTdiN2U5ZTViZDAxNDk2ZWUzMzZhMDFhN2UxZDIyZWZjOWQ2MjEyZGRhZjFhNDJiNmY1ZGIzNWMxNWI5MDIy&v=1641937550465"
        ]
    },
    {
        "product_url": "https://www.heinemann.com.au/en/sydt1/jacob-s-creek/jacob-s-creek-johann-0-75l/p/000000000001117504/",
        "brand_name": "Jacob's Creek",
        "brand_url": "https://www.heinemann.com.au/en/sydt1/jacob-s-creek/c/BRAND_2743/",
        "product_name": "Jacob's Creek Johann 0.75L",
        "quantity": "0.75\u00a0l",
        "price": "$111.00",
        "price_per_quantity": "($148.00 / 1 l)",
        "stock_availability": "",
        "description": "Johann is the true iconic wine of the Jacob\u2019s Creek super premium collection. This wonderful blend of Shiraz and Cabernet Sauvignon makes this wine the ultimate in quality. It is our flagship wine and is named after Johann Gramp. Johann is a classic Australian wine, being a marriage of the rich round fruit flavours of Shiraz with the classic tannin structure and length of Cabernet Sauvignon, producing a wine in perfect harmony and balance.",
        "primary_image": "https://www.heinemann.com.au/medias/1117504-527Wx527H?context=bWFzdGVyfGltYWdlc3w0NTgzMHxpbWFnZS9qcGVnfGFXMWhaMlZ6TDJneU9TOW9ZMll2T1RNek56azNNRGd4T1RFd01pNXFjR2N8N2IwYjBlNzA4OWY1YzI2YTM2N2QwYzM2Mzc2YzQ0MDRmYWMwYWYzZjQ5ZjhmMWIyNjljNzNiOTAxNTI1YmVlZQ&v=1576753004070",
        "images": [
            "https://www.heinemann.com.au/medias/1117504-527Wx527H?context=bWFzdGVyfGltYWdlc3w0NTgzMHxpbWFnZS9qcGVnfGFXMWhaMlZ6TDJneU9TOW9ZMll2T1RNek56azNNRGd4T1RFd01pNXFjR2N8N2IwYjBlNzA4OWY1YzI2YTM2N2QwYzM2Mzc2YzQ0MDRmYWMwYWYzZjQ5ZjhmMWIyNjljNzNiOTAxNTI1YmVlZQ&v=1576753004070",
            "https://www.heinemann.com.au/medias/1117504-1-527Wx527H?context=bWFzdGVyfGltYWdlc3wzNDUxNnxpbWFnZS9qcGVnfGFEQTFMMmc1WVM4NU5qTXdOelE1TmpnM09ETTRMekV4TVRjMU1EUmZNVjgxTWpkWGVEVXlOMGd8MmQyOWQwNjRkYjE5ZDExNDU1OGNmOWZkMjY1NzVlMGFlNGM5NzllOGYwOWUzMDNhNjZlNTI0YTNhZjNiODBlMg&v=1635888367818",
            "https://www.heinemann.com.au/medias/1117504-2-527Wx527H?context=bWFzdGVyfGltYWdlc3wyODU5NXxpbWFnZS9qcGVnfGFEZGtMMmhoTXk4NU5qTXdOelE1T1RFM01qRTBMekV4TVRjMU1EUmZNbDgxTWpkWGVEVXlOMGd8NzFiMTZkYmFhOGE1YWNlYTQ1ZjQ0YjQwM2FjZjhiNjU3ZmM4ZDA1YTAwNjAxYzAwYzgzMTJlYzc5MGU3Mjg4Yw&v=1635888369831"
        ]
    },
    {
        "product_url": "https://www.heinemann-shop.com/en/global/pick/pick-rakoczi-paprika-salami-750g/p/000000000001466475/",
        "brand_name": "Pick",
        "brand_url": "https://www.heinemann-shop.com/en/global/pick/c/BRAND_2421/",
        "product_name": "Pick R\u00e1k\u00f3czi paprika salami 750g",
        "quantity": "0.75\u00a0kg",
        "price": "\u20ac22.90",
        "price_per_quantity": "(\u20ac30.53 / 1 kg)",
        "stock_availability": "In stock",
        "description": "The R\u00e1koczi paprika salami is a traditional beech wood smoked and ripened salami as well. Excellent quality paprika salami with high meat content and aesthetical appearance, harmonic flavouring and with mould coating. It is offered mainly for the lovers of paprika flavours.",
        "primary_image": "",
        "images": []
    },
    {
        "product_url": "https://www.heinemann-shop.com/en/global/frescobaldi/laudemio-olio-extra-vergine-di-olivia-0-5l/p/000000000000059123/",
        "brand_name": "Frescobaldi",
        "brand_url": "https://www.heinemann-shop.com/en/global/frescobaldi/c/BRAND_4566/",
        "product_name": "Laudemio Olio Extra Vergine di Olivia 0.5L",
        "quantity": "0.5\u00a0l",
        "price": "\u20ac33.90",
        "price_per_quantity": "(\u20ac67.80 / 1 l)",
        "stock_availability": "In stock, immediately available",
        "description": "A benchmark throughout the world, this extra virgin olive oil exhibits incredibly rich fruitiness and complex flavours.",
        "primary_image": "https://www.heinemann-shop.com/medias/527Wx527H-null?context=bWFzdGVyfGltYWdlc3w1MzY5MnxpbWFnZS9qcGVnfGFEaG1MMmcwTlM4NU56WTFNREV5TnprNU5URTRMelV5TjFkNE5USTNTRjl1ZFd4c3w4YmE2MDBmOTY3ZTVkOGQ5YzdkNzMyNDRlZDgzM2ZhMzBlMmVjYjlkNzdiM2I3Y2I0NWU2ODIyOGZjZDkyN2M2&v=1684268728828",
        "images": []
    },
    {
        "product_url": "https://www.heinemann.com.au/en/sydt1/torres/torres-sangre-de-toro-original-penedes-do-dry-red-screw-cap-0-75l/p/000000000000049428/",
        "brand_name": "Torres",
        "brand_url": "https://www.heinemann.com.au/en/sydt1/torres/c/BRAND_2057/",
        "product_name": "Torres, Sangre de Toro, Original, Pened\u00e8s, DO, dry, red (screw cap) 0.75L",
        "quantity": "0.75\u00a0l",
        "price": "$22.50",
        "price_per_quantity": "($30.00 / 1 l)",
        "stock_availability": "",
        "description": "A brand with more than 50 years of history that embodies the character of the Spanish land. Sangre de Toro means the \"blood of the bull\". The name is inspired by Bacchus, the Roman god of wine, known in ancient times as \"Son of the bull\". A wine that enjoys international recognition made from local varieties. One of the better known Spanish wines in the world with on-going internationalization: currently available in 130 countries.",
        "primary_image": "https://www.heinemann.com.au/medias/527Wx527H-null?context=bWFzdGVyfGltYWdlc3wzMTUzMHxpbWFnZS9qcGVnfGFETXdMMmcwT0M4eE1UY3dOVFl3TkRBeE5ERXhNQzgxTWpkWGVEVXlOMGhmYm5Wc2JBfDE3ZGViZTRjZTNhN2QxMDYwOGViNmU3ZTcwZDVhNTFmZmFlOWI0OGViNjgyZDExZDIyYzE2OTFmMzIwYjc1YTc&v=1738285728671",
        "images": [
            "https://www.heinemann.com.au/medias/527Wx527H-null?context=bWFzdGVyfGltYWdlc3wzMTUzMHxpbWFnZS9qcGVnfGFETXdMMmcwT0M4eE1UY3dOVFl3TkRBeE5ERXhNQzgxTWpkWGVEVXlOMGhmYm5Wc2JBfDE3ZGViZTRjZTNhN2QxMDYwOGViNmU3ZTcwZDVhNTFmZmFlOWI0OGViNjgyZDExZDIyYzE2OTFmMzIwYjc1YTc&v=1738285728671",
            "https://www.heinemann.com.au/medias/527Wx527H-null?context=bWFzdGVyfGltYWdlc3wyODQ5NXxpbWFnZS9qcGVnfGFHVmtMMmhsTVM4NU56ZzJOVGszT1RZMU9EVTBMelV5TjFkNE5USTNTRjl1ZFd4c3w5NmU4NWM2NmJiZTQ4YzMxMzg4M2RkMzU5ZWUyYmEyY2M4YWI1ZTZkNzNhNzEzMDM1MjI4YjY5ZTJjODJjNzJk&v=1689235678090"
        ]
    },
    {
        "product_url": "https://www.heinemann.com.au/en/sydt1/mouton-cadet/baron-philippe-de-rothschild-mouton-cadet-reserve-medoc-aoc-dry-red-0-75l/p/000000000000719745/",
        "brand_name": "Mouton Cadet",
        "brand_url": "https://www.heinemann.com.au/en/sydt1/mouton-cadet/c/BRAND_6964/",
        "product_name": "Baron Philippe de Rothschild, Mouton Cadet R\u00e9serve, M\u00e9doc, AOC, dry, red, 0.75L",
        "quantity": "0.75\u00a0l",
        "price": "$19.90",
        "price_per_quantity": "($26.53 / 1 l)",
        "stock_availability": "",
        "description": "Produced in limited quantities, the R\u00e9serve Mouton Cadet range comes from six prestigious Bordeaux labels, all of them known for their charm and quality. These wines are typical of their geographic origin, and have been created to enable the discovery and appreciation of the different facets of the superlative Bordeaux terroir. R\u00e9serve Mouton Cadet M\u00e9doc reveals fresh black fruit, power, density.",
        "primary_image": "https://www.heinemann.com.au/medias/527Wx527H-null?context=bWFzdGVyfGltYWdlc3wyNjExNnxpbWFnZS9qcGVnfGFEVXdMMmd5TlM4eE1EWTRNemszT0RReE5qRTFPQzgxTWpkWGVEVXlOMGhmYm5Wc2JBfDA3YjMxNzBjYjVmMmFjOTZhNzJkY2IzNzU4ZmY4YjA1MDI5ZThhMjM5OWM0NGY4NmQyYWU2MTYzZjE4NmJkYTg&v=1716348125018",
        "images": [
            "https://www.heinemann.com.au/medias/527Wx527H-null?context=bWFzdGVyfGltYWdlc3wyNjExNnxpbWFnZS9qcGVnfGFEVXdMMmd5TlM4eE1EWTRNemszT0RReE5qRTFPQzgxTWpkWGVEVXlOMGhmYm5Wc2JBfDA3YjMxNzBjYjVmMmFjOTZhNzJkY2IzNzU4ZmY4YjA1MDI5ZThhMjM5OWM0NGY4NmQyYWU2MTYzZjE4NmJkYTg&v=1716348125018",
            "https://www.heinemann.com.au/medias/527Wx527H-null?context=bWFzdGVyfGltYWdlc3wzMjEwM3xpbWFnZS9qcGVnfGFHRTRMMmc0Wmk4eE1EWTRNemszT1RRMk5EY3pOQzgxTWpkWGVEVXlOMGhmYm5Wc2JBfGRjMDQwNjlmNzMwOGJiODE4YjA0Y2E4ZTMxNzZmNmMwMmZlYWU0YmFkZmY2NWU2ZTdmNjZlYmExMDBjNmZmYjA&v=1716348171451",
            "https://www.heinemann.com.au/medias/527Wx527H-null?context=bWFzdGVyfGltYWdlc3wzNTc5MnxpbWFnZS9qcGVnfGFHUXdMMmc1Tmk4eE1EWTRNemszT1RZNU5ERXhNQzgxTWpkWGVEVXlOMGhmYm5Wc2JBfDdjODNmNzJiMDIzY2M4MzJmMWM4NTIxM2Q2OWYyMTU2OWU4NDkxZTVjOWY3YmFmZGY4MThjMmUxN2VlOGE2NGM&v=1716348179306",
            "https://www.heinemann.com.au/medias/527Wx527H-null?context=bWFzdGVyfGltYWdlc3wzNDAyMnxpbWFnZS9qcGVnfGFEUTNMMmhoTUM4eE1EWTRNemszT1RreU16UTROaTgxTWpkWGVEVXlOMGhmYm5Wc2JBfDZjNTBhMmQ5Nzk0ODlmNDU1ODk5Zjg2OTA3YTRiMzMzNGRmNmQyYjU1MDI0NmJhYWE0MzBhMjJiZjA3ZmQ2YWM&v=1716348186934"
        ]
    },
    {
        "product_url": "https://www.heinemann.com.au/en/sydt1/guigal/guigal-cotes-du-rhone-aoc-dry-red-0-75l/p/000000000000926800/",
        "brand_name": "Guigal",
        "brand_url": "https://www.heinemann.com.au/en/sydt1/guigal/c/BRAND_4978/",
        "product_name": "Guigal, C\u00f4tes du Rh\u00f4ne, AOC, dry, red 0.75L",
        "quantity": "0.75\u00a0l",
        "price": "$28.00",
        "price_per_quantity": "($37.33 / 1 l)",
        "stock_availability": "",
        "description": "This wine with its high proportion of Syrah is a classic for all connoisseurs. A high class wine whatever the vintage.",
        "primary_image": "https://www.heinemann.com.au/medias/527Wx527H-null?context=bWFzdGVyfGltYWdlc3wzMzk1OHxpbWFnZS9qcGVnfGFEQTNMMmd3WlM4eE1UTTFNREkzTWpZM01UYzNOQzgxTWpkWGVEVXlOMGhmYm5Wc2JBfDk5ZjFiNTM5YzMwNzQyNzUxNDM1NTIwNGFkMmVlNGRlN2M3YTIxZDdlZTU3NGViOTZlMTZlMmI3YzA5MjY4OGI&v=1730496672094",
        "images": []
    },
    {
        "product_url": "https://www.heinemann.com.au/en/sydt1/penfolds/penfolds-bin-389-cabernet-shiraz-south-australia-dry-red-gift-box-0-75l/p/000000000000114928/",
        "brand_name": "Penfolds",
        "brand_url": "https://www.heinemann.com.au/en/sydt1/penfolds/c/BRAND_2041/",
        "product_name": "Penfolds, BIN 389, Cabernet/Shiraz, South Australia, dry, red (gift box) 0.75L",
        "quantity": "0.75\u00a0l",
        "price": "$89.00",
        "price_per_quantity": "($118.67 / 1 l)",
        "stock_availability": "",
        "description": "Penfolds Bin 389 is often referred to as \u2018Poor Man\u2019s Grange\u2019 or \u2018Baby Grange\u2019, in part because components of the wine are matured in the same barrels that held the previous vintage of Grange. First made in 1960, by the legendary Max Schubert, this was the wine that helped to forge Penfolds solid reputation with red wine drinkers Combining the structure of Cabernet Sauvignon with the richness of Shiraz, Bin 389 also exemplifies the judicious balance of fruit and oak.",
        "primary_image": "https://www.heinemann.com.au/medias/527Wx527H-null?context=bWFzdGVyfGltYWdlc3w1NjcyOXxpbWFnZS9qcGVnfGFHSXlMMmd3TUM4eE1UUTROakUzTnprMU1UYzNOQzgxTWpkWGVEVXlOMGhmYm5Wc2JBfGI5NjkwZTNjNTUxYTI0NmE5YmI4YzI4ZWI2NDZmNmNmNWRmYmIyNDMyZjcyYzJlYjQwMDlmNjMwNTJlMDdmNzU&v=1733615560434",
        "images": [
            "https://www.heinemann.com.au/medias/527Wx527H-null?context=bWFzdGVyfGltYWdlc3w1NjcyOXxpbWFnZS9qcGVnfGFHSXlMMmd3TUM4eE1UUTROakUzTnprMU1UYzNOQzgxTWpkWGVEVXlOMGhmYm5Wc2JBfGI5NjkwZTNjNTUxYTI0NmE5YmI4YzI4ZWI2NDZmNmNmNWRmYmIyNDMyZjcyYzJlYjQwMDlmNjMwNTJlMDdmNzU&v=1733615560434",
            "https://www.heinemann.com.au/medias/527Wx527H-null?context=bWFzdGVyfGltYWdlc3wzMjA3OXxpbWFnZS9qcGVnfGFETXdMMmhoWlM4eE1UUTROakk0TkRVM09EZzBOaTgxTWpkWGVEVXlOMGhmYm5Wc2JBfGVlNWE1NmYyZjRkMzNjZGQ2N2RhM2RjMWVlYTVmOTJkYzQ4NGRjOTA0OTJiZGRkOWFjNTk1MjJmMDljMDEyNTU&v=1733616172210",
            "https://www.heinemann.com.au/medias/527Wx527H-null?context=bWFzdGVyfGltYWdlc3wzMjczMnxpbWFnZS9qcGVnfGFHRTNMMmhpTnk4eE1UUTROakk0TkRnd09ESXlNaTgxTWpkWGVEVXlOMGhmYm5Wc2JBfDljM2E3MzAwYzc4OGM3NzY5ZGE1OTUzNjY4NDdkODZhMDBhZmQwYTU3YzJiYjI0YTgwMzRmNDBjYmQxMzdkZjE&v=1733616183284"
        ]
    },
    {
        "product_url": "https://www.heinemann-shop.com/en/global/herpa/playset-turkish-airlines/p/000000000001422415/",
        "brand_name": "Herpa",
        "brand_url": "https://www.heinemann-shop.com/en/global/herpa/c/BRAND_9978/",
        "product_name": "Playset Turkish Airlines",
        "quantity": "",
        "price": "\u20ac29.90",
        "price_per_quantity": "",
        "stock_availability": "",
        "description": "Endless hours of fun with these play sets.",
        "primary_image": "https://www.heinemann-shop.com/medias/527Wx527H-null?context=bWFzdGVyfGltYWdlc3w2NzA4N3xpbWFnZS9qcGVnfGFHSm1MMmd3Wmk4eE1UUXpPVGszTkRrME1EY3dNaTgxTWpkWGVEVXlOMGhmYm5Wc2JBfDFkYTI2NjdjMGE3ZTA0OTY4OWIxNDgzYzE1OTllMzk3ZTRiZjliNTE2NmUwZGJmOWI4N2RmNGY3MGJmNGYwNDY&v=1732571788721",
        "images": [
            "https://www.heinemann-shop.com/medias/527Wx527H-null?context=bWFzdGVyfGltYWdlc3w2NzA4N3xpbWFnZS9qcGVnfGFHSm1MMmd3Wmk4eE1UUXpPVGszTkRrME1EY3dNaTgxTWpkWGVEVXlOMGhmYm5Wc2JBfDFkYTI2NjdjMGE3ZTA0OTY4OWIxNDgzYzE1OTllMzk3ZTRiZjliNTE2NmUwZGJmOWI4N2RmNGY3MGJmNGYwNDY&v=1732571788721",
            "https://www.heinemann-shop.com/medias/527Wx527H-null?context=bWFzdGVyfGltYWdlc3wzMTM1M3xpbWFnZS9qcGVnfGFEZzJMMmhtTUM4eE1UUTBNRFF6T1RneU1ETXhPQzgxTWpkWGVEVXlOMGhmYm5Wc2JBfGZhOGYxMTBjNDE0YmI0N2MyMGExM2MwNjI2MWVkODQyMGRmNzYyMmJiOWJjMGJiMTcwOTI1Zjk2NjFiM2UzMjU&v=1732572216204",
            "https://www.heinemann-shop.com/medias/527Wx527H-null?context=bWFzdGVyfGltYWdlc3w0ODExOXxpbWFnZS9qcGVnfGFHWTBMMmd4TWk4eE1UUTBNRFEwTURBME9UWTVOQzgxTWpkWGVEVXlOMGhmYm5Wc2JBfGYwY2UwMjBlYTFjZjVkZWY5M2ZlOTg3YmNlMjkwNzUyNjQ5ZjFlZWZhNTEzNDRlMTBiYjViMTA1MGMyYjExM2M&v=1732572228000"
        ]
    },
    {
        "product_url": "https://www.heinemann.com.au/en/sydt1/marchesi-di-barolo/marchesi-di-barolo-barbera-d-alba-reis-doc-dry-red-0-75l/p/000000000000532704/",
        "brand_name": "Marchesi di Barolo",
        "brand_url": "https://www.heinemann.com.au/en/sydt1/marchesi-di-barolo/c/BRAND_5622/",
        "product_name": "Marchesi di Barolo, Barbera d'Alba, Reis, DOC, dry, red, 0.75L",
        "quantity": "0.75\u00a0l",
        "price": "$28.00",
        "price_per_quantity": "($37.33 / 1 l)",
        "stock_availability": "",
        "description": "The grapes used in producing this wine come exclusively from vineyards located in the heart of Barolo, Barbaresco and Nebbiolo d'Alba. The sweetness is due largely to the moderate acidity and tannins extracted from small-to-medium toast French oak barrels; a Marchesi di Barolo best seller, where the freshness and acidity of the Barbera grapes meets the power and personality of the soil of Alba.",
        "primary_image": "https://www.heinemann.com.au/medias/527Wx527H-null?context=bWFzdGVyfGltYWdlc3wyNjYwMXxpbWFnZS9qcGVnfGFHUTNMMmcxTXk4eE1USTVPRGs0T1RJeE1UWTNPQzgxTWpkWGVEVXlOMGhmYm5Wc2JBfDVjMjZmMjVmZmQxOTkxZDZiMjhlMzgwYWQ3YTU1NTAyYTIzNWExZmVmMzI3MmRjMmM4YzRhYjgyNjU3ZDI3ODI&v=1729549671741",
        "images": []
    },
    {
        "product_url": "https://www.heinemann.com.au/en/sydt1/serego-alighieri/serego-alighieri-vaio-amarone-della-valpolicella-classico-vaio-amarone-della-valpolicella-classico-docg-dry-red-0-75l/p/000000000000871939/",
        "brand_name": "Serego Alighieri",
        "brand_url": "https://www.heinemann.com.au/en/sydt1/serego-alighieri/c/BRAND_5894/",
        "product_name": "Serego Alighieri, Vaio, Amarone della Valpolicella Classico, Vaio, Amarone della Valpolicella Classico, DOCG, dry, red, 0.75L",
        "quantity": "0.75\u00a0l",
        "price": "$105.00",
        "price_per_quantity": "($140.00 / 1 l)",
        "stock_availability": "",
        "description": "The icon of Counts Serego Alighieri noble family, direct descendants of poet Dante, which started the history of Amarone in Italy. Expertise MASI: maturation in Slavonian oak casks and cherry wood casks. Long ageing potential: over 40 years. The term \u201cAmarone\u201d probably derives from the name of this ancient vineyard, \u201cVaio Armaron\u201d, in the heart of historic Valpolicella, cultived by Counts Serego Alighieri since 1353.",
        "primary_image": "https://www.heinemann.com.au/medias/527Wx527H-null?context=bWFzdGVyfGltYWdlc3wzMjU0OHxpbWFnZS9qcGVnfGFHWmpMMmcxT0M4eE1UUTROakUzT0RReE1EVXlOaTgxTWpkWGVEVXlOMGhmYm5Wc2JBfDVkODI5MzJhM2ZhMzVlOGQyZjA3YjMzN2NlMzc0ZjdiMjg1N2U2NmU4MTMzNzNiNDE0YTdjNmE4NWUyYTMwMzQ&v=1733615592481",
        "images": []
    },
    {
        "product_url": "https://www.heinemann.com.au/en/sydt1/chateau-magnol/chateau-magnol-haut-medoc-cru-bourgeois-bordeaux-dry-red-0-75l/p/000000000000068625/",
        "brand_name": "Ch\u00e2teau Magnol",
        "brand_url": "https://www.heinemann.com.au/en/sydt1/chateau-magnol/c/BRAND_2573/",
        "product_name": "Ch\u00e2teau Magnol, Haut-M\u00e9doc, Cru Bourgeois, Bordeaux, dry, red, 0.75L",
        "quantity": "0.75\u00a0l",
        "price": "$46.00",
        "price_per_quantity": "($61.33 / 1 l)",
        "stock_availability": "",
        "description": "Ch\u00e2teau Magnol is the sole vineyard owned by Barton & Guestier. Located in the prestigious Haut M\u00e9doc Appellation. Ch\u00e2teau Magnol is internationally recognised by the press and regularly awarded in international competitions. Since 1987 Ch\u00e2teau Magnol has been classified Cru Bourgeois.",
        "primary_image": "https://www.heinemann.com.au/medias/527Wx527H-null?context=bWFzdGVyfGltYWdlc3wzNTk2NXxpbWFnZS9qcGVnfGFETTBMMmczWXk4eE1UYzROak0zTURJNE5UVTVPQzgxTWpkWGVEVXlOMGhmYm5Wc2JBfDg3ODExM2QwYzhiMjJmMTc5YTYwNDQyMmFhYzQ3YTdlYTQ1M2M0MGM4OWYzNTU3MTI3YTY2ZTAzNDgxODQ0Y2I&v=1739913577669",
        "images": [
            "https://www.heinemann.com.au/medias/527Wx527H-null?context=bWFzdGVyfGltYWdlc3wzNTk2NXxpbWFnZS9qcGVnfGFETTBMMmczWXk4eE1UYzROak0zTURJNE5UVTVPQzgxTWpkWGVEVXlOMGhmYm5Wc2JBfDg3ODExM2QwYzhiMjJmMTc5YTYwNDQyMmFhYzQ3YTdlYTQ1M2M0MGM4OWYzNTU3MTI3YTY2ZTAzNDgxODQ0Y2I&v=1739913577669",
            "https://www.heinemann.com.au/medias/527Wx527H-null?context=bWFzdGVyfGltYWdlc3wyOTA0MHxpbWFnZS9qcGVnfGFEVTVMMmhrTWk4eE1UYzROak0zTXpjNU1UYzNOQzgxTWpkWGVEVXlOMGhmYm5Wc2JBfGFjNDAxMjc1YTBiYTMwMmJjOTBiM2FhZGY4MjljOTEzMTgzMjg4Njk4MjU3OTBlNjVjN2NlMmI3NWM0YTk5MTY&v=1739913753309"
        ]
    },
    {
        "product_url": "https://www.heinemann.com.au/en/sydt1/desc-de-j-palacios/descendants-of-j-palacios-petalos-del-bierzo-bierzo-do-dry-red-0-75l/p/000000000000556824/",
        "brand_name": "Desc. de J. Palacios",
        "brand_url": "https://www.heinemann.com.au/en/sydt1/desc-de-j-palacios/c/BRAND_8997/",
        "product_name": "Descendants of J. Palacios, P\u00e9talos del Bierzo, Bierzo, DO, dry, red, 0.75L",
        "quantity": "0.75\u00a0l",
        "price": "$31.00",
        "price_per_quantity": "($41.33 / 1 l)",
        "stock_availability": "",
        "description": "The sum of the Bierzo landscapes, their vegetation and diverse soils are condensed and asserted in P\u00e9talos. Made entirely from old vines in Corull\u00f3n and other municipalities, this is a young, fragrant wine which is able to express all the hues and shades of the region.",
        "primary_image": "https://www.heinemann.com.au/medias/527Wx527H-null?context=bWFzdGVyfGltYWdlc3wzMTM4NHxpbWFnZS9qcGVnfGFEazBMMmhpWmk4eE1EWTRORGs1TnpNek56RXhPQzgxTWpkWGVEVXlOMGhmYm5Wc2JBfDhmOGMwYzI3ZDkwYzhkMTc0NWMwOWUzNTgxN2MxNDNmOGYxMjUyYjgyMjc2NmViYjdmYTQ0ZGQzYzY5NjQ3YmU&v=1716377435739",
        "images": [
            "https://www.heinemann.com.au/medias/527Wx527H-null?context=bWFzdGVyfGltYWdlc3wzMTM4NHxpbWFnZS9qcGVnfGFEazBMMmhpWmk4eE1EWTRORGs1TnpNek56RXhPQzgxTWpkWGVEVXlOMGhmYm5Wc2JBfDhmOGMwYzI3ZDkwYzhkMTc0NWMwOWUzNTgxN2MxNDNmOGYxMjUyYjgyMjc2NmViYjdmYTQ0ZGQzYzY5NjQ3YmU&v=1716377435739",
            "https://www.heinemann.com.au/medias/527Wx527H-null?context=bWFzdGVyfGltYWdlc3wzMzY1MXxpbWFnZS9qcGVnfGFEY3hMMmc1TkM4eE1EWTROVEF3TURZM09UUTFOQzgxTWpkWGVEVXlOMGhmYm5Wc2JBfDI2ZTQ3MTIyNzcyZWQyNmNkMDYxN2U3OWQ4OGZiOGJlNDhiNDA3NjhjNTM4NWRkNGY1N2YwNzBkZGFiNDAwMGI&v=1716377555390"
        ]
    },
    {
        "product_url": "https://www.heinemann-shop.com/en/global/stitch/stitch-bag/p/000000000001632798/",
        "brand_name": "Stitch",
        "brand_url": "https://www.heinemann-shop.com/en/global/stitch/c/BRAND_A175/",
        "product_name": "Stitch, bag",
        "quantity": "",
        "price": "\u20ac20.90",
        "price_per_quantity": "",
        "stock_availability": "",
        "description": "Stitch, a troublemaker, is an experiment and is programmed to destroy, for which reason an extraterrestrial tribunal wants to lock Stich away. He manage to escape and meets Lilo, a little girl. Through her love and unwavering belief in Ohana, the Hawaiian word for family, Lilo and Stitch develop a special friendship and the help each other out of sticky situations along the way. Stitch is positioned as a unique offering across all consumer demographics.",
        "primary_image": "https://www.heinemann-shop.com/medias/527Wx527H-null?context=bWFzdGVyfGltYWdlc3w1NjIzOXxpbWFnZS9qcGVnfGFHSmtMMmhqWkM4eE1EUXpNekUwTkRBMk1UazRNaTgxTWpkWGVEVXlOMGhmYm5Wc2JBfGM3YTZjMWVmYTE2ZjIzNWVkODVjZDE1Njg0NWZjZjExNTQ1Nzg5MDAyODg1ZTY0YzdmNjI0N2EzMzBkZTg4Nzk&v=1710280183548",
        "images": []
    },
    {
        "product_url": "https://www.heinemann-shop.com/en/global/kekz/kekz-der-raeuber-hotzenplotz/p/000000000001595039/",
        "brand_name": "KEKZ",
        "brand_url": "https://www.heinemann-shop.com/en/global/kekz/c/BRAND_9887/",
        "product_name": "KEKZ, Der R\u00e4uber Hotzenplotz",
        "quantity": "",
        "price": "\u20ac10.90",
        "price_per_quantity": "",
        "stock_availability": "",
        "description": "The villain with the seven knives and the pepper gun has kept the world in suspense for generations! His robber tales are now freshly and brilliantly staged for the ears of old and new fans. Musically composed, grumpy and comically read by an ensemble of first-class narrators. Great radio play fun - with original coffee-mill song, snuff-tobacco roar and real crocodile dachshunds.",
        "primary_image": "https://www.heinemann-shop.com/medias/527Wx527H-null?context=bWFzdGVyfGltYWdlc3w2NzIyMHxpbWFnZS9qcGVnfGFHWTFMMmhtTnk4NU9EQTFPVFV5TXpVeU1qZzJMelV5TjFkNE5USTNTRjl1ZFd4c3wzNjE2NThmMjYxNjViMTY3YzEwNjUxOTc4ZjI3NDlmOGRkZjI3MTE5NTMxNjQ5MGQxNWI3MDA3ZjU2NmIzYjYz&v=1692393400773",
        "images": []
    },
    {
        "product_url": "https://www.heinemann.com.au/en/sydt1/jacob-s-creek/jacob-s-creek-double-barrel-shiraz-50yo-0-75l/p/000000000001514090/",
        "brand_name": "Jacob's Creek",
        "brand_url": "https://www.heinemann.com.au/en/sydt1/jacob-s-creek/c/BRAND_2743/",
        "product_name": "Jacob's Creek Double Barrel Shiraz 50yo 0.75L",
        "quantity": "0.75\u00a0l",
        "price": "$210.00",
        "price_per_quantity": "($280.00 / 1 l)",
        "stock_availability": "",
        "description": "The ultimate Double Barrel expression - rare 1966 single malt Scotch Whisky barrel is used 50 years later to finish an outstanding single vineyard fine wine. Single vineyard 2016 Barossa Shiraz hand selected from blocks A & B of the Lyndoch vineyard at the Southern end of the Barossa. The wine had a prolonged maturation period of 19 months in traditional French & American oak. Finishing of the wine in an extremely rare Scotch Whisky barrel which once aged a rare 50 year old single malt Scotch Whisky. The extra old single malt barrel imparts a more robust oak character and greater smoky notes on the wine it holds",
        "primary_image": "https://www.heinemann.com.au/medias/1514090-527Wx527H?context=bWFzdGVyfGltYWdlc3wyNjIzMHxpbWFnZS9qcGVnfGFHRTNMMmhqTXk4NU5qVTVNRFU1TXpBMk5USTJMekUxTVRRd09UQmZOVEkzVjNnMU1qZEl8NDE0ODExMTQ0Zjk0N2E2MzQxOTMwYzgwNTJkODYzMzJmYTZmZDJkOTdhZTgzMjVjYWZiMzkyZmI0NDU3ZjFhMw&v=1645219109682",
        "images": []
    },
    {
        "product_url": "https://www.heinemann.com.au/en/sydt1/jacob-s-creek/jacob-s-creek-coonawara-cabernet-sauvignon-0-75l/p/000000000001117490/",
        "brand_name": "Jacob's Creek",
        "brand_url": "https://www.heinemann.com.au/en/sydt1/jacob-s-creek/c/BRAND_2743/",
        "product_name": "Jacob's Creek Coonawara Cabernet Sauvignon 0.75L",
        "quantity": "0.75\u00a0l",
        "price": "$18.00",
        "price_per_quantity": "($24.00 / 1 l)",
        "stock_availability": "",
        "description": "Jacob's Creek is one of the most well known, trusted and enjoyed Australian wines around the world. It delivers fresh, elegant and great tasting wines that show true varietal character. The philosophy of Jacob's Creek is to offer a range of wines that suit all occasions.",
        "primary_image": "https://www.heinemann.com.au/medias/1117490-527Wx527H?context=bWFzdGVyfGltYWdlc3wzNzk3NHxpbWFnZS9qcGVnfGFERTVMMmhsWXk4NU5qTXdOelExTkRrek5UTTBMekV4TVRjME9UQmZOVEkzVjNnMU1qZEl8M2RmNmJjNzcyYzYzNmNjNDk4NTRhMzdjZTY0ZDA5OGJhMDc1NTRkYzRiODdmNzY3NWI3YWU0NDg3YmQzZTU3Ng&v=1635888332424",
        "images": []
    },
    {
        "product_url": "https://www.heinemann-shop.com/en/global/maisto/maisto-toy-cars-power-racer/p/000000000001356751/",
        "brand_name": "Maisto",
        "brand_url": "https://www.heinemann-shop.com/en/global/maisto/c/BRAND_3538/",
        "product_name": "Maisto Toy Cars Power Racer",
        "quantity": "",
        "price": "\u20ac9.90",
        "price_per_quantity": "",
        "stock_availability": "",
        "description": "Toy car type Mercedes Benz G-Class, Pull-back powered, approx. 12 cm long, 4-color assorted black/green/yellow/orange, Windowbox, Material: Die-Cast with plastic parts",
        "primary_image": "https://www.heinemann-shop.com/medias/527Wx527H-null?context=bWFzdGVyfGltYWdlc3w0NTM2OHxpbWFnZS9qcGVnfGFHVTJMMmd4WkM4eE1UUXpPVGszT1RBd016a3pOQzgxTWpkWGVEVXlOMGhmYm5Wc2JBfDgyM2IxNmI0NjdhOGEyODQ3NzNkZWI4ZDA1NTU2ZDQ5NDJiMjljYTM4M2RhOWMwNDRlYzFmMzBiMzk3MTk0ZTU&v=1732572063463",
        "images": [
            "https://www.heinemann-shop.com/medias/527Wx527H-null?context=bWFzdGVyfGltYWdlc3w0NTM2OHxpbWFnZS9qcGVnfGFHVTJMMmd4WkM4eE1UUXpPVGszT1RBd016a3pOQzgxTWpkWGVEVXlOMGhmYm5Wc2JBfDgyM2IxNmI0NjdhOGEyODQ3NzNkZWI4ZDA1NTU2ZDQ5NDJiMjljYTM4M2RhOWMwNDRlYzFmMzBiMzk3MTk0ZTU&v=1732572063463",
            "https://www.heinemann-shop.com/medias/527Wx527H-null?context=bWFzdGVyfGltYWdlc3w0NTA5N3xpbWFnZS9qcGVnfGFEQXpMMmhrTWk4eE1UUTBNRFEwTWpVM01qZ3pNQzgxTWpkWGVEVXlOMGhmYm5Wc2JBfDg3OTIxM2M4YzI3NDE0NTllM2Q5Y2UwNWZlODg2N2Y2NDZkMjg3ZmMzMGFhZjEyNTRhMWU3NzQ4ZjY4ZWVlZjA&v=1732572357209",
            "https://www.heinemann-shop.com/medias/527Wx527H-null?context=bWFzdGVyfGltYWdlc3w0OTIwMnxpbWFnZS9qcGVnfGFHUXhMMmhrWWk4eE1UUTBNRFEwTWpnek5EazNOQzgxTWpkWGVEVXlOMGhmYm5Wc2JBfGM2ODE2NTYxZTMwZmEzMmEyZmExYTM1OGY1M2QzOWNmYWNjYmU4ZjAwMDNjNTMyNWFkMWM4ZmIzNmFkYTk0ZjM&v=1732572369125",
            "https://www.heinemann-shop.com/medias/527Wx527H-null?context=bWFzdGVyfGltYWdlc3w0NDk1NXxpbWFnZS9qcGVnfGFEVmlMMmhrTlM4eE1UUTBNRFEwTXpBMk5ETTFNQzgxTWpkWGVEVXlOMGhmYm5Wc2JBfDI4NWMwMGZiOGQ2ODg2NWRkMDYwYmE5MDFjMTAwMGI2MzJjN2Y2OGMwNTkwZWIyMDlmNTA4ODA1ZTZlYWI4ZmY&v=1732572381166",
            "https://www.heinemann-shop.com/medias/527Wx527H-null?context=bWFzdGVyfGltYWdlc3w0NDEzOHxpbWFnZS9qcGVnfGFETTBMMmhqWlM4eE1UUTBNRFEwTXpJNU16Y3lOaTgxTWpkWGVEVXlOMGhmYm5Wc2JBfDM0Mjg4MTIyZjczOGI2ZmRjOGJjN2U0MDZmNDliYjVjYjg5ZTM1ZDQ5MmI4NDk4NzkzYTc4ODA2YzY5YzZjMTc&v=1732572392519"
        ]
    },
    {
        "product_url": "https://www.heinemann-shop.com/en/global/hot-wheels/hot-wheels-hw-hot-wheels-pull-backs-asst/p/000000000001595044/",
        "brand_name": "Hot Wheels",
        "brand_url": "https://www.heinemann-shop.com/en/global/hot-wheels/c/BRAND_5969/",
        "product_name": "Hot Wheels, Hw, hot wheels pull-backs asst.",
        "quantity": "\n        ",
        "price": "\u20ac9.90",
        "price_per_quantity": "",
        "stock_availability": "Low stock",
        "description": "Pull these Hot Wheels\u00ae cars back and let them race with awesome speed, style and performance. These larger-than-usual Hot Wheels\u00ae die-cast vehicles are 1:43 scale with authentic decos. Each one includes an interactive feature such as Rolomatics, which show off the engine's movements, or doors, hoods or trunks that open. With such cool details, the storytelling possibilities are endless kids and collectors will want them all. Each sold separately, subject to availability. Colors and decorations may vary.",
        "primary_image": "https://www.heinemann-shop.com/medias/527Wx527H-null?context=bWFzdGVyfGltYWdlc3w1MDM5NXxpbWFnZS9qcGVnfGFEVmtMMmhrWlM4NU9EQTBNVEF3TURReU56Z3lMelV5TjFkNE5USTNTRjl1ZFd4c3xhZjE1MDJjNmFhYjBjMGQwMTcwMjAyNjY4NTliZmRlYTQwZjkyMThlOTEyZDI1OGQ1ZjY2N2E2YWZiZTQ2NDQ2&v=1692051010161",
        "images": []
    },
    {
        "product_url": "https://www.heinemann-shop.com/en/global/hot-wheels/hot-wheels-color-reveal-monster-trucks/p/000000000001623643/",
        "brand_name": "Hot Wheels",
        "brand_url": "https://www.heinemann-shop.com/en/global/hot-wheels/c/BRAND_5969/",
        "product_name": "Hot Wheels, color reveal monster trucks",
        "quantity": "",
        "price": "",
        "price_per_quantity": "",
        "stock_availability": "",
        "description": "The Hot Wheels\u00ae Monster Trucks Color Reveal\u2122 trucks pack awesome surprises! Inside each barrel drum is one 1:64 scale Hot Wheels\u00ae Color Shifters\u2122 Monster Truck that's covered in special Color Reveal\u2122 coating and a clip-on water tank. For the initial reveal, fill the drum with water and swirl the truck around in it until the water changes color, then pull it out to reveal the Monster Truck and its deco! Want to change its appearance again? Fill the drum with icy cold water and dunk it in to watch the colors magically change! Change it back by dunking it in warm water! Use the clip-on water tank to spray oncoming Color Shifters\u2122 trucks with deco-changing water for an epic water battle. Kids will want the entire collection. Each sold separately, subject to availability. Colors and decorations may vary.",
        "primary_image": "https://www.heinemann-shop.com/medias/527Wx527H-null?context=bWFzdGVyfGltYWdlc3w4Njc3MHxpbWFnZS9qcGVnfGFHVTFMMmd4T1M4eE1ESTVOalEyTXpJNU5EUTVOQzgxTWpkWGVEVXlOMGhmYm5Wc2JBfGQ4OWI0Y2JlMGQ4OTM0MmM4MjlkYjM5OGJhOTlhMjM4Y2QxOWYxODYxMWI4YWNhOTVkZGQxZGYxZDY4ZDU5YTA&v=1707170034666",
        "images": []
    },
    {
        "product_url": "https://www.heinemann-shop.com/en/global/hot-wheels/hot-wheels-trackflotte/p/000000000001651856/",
        "brand_name": "Hot Wheels",
        "brand_url": "https://www.heinemann-shop.com/en/global/hot-wheels/c/BRAND_5969/",
        "product_name": "Hot Wheels, trackflotte",
        "quantity": "",
        "price": "",
        "price_per_quantity": "",
        "stock_availability": "",
        "description": "The Hot Wheels Track Fleet are ready to race! Designed to work on Hot Wheels tracks (sold separately), each die-cast vehicle is 1:64 scale and comprised of a cab and trailer with sweet decos and loads of graphics. Different mixes are released throughout the year for the freshest selections. Kids and collectors will want them all to build the ultimate, custom fleet. Each sold separately, subject to availability. Styles, colors and decorations may vary.",
        "primary_image": "https://www.heinemann-shop.com/medias/527Wx527H-null?context=bWFzdGVyfGltYWdlc3w3NTU3MnxpbWFnZS9qcGVnfGFEZGpMMmd6Tnk4eE1EYzJPREF6T1Rnd05EazFPQzgxTWpkWGVEVXlOMGhmYm5Wc2JBfDNkNDQzNjVjZDEzZmM4MzdiZGQzNDM2YjE5NjUyNWVkZTZlMjg1ZTlhNzYwNGZjMTFhNDliMTU5NmJkNWJjMmY&v=1718343622290",
        "images": []
    },
    {
        "product_url": "https://www.heinemann-shop.com/en/global/matchbox/matchbox-mb-basic-car-collection-short-card/p/000000000001133942/",
        "brand_name": "Matchbox",
        "brand_url": "https://www.heinemann-shop.com/en/global/matchbox/c/BRAND_1061/",
        "product_name": "Matchbox, mb basic car collection (short card)",
        "quantity": "",
        "price": "",
        "price_per_quantity": "",
        "stock_availability": "",
        "description": "Kids and collectors alike will love the entire Matchbox vehicle line. With realistic details, authentic decos and real rolling wheels, these vehicles inspire kids to be everyday heroes through real world replicas. Choose from an entire assortment of vehicles that draw inspiration from explorers in the urban landscape, everyday heroes and off-road adventurers. Assortments include city cars, rescue vehicles, construction vehicles and off-road four-wheelers. Collect them all!",
        "primary_image": "https://www.heinemann-shop.com/medias/527Wx527H-null?context=bWFzdGVyfGltYWdlc3w5MjM3NnxpbWFnZS9qcGVnfGFHSTNMMmhsWkM4NU9EQTBNRGMwTWpVME16WTJMelV5TjFkNE5USTNTRjl1ZFd4c3w4YTk2MGYwZTMwMmQ5ZDQ2ZWE2ZWYyNzU4YTM2MDdmNzEyNmIxY2E4NzllOGVkNzMyNjNlZTc2MWMyNDk3MWI3&v=1692045065473",
        "images": [
            "https://www.heinemann-shop.com/medias/527Wx527H-null?context=bWFzdGVyfGltYWdlc3w5MjM3NnxpbWFnZS9qcGVnfGFHSTNMMmhsWkM4NU9EQTBNRGMwTWpVME16WTJMelV5TjFkNE5USTNTRjl1ZFd4c3w4YTk2MGYwZTMwMmQ5ZDQ2ZWE2ZWYyNzU4YTM2MDdmNzEyNmIxY2E4NzllOGVkNzMyNjNlZTc2MWMyNDk3MWI3&v=1692045065473",
            "https://www.heinemann-shop.com/medias/527Wx527H-null?context=bWFzdGVyfGltYWdlc3w3NDI5MXxpbWFnZS9qcGVnfGFEZ3dMMmczTmk4NU9EQTBNRGMxTmpNd05qSXlMelV5TjFkNE5USTNTRjl1ZFd4c3w5YzJmM2I4ZTI5NTBkYzRjMDQ0MWE3YjgyNTI5ZmNkNWI4NjEwM2E0OWE1MzM0ZGEzNDg5NjUwNmJkN2I4MDM3&v=1692045123057",
            "https://www.heinemann-shop.com/medias/527Wx527H-null?context=bWFzdGVyfGltYWdlc3w3ODM0NHxpbWFnZS9qcGVnfGFEVTVMMmd3TWk4NU9EQTBNRGMyT1RReE16UXlMelV5TjFkNE5USTNTRjl1ZFd4c3w0Y2Y5NWJiZjkzMWRkNzNmZWFjZWQ5MDU1NjY0MWRhMTE0NTZkMDg0MjllNWNhZWRiYmRkMWQxMDE1NjA3NTBj&v=1692045310193",
            "https://www.heinemann-shop.com/medias/527Wx527H-null?context=bWFzdGVyfGltYWdlc3w4MDk2OHxpbWFnZS9qcGVnfGFEYzRMMmcwWXk4NU9EQTBNRGMzTVRjd056RTRMelV5TjFkNE5USTNTRjl1ZFd4c3w1N2Y4NTc4ZTdhZjc5Mzk4MjlhNGFkYTQwNTcxMzJiNmJhYmE4ZDcwODkwYjIzMzYxZDE4YzgyZjExMzhmMWU0&v=1692045319185",
            "https://www.heinemann-shop.com/medias/527Wx527H-null?context=bWFzdGVyfGltYWdlc3w4NDY5NXxpbWFnZS9qcGVnfGFHWXdMMmcxTlM4NU9EQTBNRGMzTkRBd01EazBMelV5TjFkNE5USTNTRjl1ZFd4c3xhZTU0ODg0NTgwNDI4MmNiOThiNWFlZDA3ZGEzOTY0NDVmZDg1YWFkMGI2MzU3YjNhODI1MDI2Y2E1OGViNGNh&v=1692045328068",
            "https://www.heinemann-shop.com/medias/527Wx527H-null?context=bWFzdGVyfGltYWdlc3w4NTM4MXxpbWFnZS9qcGVnfGFEQTBMMmcxWkM4NU9EQTBNRGMzTmpJNU5EY3dMelV5TjFkNE5USTNTRjl1ZFd4c3wzNTk5YWEzMjhiZmIxNDIwZWQ1MjcxZDJiMzkxMWU5ZjM1ZWY3NGQyMDJhOGQxYTEzYjIyMWRjY2M3YjM0OWU5&v=1692045337160",
            "https://www.heinemann-shop.com/medias/527Wx527H-null?context=bWFzdGVyfGltYWdlc3w4MzIwNXxpbWFnZS9qcGVnfGFESmlMMmcyTkM4NU9EQTBNRGMzT0RVNE9EUTJMelV5TjFkNE5USTNTRjl1ZFd4c3wwMzk0NjdjZTRiY2ZkY2Y1YjI4YmIwYTJhMTkxNDkxNWE3MmFkZWM5MGI0ZDYxNmVmYTBiNmY5ODNjNGJmYTIw&v=1692045346262",
            "https://www.heinemann-shop.com/medias/527Wx527H-null?context=bWFzdGVyfGltYWdlc3w4MDY3MXxpbWFnZS9qcGVnfGFHWm1MMmhpTWk4NU9EQTBNRGM0TURnNE1qSXlMelV5TjFkNE5USTNTRjl1ZFd4c3w1NDFkZGZkZTg3ODUzZTI4ZGVlMmVmMjkzY2VmN2NlZjRiMDU3NzBlMDg1ZWM0NWZmZTZkNGExMDU5YWEwNDhi&v=1692045355241",
            "https://www.heinemann-shop.com/medias/527Wx527H-null?context=bWFzdGVyfGltYWdlc3w3NzAxMXxpbWFnZS9qcGVnfGFEWmpMMmcyWmk4NU9EQTBNRGMxT0RVNU9UazRMelV5TjFkNE5USTNTRjl1ZFd4c3xiNjFjYmJkNjdlODc4MWVlNGI0MzUwMjU0Y2IzMThkMDljOTg2ZmNlMjFmODEyNzRkNWY1ZTdhZjZiYzI3NjU4&v=1692045131856",
            "https://www.heinemann-shop.com/medias/527Wx527H-null?context=bWFzdGVyfGltYWdlc3w3Nzk5NnxpbWFnZS9qcGVnfGFEazRMMmd5TUM4NU9EQTBNRGMyTURnNU16YzBMelV5TjFkNE5USTNTRjl1ZFd4c3w1ODc2NzZkZjE1MjdiNDc1MWM0NjY4ZjYyYmIxYmQ0ZTY0OTExMjFkMDlmYzU2YWE2ODIyMDZhN2ZhYjJlNzli&v=1692045140781",
            "https://www.heinemann-shop.com/medias/527Wx527H-null?context=bWFzdGVyfGltYWdlc3w3NjgwMHxpbWFnZS9qcGVnfGFESXhMMmd4Tnk4NU9EQTBNRGMyTXpFNE56VXdMelV5TjFkNE5USTNTRjl1ZFd4c3xjY2JlZDE2M2RlOGNjMDcwZjIyOTExYjJmNDMxYTZiNDIxMmY2ZDIxOTVlZGQ5ZWFiZjljYWI3YWYwNGM3NmE2&v=1692045149568",
            "https://www.heinemann-shop.com/medias/527Wx527H-null?context=bWFzdGVyfGltYWdlc3w3MTAyNnxpbWFnZS9qcGVnfGFEYzFMMmhpWXk4NU9EQTBNRGM0TXpFM05UazRMelV5TjFkNE5USTNTRjl1ZFd4c3xjODMxYWJmZDMxMjhkNzk1MmE5MDczNDA4ODkxMGIzZWNiOWNlZGEyY2U1YTU1Zjk5ZTVlMjc0ZjBlNjNlNzc0&v=1692045364463",
            "https://www.heinemann-shop.com/medias/527Wx527H-null?context=bWFzdGVyfGltYWdlc3w3Njc4M3xpbWFnZS9qcGVnfGFEbGtMMmhqTXk4NU9EQTBNRGM0TlRRMk9UYzBMelV5TjFkNE5USTNTRjl1ZFd4c3w0ZTA4YmMwMzM2MmY4YWY2YzBlZDExMDY5ZTQ1M2U3MTk2OTkxY2YxNDBjMmUwNmZiOTk3NTIzMDg1M2YzYjg5&v=1692045373381",
            "https://www.heinemann-shop.com/medias/527Wx527H-null?context=bWFzdGVyfGltYWdlc3w4MTkwMHxpbWFnZS9qcGVnfGFHTTBMMmhqWVM4NU9EQTBNRGM0TnpjMk16VXdMelV5TjFkNE5USTNTRjl1ZFd4c3wzMzQxNWQzMTFjMDQ0NWVjODQ3YmU0OTExYWYyNTUwMDJiYTg4YmY0NzJlMmZkMDRiMmI3NjY5NjhlNDVkMGQ3&v=1692045382262",
            "https://www.heinemann-shop.com/medias/527Wx527H-null?context=bWFzdGVyfGltYWdlc3w3OTM0MHxpbWFnZS9qcGVnfGFERTRMMmhsTkM4NU9EQTBNRGM1TURBMU56STJMelV5TjFkNE5USTNTRjl1ZFd4c3w0Yzk1YjkwMThjMWVmZGQ2NGNjMjRmNzNlYzVjZjgxZDg5MTQ5Yjk2ZTE3NjZiMDhiNGNhZjU1OTBlYWQ4NDRm&v=1692045391072",
            "https://www.heinemann-shop.com/medias/527Wx527H-null?context=bWFzdGVyfGltYWdlc3w3Mjc0OXxpbWFnZS9qcGVnfGFHWmhMMmd3Wmk4NU9EQTBNRGMyTlRRNE1USTJMelV5TjFkNE5USTNTRjl1ZFd4c3w5MjM3NTIwMTE2YTNlZTRiNzgzZGQxMTdmOTZkOTZmYTkyYWU2NDNlMjA2ODg1ZDExZDczOTRmMjI3N2I3OWQ3&v=1692045158375"
        ]
    },
    {
        "product_url": "https://www.heinemann.com.au/en/sydt1/famille-perrin/famille-perrin-gigondas-la-gille-aoc-dry-red-0-75l/p/000000000001049432/",
        "brand_name": "Famille Perrin",
        "brand_url": "https://www.heinemann.com.au/en/sydt1/famille-perrin/c/BRAND_5695/",
        "product_name": "Famille Perrin, Gigondas, La Gille, AOC, dry, red, 0.75L",
        "quantity": "0.75\u00a0l",
        "price": "$42.00",
        "price_per_quantity": "($56.00 / 1 l)",
        "stock_availability": "",
        "description": "Found part-way up a hill, just beneath the centre of the village, the Famille Perrin vineyard is amongst the most historic vineyards in Gigondas. It benefits greatly from the cool air flowing through the valley to the west of the village.",
        "primary_image": "https://www.heinemann.com.au/medias/527Wx527H-null?context=bWFzdGVyfGltYWdlc3wzNjAxMHxpbWFnZS9qcGVnfGFEUTFMMmc0TXk4NU56VXhORFF5TlRJeU1UUXlMelV5TjFkNE5USTNTRjl1ZFd4c3wwOGY0ZjEwZDQ1MTg1ZjYzNmFjMjYxOWY5NzM2YzdjMzUwZTg4ODBhNWMyMTYzOGJjYWUxOTVjZTc2Y2M1NDA0&v=1680306910317",
        "images": []
    },
    {
        "product_url": "https://www.heinemann.com.au/en/sydt1/prisoner/prisoner-zinfandel-blend-0-75l/p/000000000001247347/",
        "brand_name": "Prisoner",
        "brand_url": "https://www.heinemann.com.au/en/sydt1/prisoner/c/BRAND_6670/",
        "product_name": "Prisoner Zinfandel Blend 0.75L",
        "quantity": "0.75\u00a0l",
        "price": "$55.00",
        "price_per_quantity": "($73.33 / 1 l)",
        "stock_availability": "",
        "description": "The label for The Prisoner is one in a series of etchings by acclaimed Spansh artist Francisco de Goya titled, \"Disasters of War\".",
        "primary_image": "https://www.heinemann.com.au/medias/527Wx527H-null?context=bWFzdGVyfGltYWdlc3wzNTQzMXxpbWFnZS9qcGVnfGFHUTJMMmhtT1M4eE1EZzJPRGd4TWpRME56YzNOQzgxTWpkWGVEVXlOMGhmYm5Wc2JBfGYyZjc5YjkxOWRjOWJkMjVlY2Q2OThmZTVhZGQzNTc0ZGRkMzEzYzVlNDU4Y2E5YWE5NTExOTMzZGU0Mjc3YzM&v=1720730439200",
        "images": []
    },
    {
        "product_url": "https://www.heinemann.com.au/en/sydt1/marques-de-riscal/marques-de-riscal-reserva-rioja-dry-red-0-75l/p/000000000000019020/",
        "brand_name": "Marqu\u00e9s de Riscal",
        "brand_url": "https://www.heinemann.com.au/en/sydt1/marques-de-riscal/c/BRAND_5014/",
        "product_name": "Marqu\u00e9s de Riscal, Reserva, Rioja, dry, red, 0.75L",
        "quantity": "0.75\u00a0l",
        "price": "$31.00",
        "price_per_quantity": "($41.33 / 1 l)",
        "stock_availability": "",
        "description": "A well-known, traditional brand. Approx. two years in barrel. The quality-price ratio is very good. European Winery of the Year 2013 by Wine Enthusiast",
        "primary_image": "https://www.heinemann.com.au/medias/527Wx527H-null?context=bWFzdGVyfGltYWdlc3wzNzk1MHxpbWFnZS9qcGVnfGFHUTFMMmcyTlM4eE1EazBOak0wTWprME5EYzVPQzgxTWpkWGVEVXlOMGhmYm5Wc2JBfGFmMWYzYzY0N2Y1MzdiZjVlZDYwYThjYmFlYTk1ZjE5MTQzYmE2YzZiYmMxMmFhMWI0MWFiNDg0MWY5NjY0ZTY&v=1722544320448",
        "images": []
    },
    {
        "product_url": "https://www.heinemann-shop.com/en/global/herpa/herpa-miniaturmodelle-gmbh-emirates-a380/p/000000000001560610/",
        "brand_name": "Herpa",
        "brand_url": "https://www.heinemann-shop.com/en/global/herpa/c/BRAND_9978/",
        "product_name": "Herpa Miniaturmodelle GmbH, Emirates A380",
        "quantity": "\n        ",
        "price": "\u20ac15.90",
        "price_per_quantity": "",
        "stock_availability": "Low stock",
        "description": "Entry line models for junior collectors.",
        "primary_image": "https://www.heinemann-shop.com/medias/527Wx527H-null?context=bWFzdGVyfGltYWdlc3wxMTUyNjV8aW1hZ2UvanBlZ3xhRE0yTDJoa015OHhNVEEzTWpRMk5qWTBPVEV4T0M4MU1qZFhlRFV5TjBoZmJuVnNiQXxmNDk2NDQ4N2IwMDAxNWU0NWEwNDI3ZWIxYjM4YjFkOWI3Y2NmMWFjN2QxZjgxN2Q5Njg1YmMyMjNmOTZiZTU2&v=1724919794751",
        "images": [
            "https://www.heinemann-shop.com/medias/527Wx527H-null?context=bWFzdGVyfGltYWdlc3wxMTUyNjV8aW1hZ2UvanBlZ3xhRE0yTDJoa015OHhNVEEzTWpRMk5qWTBPVEV4T0M4MU1qZFhlRFV5TjBoZmJuVnNiQXxmNDk2NDQ4N2IwMDAxNWU0NWEwNDI3ZWIxYjM4YjFkOWI3Y2NmMWFjN2QxZjgxN2Q5Njg1YmMyMjNmOTZiZTU2&v=1724919794751",
            "https://www.heinemann-shop.com/medias/527Wx527H-null?context=bWFzdGVyfGltYWdlc3w0OTE5NnxpbWFnZS9qcGVnfGFEZzNMMmcwWlM4eE1UQTNNalEzTWpRME9UQTFOQzgxTWpkWGVEVXlOMGhmYm5Wc2JBfGI4MzQzNjg2MWYzOGQyNmU4ZDhjZTNmZTY1N2M2MDY1ZTIzMDEyZjhhYzJkYzMzMjcyZTg5Njk4M2I5NmQ4NTQ&v=1724920047990"
        ]
    },
    {
        "product_url": "https://www.heinemann-shop.com/en/global/maisto/maisto-mercedes-g63-amg/p/000000000001602402/",
        "brand_name": "Maisto",
        "brand_url": "https://www.heinemann-shop.com/en/global/maisto/c/BRAND_3538/",
        "product_name": "Maisto, mercedes g63 amg",
        "quantity": "\n        ",
        "price": "\u20ac27.90",
        "price_per_quantity": "",
        "stock_availability": "Low stock",
        "description": "The large and angular Mercedes G-Class G63 AMG with its 585 hp is ideal for off-road terrain. Maisto has recreated the SUV as a 1:24 scale metal injection molded model with a detailed interior and movable doors. The red collector car is a must for every SUV lover and an eye-catcher for the showcase! As a toy, the model car is suitable for children from 3 years.",
        "primary_image": "https://www.heinemann-shop.com/medias/527Wx527H-null?context=bWFzdGVyfGltYWdlc3wzNTEyNXxpbWFnZS9qcGVnfGFESmhMMmhsWmk4eE1EVTNPVFk1T1RRd01EY3pOQzgxTWpkWGVEVXlOMGhmYm5Wc2JBfDIxZjZkYzlhMzdlNGFkZTAyMjlhODZhOGRiMGM4MWFhOGIxN2U5M2U1YzA0M2VhYjhjYWI3NzM5YzVlZGVlZmU&v=1713569418934",
        "images": [
            "https://www.heinemann-shop.com/medias/527Wx527H-null?context=bWFzdGVyfGltYWdlc3wzNTEyNXxpbWFnZS9qcGVnfGFESmhMMmhsWmk4eE1EVTNPVFk1T1RRd01EY3pOQzgxTWpkWGVEVXlOMGhmYm5Wc2JBfDIxZjZkYzlhMzdlNGFkZTAyMjlhODZhOGRiMGM4MWFhOGIxN2U5M2U1YzA0M2VhYjhjYWI3NzM5YzVlZGVlZmU&v=1713569418934",
            "https://www.heinemann-shop.com/medias/527Wx527H-null?context=bWFzdGVyfGltYWdlc3w0NDI1MXxpbWFnZS9qcGVnfGFETXdMMmcwTlM4eE1EVTNPVGN3TXpFek5qSTROaTgxTWpkWGVEVXlOMGhmYm5Wc2JBfDZkMDY2ZmI4YmU1ODg1NWIxMDUzNWM5YTA4MTljNDc2NjdhZTQ1ZmQ5NmZiOTJjNzczZmJmOGZlMDg1YThkYjg&v=1713569648746"
        ]
    },
    {
        "product_url": "https://www.heinemann.com.au/en/sydt1/concha-y-toro/concha-y-toro-marques-de-casa-concha-merlot-peumo-do-dry-red-0-75l/p/000000000001014862/",
        "brand_name": "Concha y Toro",
        "brand_url": "https://www.heinemann.com.au/en/sydt1/concha-y-toro/c/BRAND_1918/",
        "product_name": "Concha y Toro, Marqu\u00e9s de Casa Concha, Merlot, Peumo, DO, dry, red 0.75L",
        "quantity": "0.75\u00a0l",
        "price": "$24.90",
        "price_per_quantity": "($33.20 / 1 l)",
        "stock_availability": "",
        "description": "Consistency is definitely one of the main assets of the brand. Not only in one variety, not only in one vintage, but the whole range Marques de Casa Concha has consistently attracted numerous domestic and international awards year after year, always over the 90-point barrier. Marques de Casa Concha is an over-delivered brand.",
        "primary_image": "https://www.heinemann.com.au/medias/527Wx527H-null?context=bWFzdGVyfGltYWdlc3wzNTM2NXxpbWFnZS9qcGVnfGFHTXhMMmhrTnk4NU56TTVNakU0TXpVME1qQTJMelV5TjFkNE5USTNTRjl1ZFd4c3xiZWViZjI3MDE2ZTdhNTI4NTU5NzdkNGZkZWI1ZWUwM2NkZWZiMjg2MmVlZjMwYWUzZjI4ZWQyNjU3NWI5ZDFi&v=1676669800316",
        "images": []
    },
    {
        "product_url": "https://www.heinemann-shop.com/en/global/herpa/herpa-miniaturmodelle-gmbh-lufthansa-a350/p/000000000001560609/",
        "brand_name": "Herpa",
        "brand_url": "https://www.heinemann-shop.com/en/global/herpa/c/BRAND_9978/",
        "product_name": "Herpa Miniaturmodelle GmbH, Lufthansa A350",
        "quantity": "\n        ",
        "price": "\u20ac15.90",
        "price_per_quantity": "",
        "stock_availability": "Low stock",
        "description": "Entry line models for junior collectors.",
        "primary_image": "https://www.heinemann-shop.com/medias/527Wx527H-null?context=bWFzdGVyfGltYWdlc3wxMDc0MDd8aW1hZ2UvanBlZ3xhRE0yTDJoa1l5OHhNRFUzTWpReU16YzFOemcxTkM4MU1qZFhlRFV5TjBoZmJuVnNiQXw0MGY2MGVmNWVhYTlkZmE4OWUzODFkMjBjMzMzMTcyYWQxM2FhNDBiYWI2MDZkZDdlMzJmOTM2ZDBmOGJjMTM1&v=1713387016276",
        "images": [
            "https://www.heinemann-shop.com/medias/527Wx527H-null?context=bWFzdGVyfGltYWdlc3wxMDc0MDd8aW1hZ2UvanBlZ3xhRE0yTDJoa1l5OHhNRFUzTWpReU16YzFOemcxTkM4MU1qZFhlRFV5TjBoZmJuVnNiQXw0MGY2MGVmNWVhYTlkZmE4OWUzODFkMjBjMzMzMTcyYWQxM2FhNDBiYWI2MDZkZDdlMzJmOTM2ZDBmOGJjMTM1&v=1713387016276",
            "https://www.heinemann-shop.com/medias/527Wx527H-null?context=bWFzdGVyfGltYWdlc3wzOTQyN3xpbWFnZS9qcGVnfGFHWTFMMmd3T0M4eE1EVTNNalF5TlRjeU16a3pOQzgxTWpkWGVEVXlOMGhmYm5Wc2JBfGI4ZjYxODBkMmQ5OWUwNzQxYmRjMTA3ZmFlNzQ3YmQ3ODUxMjJjMzFkZmVhNTBhNTQ2YTc4MmM2NmE4Y2VhYzg&v=1713387100559",
            "https://www.heinemann-shop.com/medias/527Wx527H-null?context=bWFzdGVyfGltYWdlc3w0MDExN3xpbWFnZS9qcGVnfGFEYzJMMmd3TVM4eE1EVTNNalF5TlRrNE5qQTNPQzgxTWpkWGVEVXlOMGhmYm5Wc2JBfGI4YjlmZjRjNWYwNzdkMmQ3ZjIwZTVlMjQ2MTI4OTJkODU2MTFmN2VkZjIxMDk1NDk5YTA4ZDVmMDQ5OTA3ZmQ&v=1713387108010"
        ]
    },
    {
        "product_url": "https://www.heinemann-shop.com/en/global/hot-wheels/hot-wheels-hw-basics-asst/p/000000000001133426/",
        "brand_name": "Hot Wheels",
        "brand_url": "https://www.heinemann-shop.com/en/global/hot-wheels/c/BRAND_5969/",
        "product_name": "Hot Wheels, hw basics asst",
        "quantity": "",
        "price": "",
        "price_per_quantity": "",
        "stock_availability": "",
        "description": "Since their debut in 1968, Hot Wheels\u00ae cars have been an enduring favorite of collectors, car enthusiasts and racing fans of all ages. In 164 scale, these cars feature realistic details and authentic decos. Choose from a wide variety of vehicles ranging from sleek sports cars to exotic racecars and popular roadsters. Collect them all! Each sold separately, subject to availability. Colors and decorations may vary.",
        "primary_image": "https://www.heinemann-shop.com/medias/527Wx527H-null?context=bWFzdGVyfGltYWdlc3w0Mzc3M3xpbWFnZS9qcGVnfGFHUm1MMmhtTkM4NU9EQTBNRGMwTURJME9Ua3dMelV5TjFkNE5USTNTRjl1ZFd4c3xjNWRkOTQ1Yzk0OTMxMWUwYzY5OWYxNjY1MGU4NzI3ODYyOTlmZmEzM2E0YmJlYzY1MzdlYTViOTcyMTVmYjk0&v=1692045055166",
        "images": [
            "https://www.heinemann-shop.com/medias/527Wx527H-null?context=bWFzdGVyfGltYWdlc3w0Mzc3M3xpbWFnZS9qcGVnfGFHUm1MMmhtTkM4NU9EQTBNRGMwTURJME9Ua3dMelV5TjFkNE5USTNTRjl1ZFd4c3xjNWRkOTQ1Yzk0OTMxMWUwYzY5OWYxNjY1MGU4NzI3ODYyOTlmZmEzM2E0YmJlYzY1MzdlYTViOTcyMTVmYjk0&v=1692045055166",
            "https://www.heinemann-shop.com/medias/527Wx527H-null?context=bWFzdGVyfGltYWdlc3w1MDU1NnxpbWFnZS9qcGVnfGFEa3dMMmhsTmk4NU9EQTBNRGMwTkRnek56UXlMelV5TjFkNE5USTNTRjl1ZFd4c3w1MmEwOTQ5NzJlZjEwYjBhNzhmNzdiYzRlMmI4NThhZmNkODBjNGY3NmIwNTI5YzJiZTk0YWE4NGI1YzVkYzFi&v=1692045078355",
            "https://www.heinemann-shop.com/medias/527Wx527H-null?context=bWFzdGVyfGltYWdlc3w0NTcyMnxpbWFnZS9qcGVnfGFERTRMMmhrWkM4NU9EQTBNRGMwTnpFek1URTRMelV5TjFkNE5USTNTRjl1ZFd4c3xhNDc1N2VhN2FmOTY3Njc0Yzk0NjczNDE2OWExNGVjYmRmYzI4NTQyZDFkZjYyYjZkOWZiZDdhYzMyNjg2MjNj&v=1692045087148",
            "https://www.heinemann-shop.com/medias/527Wx527H-null?context=bWFzdGVyfGltYWdlc3wzOTQ2N3xpbWFnZS9qcGVnfGFHWXhMMmhrTlM4NU9EQTBNRGMwT1RReU5EazBMelV5TjFkNE5USTNTRjl1ZFd4c3w2MDRiNTU3ZTcwNTJlNjhhNmM3YTI3YWMyMjlmYjViYmI1NmJhNTc5MWJhNmVkMTYxOTliOWY0NDM0MjlmNTFh&v=1692045095852",
            "https://www.heinemann-shop.com/medias/527Wx527H-null?context=bWFzdGVyfGltYWdlc3w0OTU3MHxpbWFnZS9qcGVnfGFERm1MMmc0Tnk4NU9EQTBNRGMxTVRjeE9EY3dMelV5TjFkNE5USTNTRjl1ZFd4c3w3NWQ3NTE0ZDhmMWY4NmQ0MGVlNTEzYzNhYjI5MTYxZGI0MzFmYWJjZmQyZGRkMWNlODY2ODNjYjQ1ZWYwMjdk&v=1692045104858",
            "https://www.heinemann-shop.com/medias/527Wx527H-null?context=bWFzdGVyfGltYWdlc3w0MzUyOXxpbWFnZS9qcGVnfGFHRTNMMmczWkM4NU9EQTBNRGMxTkRBeE1qUTJMelV5TjFkNE5USTNTRjl1ZFd4c3wyMDQzNDU1N2MwODE4ZmUxMTVhNzlkZTFmMzk5ZjQ1ZjcxYzM5YjI2ZDIzZWQwODFlMmJhNjI2Nzk2ZDE3NjM2&v=1692045114254"
        ]
    },
    {
        "product_url": "https://www.heinemann-shop.com/en/global/maisto/maisto-toy-cars/p/000000000001354587/",
        "brand_name": "Maisto",
        "brand_url": "https://www.heinemann-shop.com/en/global/maisto/c/BRAND_3538/",
        "product_name": "Maisto Toy Cars",
        "quantity": "",
        "price": "",
        "price_per_quantity": "",
        "stock_availability": "",
        "description": "Toy car  with free-rolling wheels, approx. 7,5 cm long, different styles, blistercard",
        "primary_image": "https://www.heinemann-shop.com/medias/527Wx527H-null?context=bWFzdGVyfGltYWdlc3w2Mzg3MXxpbWFnZS9qcGVnfGFHVTFMMmcwTmk4eE1EVTJPVFF5TkRVMk9ETTFNQzgxTWpkWGVEVXlOMGhmYm5Wc2JBfGVhNGViOTBiNWYzMTE1ZjQ3MWYwMmZkNjE3M2I0NDQxMGM0OGFhODMwYjVhNDMzZWJiYjVlZGUzNjVlZDc3Njc&v=1713306136054",
        "images": [
            "https://www.heinemann-shop.com/medias/527Wx527H-null?context=bWFzdGVyfGltYWdlc3w2Mzg3MXxpbWFnZS9qcGVnfGFHVTFMMmcwTmk4eE1EVTJPVFF5TkRVMk9ETTFNQzgxTWpkWGVEVXlOMGhmYm5Wc2JBfGVhNGViOTBiNWYzMTE1ZjQ3MWYwMmZkNjE3M2I0NDQxMGM0OGFhODMwYjVhNDMzZWJiYjVlZGUzNjVlZDc3Njc&v=1713306136054",
            "https://www.heinemann-shop.com/medias/527Wx527H-null?context=bWFzdGVyfGltYWdlc3w2NDY0NHxpbWFnZS9qcGVnfGFHRm1MMmd6T1M4eE1EVTJPVFF5TkRreU9EYzVPQzgxTWpkWGVEVXlOMGhmYm5Wc2JBfDA5YjhmMzM0ZTk4YmZmOGY0N2E0MGRjNzEwMTJhZTg2ZDBkNjNiYjQ2NTVlM2RhZDAzMmI0NzE3ZTIyMmYyOTY&v=1713306156825",
            "https://www.heinemann-shop.com/medias/527Wx527H-null?context=bWFzdGVyfGltYWdlc3w2NTQ3NHxpbWFnZS9qcGVnfGFESTBMMmd4TlM4eE1EVTJPVFF5TlRFMU9ERTNOQzgxTWpkWGVEVXlOMGhmYm5Wc2JBfDA0ZTNmOGFlMWQwYTRmYjdhZDU4YTA3NTU4OWZhZGY5NjhhZDA0MTgyNTJjY2U1NWUzZjY5YWI0MjEyZDFjMzU&v=1713306164897",
            "https://www.heinemann-shop.com/medias/527Wx527H-null?context=bWFzdGVyfGltYWdlc3w2NTM2OHxpbWFnZS9qcGVnfGFEVmpMMmd4Wmk4eE1EVTJPVFF5TlRRMU16QTROaTgxTWpkWGVEVXlOMGhmYm5Wc2JBfDA2ZmRmMTU4MTVhOWRiYTUwMDY5NzZjY2RiYTY5NmIwYzViMzFiZmFiODMyZmRiNDg5YTk1Y2ExZjhjMTRlMzU&v=1713306172866",
            "https://www.heinemann-shop.com/medias/527Wx527H-null?context=bWFzdGVyfGltYWdlc3w2NTY0OXxpbWFnZS9qcGVnfGFHVmlMMmd5T1M4eE1EVTJPVFF5TlRjNE1EYzJOaTgxTWpkWGVEVXlOMGhmYm5Wc2JBfDI3YjkxMGU5MmUwYTJmYmVkOTZmNWZhYWMwNWQ5NDUwZWFiYzU2ZWVhMWI0MTViNzEwNDUxYWJjMTNhYzExMzY&v=1713306180634",
            "https://www.heinemann-shop.com/medias/527Wx527H-null?context=bWFzdGVyfGltYWdlc3w2NjM2OXxpbWFnZS9qcGVnfGFEQmxMMmczWWk4eE1EVTJPVFF5TmpBeE1ERTBNaTgxTWpkWGVEVXlOMGhmYm5Wc2JBfGFiYWJhM2Q5OTA3Y2Y3OTIwYTEzNGNkYzBiYzI5MTgzOTQyMWJlNThiMjE0NzlhNDA1ODU1ZmVjMWI4MjM5NDE&v=1713306188935"
        ]
    },
    {
        "product_url": "https://www.heinemann-shop.com/en/global/maisto/maisto-special-edition-model-car-1-24-bugatti-chiron-sport/p/000000000001436559/",
        "brand_name": "Maisto",
        "brand_url": "https://www.heinemann-shop.com/en/global/maisto/c/BRAND_3538/",
        "product_name": "Maisto, Special Edition, model car 1:24 bugatti chiron sport",
        "quantity": "\n        ",
        "price": "\u20ac27.90",
        "price_per_quantity": "",
        "stock_availability": "Low stock",
        "description": "The die-cast model of the Bugatti Chiron Sport from Maisto in scale 1:24 offers high-detailed interior and exterior as well as movable doors. The red-black model has a total length of approx. 18,5 cm.",
        "primary_image": "https://www.heinemann-shop.com/medias/527Wx527H-null?context=bWFzdGVyfGltYWdlc3w0MDIzMnxpbWFnZS9qcGVnfGFESmlMMmhqWXk4eE1EVTNNakk0TVRJeE56QTFOQzgxTWpkWGVEVXlOMGhmYm5Wc2JBfDhkOWQ0ZDI2NTQwMDVkMWFlZDViN2NmYTFlNjIyMDU5OGVkMDc4YzkxZjI3ODg2OTAwN2EyZjE0ZmQ5NmJmNDE&v=1713386202744",
        "images": [
            "https://www.heinemann-shop.com/medias/527Wx527H-null?context=bWFzdGVyfGltYWdlc3w0MDIzMnxpbWFnZS9qcGVnfGFESmlMMmhqWXk4eE1EVTNNakk0TVRJeE56QTFOQzgxTWpkWGVEVXlOMGhmYm5Wc2JBfDhkOWQ0ZDI2NTQwMDVkMWFlZDViN2NmYTFlNjIyMDU5OGVkMDc4YzkxZjI3ODg2OTAwN2EyZjE0ZmQ5NmJmNDE&v=1713386202744",
            "https://www.heinemann-shop.com/medias/527Wx527H-null?context=bWFzdGVyfGltYWdlc3w0MzQwMnxpbWFnZS9qcGVnfGFEWTJMMmd4Tmk4eE1EVTNNalF4TnpJd05ESTFOQzgxTWpkWGVEVXlOMGhmYm5Wc2JBfDUxNjYyZTIyZDU0ZDEwZjY0Y2M2YWM4NmZkYzQxYmIyODlkNDVkOGViNjY1MTU4YjM2MGNkYWU4YjNhYWRkNjY&v=1713386369980",
            "https://www.heinemann-shop.com/medias/527Wx527H-null?context=bWFzdGVyfGltYWdlc3w0Mjg2MnxpbWFnZS9qcGVnfGFHVTRMMmd3WlM4eE1EVTNNalF4TnpRMk5qTTVPQzgxTWpkWGVEVXlOMGhmYm5Wc2JBfGM5M2NmNzdjM2NjNTI2YWNmNzQ0YmI4YzE0MGY4MGQzNWEwZDQwOGM3NDA2ZjM2MTM0ODg1ZTlkMzUzZWUwNDQ&v=1713386377444",
            "https://www.heinemann-shop.com/medias/527Wx527H-null?context=bWFzdGVyfGltYWdlc3wzODEyOXxpbWFnZS9qcGVnfGFERmhMMmd3TlM4eE1EVTNNalF4TnpjeU9EVTBNaTgxTWpkWGVEVXlOMGhmYm5Wc2JBfGI2YzcxZmFjNmQwM2Q3MDEwYjUwOGEzY2IwN2Q5ZDkyZTA0N2E0NzE4OTdmN2ViZTdmMzkxOTliNTNjZDgxZGY&v=1713386384942",
            "https://www.heinemann-shop.com/medias/527Wx527H-null?context=bWFzdGVyfGltYWdlc3w0MzQzMnxpbWFnZS9qcGVnfGFEYzNMMmd3TWk4eE1EVTNNalF4TnprNU1EWTROaTgxTWpkWGVEVXlOMGhmYm5Wc2JBfGUzMzc4MDM5MTkwN2Q3MTI0NzY2YTE3OGJmOWQ3Mzk5MjMyNzk4ZGI0NmVmMWYyZTEwMTUzMzBiMjg3MjU5ZmQ&v=1713386392624"
        ]
    },
    {
        "product_url": "https://www.heinemann-shop.com/en/global/hot-wheels/hot-wheels-monster-trucks/p/000000000001686515/",
        "brand_name": "Hot Wheels",
        "brand_url": "https://www.heinemann-shop.com/en/global/hot-wheels/c/BRAND_5969/",
        "product_name": "Hot Wheels, monster trucks",
        "quantity": "",
        "price": "",
        "price_per_quantity": "",
        "stock_availability": "",
        "description": "The Hot Wheels Monster Trucks Big Rigs haul big personalities on six wheels for epic adventures. Each die-cast truck captures the style and personality of a fan-favorite Monster Truck character or creature in 1:64 scale. Add in the six massive wheels, and this rig can also transport an additional Hot Wheels Monster Truck with either a tow hook or on the flatbed! Additional trucks sold separately. Styles, colors and decorations may vary.",
        "primary_image": "https://www.heinemann-shop.com/medias/527Wx527H-null?context=bWFzdGVyfGltYWdlc3w3MTA3NHxpbWFnZS9qcGVnfGFEQXlMMmd5TXk4eE1UWTJNalF3TWpjME9EUTBOaTgxTWpkWGVEVXlOMGhmYm5Wc2JBfDNmZTI4ZjcyYzJjNzczNmJlYjNmZmQzODQ1NGEyMzFjNzI3ZDRkY2NiYjYwMjhmZjQxN2IzNGVjYWM1NDkwNWU&v=1737408860929",
        "images": [
            "https://www.heinemann-shop.com/medias/527Wx527H-null?context=bWFzdGVyfGltYWdlc3w3MTA3NHxpbWFnZS9qcGVnfGFEQXlMMmd5TXk4eE1UWTJNalF3TWpjME9EUTBOaTgxTWpkWGVEVXlOMGhmYm5Wc2JBfDNmZTI4ZjcyYzJjNzczNmJlYjNmZmQzODQ1NGEyMzFjNzI3ZDRkY2NiYjYwMjhmZjQxN2IzNGVjYWM1NDkwNWU&v=1737408860929",
            "https://www.heinemann-shop.com/medias/527Wx527H-null?context=bWFzdGVyfGltYWdlc3w2ODEyOHxpbWFnZS9qcGVnfGFESm1MMmc1TXk4eE1UWTJNalF3TmpBNU1EYzRNaTgxTWpkWGVEVXlOMGhmYm5Wc2JBfDlhOTg1NGQ2YmI2NDcwYTIzMjAzMTcyZjNhZjNkNGM1YmYxNGQ4YzVmNTRlYzQ4Y2RhMzRhZjU1ZGMzMjQ5ZmQ&v=1737408994539",
            "https://www.heinemann-shop.com/medias/527Wx527H-null?context=bWFzdGVyfGltYWdlc3w3NDczNnxpbWFnZS9qcGVnfGFEWXdMMmc0T1M4eE1UWTJNalF3TmpNMU1qa3lOaTgxTWpkWGVEVXlOMGhmYm5Wc2JBfGUwMzA4Nzc1NTcyMjliMmU4OWU0MjU2ZGRlOGJhYmU1NjRkNjhhNmQwYWE0MWU3YzUzYzllNTM2ZThkM2IzZTI&v=1737409005048"
        ]
    },
    {
        "product_url": "https://www.heinemann-shop.com/en/global/hot-wheels/hot-wheels-hot-wheels-monster-trucks-1-64-die-cast-assortment/p/000000000001357712/",
        "brand_name": "Hot Wheels",
        "brand_url": "https://www.heinemann-shop.com/en/global/hot-wheels/c/BRAND_5969/",
        "product_name": "Hot Wheels, hot wheels monster trucks 1:64 die-cast assortment",
        "quantity": "\n        ",
        "price": "\u20ac7.90",
        "price_per_quantity": "",
        "stock_availability": "Low stock",
        "description": "\u200bThe Hot Wheels\u00ae Monster Trucks 1:64 scale die-cast trucks are the baddest trucks ever built for competition and ultimate dominance! They square off in head-to-head battles with their GIANT wheels! Every truck includes a collectible wheel and the package provides stats for each including name, truck type, strength, unique crash attack and motor-vation for great storytelling fun! Each sold separately, subject to availability. Colors and decorations may vary.",
        "primary_image": "https://www.heinemann-shop.com/medias/527Wx527H-null?context=bWFzdGVyfGltYWdlc3wxMTQzNzF8aW1hZ2UvanBlZ3xhRE01TDJoallpODVPREEwTURjNU56a3lNVFU0THpVeU4xZDROVEkzU0Y5dWRXeHN8NzQ0MGE3OTRkZGVjOTUwMThiOTdmYTY1YmU3Y2IyM2MzNjhhYzQ5ZjQyNzllYTVmMzhjMTllMmNhY2YwYjIyMA&v=1692046210276",
        "images": [
            "https://www.heinemann-shop.com/medias/527Wx527H-null?context=bWFzdGVyfGltYWdlc3wxMTQzNzF8aW1hZ2UvanBlZ3xhRE01TDJoallpODVPREEwTURjNU56a3lNVFU0THpVeU4xZDROVEkzU0Y5dWRXeHN8NzQ0MGE3OTRkZGVjOTUwMThiOTdmYTY1YmU3Y2IyM2MzNjhhYzQ5ZjQyNzllYTVmMzhjMTllMmNhY2YwYjIyMA&v=1692046210276",
            "https://www.heinemann-shop.com/medias/527Wx527H-null?context=bWFzdGVyfGltYWdlc3wxMDU5MTd8aW1hZ2UvanBlZ3xhR0ZsTDJnek15ODVPREEwTURnd01ESXhOVE0wTHpVeU4xZDROVEkzU0Y5dWRXeHN8NjkwYzA0ZDFhMjAzZDZmYTcwYmI5NDQzNWQ1YTUyODYzYTg0YTljZDRhODE5ZTVjNGU1MTZhM2QxNTg4MWRmYg&v=1692046224064",
            "https://www.heinemann-shop.com/medias/527Wx527H-null?context=bWFzdGVyfGltYWdlc3wxMDE0OTZ8aW1hZ2UvanBlZ3xhR1ExTDJnellTODVPREEwTURnd01qVXdPVEV3THpVeU4xZDROVEkzU0Y5dWRXeHN8YWJkNGE3MTllYjYzYWFjYTFmODExZmY5ZDc2NDY3YzVlNmE3ZGNhY2YzYTg2YjI0ZjAzYTZlZTM4OWQ0ZjJhOA&v=1692046233216",
            "https://www.heinemann-shop.com/medias/527Wx527H-null?context=bWFzdGVyfGltYWdlc3wxMDI4Mjh8aW1hZ2UvanBlZ3xhR1prTDJnME1TODVPREEwTURnd05EZ3dNamcyTHpVeU4xZDROVEkzU0Y5dWRXeHN8MDdhZDczYmFjMDIxMTEwZmMzMWViOGYyZjIzODNhMzk2YWY5Mjc3MGE3NzI3YTZlNTIzNGVlNGNhYzY3NDA1OA&v=1692046242386",
            "https://www.heinemann-shop.com/medias/527Wx527H-null?context=bWFzdGVyfGltYWdlc3w0NzU1M3xpbWFnZS9qcGVnfGFEWXhMMmcwWWk4NU9EQTBNRGd3TnpBNU5qWXlMelV5TjFkNE5USTNTRjl1ZFd4c3xhZTNmODdiODdiOGRjZWQ0Yzc2Njk1NWNlOTE2NWZhZTQxMDc0MmQ3OTg0MTI2NjJlOTE3NjI4YjAwMDdhMmM4&v=1692046251380"
        ]
    },
    {
        "product_url": "https://www.heinemann-shop.com/en/global/matchbox/matchbox-matchboxtm-superfasttm-50th-anniversary-assortment/p/000000000001440510/",
        "brand_name": "Matchbox",
        "brand_url": "https://www.heinemann-shop.com/en/global/matchbox/c/BRAND_1061/",
        "product_name": "Matchbox, matchbox\u2122 superfast\u2122 50th anniversary assortment",
        "quantity": "",
        "price": "",
        "price_per_quantity": "",
        "stock_availability": "",
        "description": "\u200b2019 celebrates the 50th Anniversary of Superfast\u2122 with a premium collector assortment for the full year! There are six vehicles with exceptional true-to-life decos, innovative moving part feature, 2-piece special rubber-like rolling wheels and their own Superfast\u2122 50th anniversary collector boxes. Great gift for new collectors who love small car play or for aficionados!\u00a0\u200b",
        "primary_image": "https://www.heinemann-shop.com/medias/527Wx527H-null?context=bWFzdGVyfGltYWdlc3w5MDc2M3xpbWFnZS9qcGVnfGFHVXdMMmhpWXk4NU9EQTBNRGd4T1RnM05qRTBMelV5TjFkNE5USTNTRjl1ZFd4c3w5YzRhYmQ3NWUzMThlOWQ4YjFlNWFmYTkzZTQ5MGU5M2VmYjI5MDdhNmEyZjM3Y2JlM2FmY2RhYTM5MmMyZjg0&v=1692046810182",
        "images": [
            "https://www.heinemann-shop.com/medias/527Wx527H-null?context=bWFzdGVyfGltYWdlc3w5MDc2M3xpbWFnZS9qcGVnfGFHVXdMMmhpWXk4NU9EQTBNRGd4T1RnM05qRTBMelV5TjFkNE5USTNTRjl1ZFd4c3w5YzRhYmQ3NWUzMThlOWQ4YjFlNWFmYTkzZTQ5MGU5M2VmYjI5MDdhNmEyZjM3Y2JlM2FmY2RhYTM5MmMyZjg0&v=1692046810182",
            "https://www.heinemann-shop.com/medias/527Wx527H-null?context=bWFzdGVyfGltYWdlc3wzODQ5NXxpbWFnZS9qcGVnfGFHUmtMMmhrWXk4NU9EQTBNRGd5T0RjeU16VXdMelV5TjFkNE5USTNTRjl1ZFd4c3wxYWJmNDc0YmY0MjhmNzhjYzQzZTZkNzk5Nzk4ZGRhODg5M2FmYzU0ZGEyZmU4OTRmN2RhMWM2ODRiNmY4ZmY4&v=1692046845584"
        ]
    },
    {
        "product_url": "https://www.heinemann-shop.com/en/global/maisto/maisto-cars/p/000000000001033927/",
        "brand_name": "Maisto",
        "brand_url": "https://www.heinemann-shop.com/en/global/maisto/c/BRAND_3538/",
        "product_name": "Maisto, cars",
        "quantity": "",
        "price": "",
        "price_per_quantity": "",
        "stock_availability": "",
        "description": "Highly detailed replica of the original model, scale 1:24. Opening doors, hood and trunk depending on model.",
        "primary_image": "https://www.heinemann-shop.com/medias/527Wx527H-null?context=bWFzdGVyfGltYWdlc3wzMjc4NHxpbWFnZS9qcGVnfGFEWmpMMmcwTmk4eE1EVTBOVEV4TmpNME9EUTBOaTgxTWpkWGVEVXlOMGhmYm5Wc2JBfDFkZDkyYTcwNGEwYWRmNDY2M2Y1M2YyNmE4ZTc5YmI3ODFmYWRhYjQ2OGZhNzBlNGM2NTFlNWUxMGY5MDk0NTg&v=1712694835976",
        "images": [
            "https://www.heinemann-shop.com/medias/527Wx527H-null?context=bWFzdGVyfGltYWdlc3wzMjc4NHxpbWFnZS9qcGVnfGFEWmpMMmcwTmk4eE1EVTBOVEV4TmpNME9EUTBOaTgxTWpkWGVEVXlOMGhmYm5Wc2JBfDFkZDkyYTcwNGEwYWRmNDY2M2Y1M2YyNmE4ZTc5YmI3ODFmYWRhYjQ2OGZhNzBlNGM2NTFlNWUxMGY5MDk0NTg&v=1712694835976",
            "https://www.heinemann-shop.com/medias/527Wx527H-null?context=bWFzdGVyfGltYWdlc3wzNjI2NXxpbWFnZS9qcGVnfGFEWmpMMmd6Tnk4eE1EVTBOVFE0TXpVeE16ZzROaTgxTWpkWGVEVXlOMGhmYm5Wc2JBfDVhNWRmMGU1Y2Y3MTY1NmJlNTQ2ZGQzMTVjYWYzYWNhMDI1YjNjMGQ1NGMwOGFmMTBhN2U5OTM3ZTdjYzg2MjA&v=1712695063473",
            "https://www.heinemann-shop.com/medias/527Wx527H-null?context=bWFzdGVyfGltYWdlc3wzNjEwNHxpbWFnZS9qcGVnfGFEazBMMmd6WlM4eE1EVTBOVFE0TXpjME16STJNaTgxTWpkWGVEVXlOMGhmYm5Wc2JBfDZjZDYwMDEyZGNkM2EzMDY5NDk0MTM0YWExZmFkYjJjMzMxNDg2M2I3YmVkZTZkYWMxZjllMzgwZGRlNTc2Nzk&v=1712695071058",
            "https://www.heinemann-shop.com/medias/527Wx527H-null?context=bWFzdGVyfGltYWdlc3w0MTIxMXxpbWFnZS9qcGVnfGFHSmlMMmcwTlM4eE1EVTBOVFE0TXprM01qWXpPQzgxTWpkWGVEVXlOMGhmYm5Wc2JBfDMxNDMzODIxNmU0Mjk2NmQxNzQzOGNiMzAwMGNhMjFjMGNkZjNmYWYzZDI0YTliZDZkMDRlYmRkMzdhYTYyNDM&v=1712695078506",
            "https://www.heinemann-shop.com/medias/527Wx527H-null?context=bWFzdGVyfGltYWdlc3wzODUxN3xpbWFnZS9qcGVnfGFHUmxMMmc1Tmk4eE1EVTBOVFE0TkRJd01qQXhOQzgxTWpkWGVEVXlOMGhmYm5Wc2JBfDU0NzUwOGRiMGNmNDA0OTk1ZmQwYTkzMjgzMTBlZTVlYTE5MzM0NDg5MWYyNDAzZTgwY2UzYzczZWRjNTM5YmI&v=1712695086003",
            "https://www.heinemann-shop.com/medias/527Wx527H-null?context=bWFzdGVyfGltYWdlc3wzOTMwOXxpbWFnZS9qcGVnfGFEQTFMMmc1WlM4eE1EVTBOVFE0TkRRek1UTTVNQzgxTWpkWGVEVXlOMGhmYm5Wc2JBfGQwYTVkNzFlMDM0Yjk3MGQ2MmQ3ZDJkMDVhNzU2ZjJiNjk3NGQ0M2IwZmEyNzM5MmFkMDBlNTE0OWZhMjNiNjM&v=1712695093488",
            "https://www.heinemann-shop.com/medias/527Wx527H-null?context=bWFzdGVyfGltYWdlc3wyOTA0M3xpbWFnZS9qcGVnfGFESmlMMmhoT0M4eE1EVTBOVFE0TkRjeU5qTXdNaTgxTWpkWGVEVXlOMGhmYm5Wc2JBfGI4ODYwN2ZhOWU3NzM0MDJmNDhmMjlkMmQ2NjVkNTVmOThmZThmZWI3MWMyYmI0M2NhYWI4NGU2N2MyZjE1MGM&v=1712695100939"
        ]
    },
    {
        "product_url": "https://www.heinemann-shop.com/en/global/maisto/maisto-ferrari-race-modelle-6/p/000000000001486822/",
        "brand_name": "Maisto",
        "brand_url": "https://www.heinemann-shop.com/en/global/maisto/c/BRAND_3538/",
        "product_name": "Maisto, Ferrari Race Modelle 6",
        "quantity": "",
        "price": "",
        "price_per_quantity": "",
        "stock_availability": "",
        "description": "What do have the Ferrari car models ENZO, 488,  458 Spider, Aperta, 488 Pista und SF90 Stradale have in common? Correct they are all part of the new Race&Play Edition of Bburago, in 1:24 scale, with great attention to detail and true to the original design. The authentic die-cast metal models are suitable as a toy for children aged 3 years and over. Sorted 6.",
        "primary_image": "https://www.heinemann-shop.com/medias/527Wx527H-null?context=bWFzdGVyfGltYWdlc3wzMjM3MXxpbWFnZS9qcGVnfGFEWXpMMmcwTmk4eE1EVTNNalF5TVRRNU5qZzJNaTgxTWpkWGVEVXlOMGhmYm5Wc2JBfDQyNzY5NzE0N2IzMmY2NmVlYTU2NmI4YTY0MDkxYjMwOWRmMWQ0ZjQ0ZTBlMGRlODgxYTI4NWI2ZjBiOWUzNTQ&v=1713386706828",
        "images": [
            "https://www.heinemann-shop.com/medias/527Wx527H-null?context=bWFzdGVyfGltYWdlc3wzMjM3MXxpbWFnZS9qcGVnfGFEWXpMMmcwTmk4eE1EVTNNalF5TVRRNU5qZzJNaTgxTWpkWGVEVXlOMGhmYm5Wc2JBfDQyNzY5NzE0N2IzMmY2NmVlYTU2NmI4YTY0MDkxYjMwOWRmMWQ0ZjQ0ZTBlMGRlODgxYTI4NWI2ZjBiOWUzNTQ&v=1713386706828",
            "https://www.heinemann-shop.com/medias/527Wx527H-null?context=bWFzdGVyfGltYWdlc3wzODk2MXxpbWFnZS9qcGVnfGFEQXlMMmcxTnk4eE1EVTNNalF5TVRrMU5UWXhOQzgxTWpkWGVEVXlOMGhmYm5Wc2JBfGYwYzRiODI2NWM3Y2E3YWZlMTcwNTdjMzExNzU1MmU5M2E0MzdiZjFhNzUyYWNmMjViZGQ5ZjYwNGVjY2VkYTE&v=1713386730858",
            "https://www.heinemann-shop.com/medias/527Wx527H-null?context=bWFzdGVyfGltYWdlc3wzOTUwNHxpbWFnZS9qcGVnfGFHUTFMMmhoTlM4eE1EVTNNalF5TWpFNE5EazVNQzgxTWpkWGVEVXlOMGhmYm5Wc2JBfGJmOWM2MGQxMjEzMmMxNjIyNjc1NmEzMjNjNjk3ODgwNWMwNzI4OTE0NWJhMjI0YTk3Y2JmMTc5ODE4MTUwYmY&v=1713386738343",
            "https://www.heinemann-shop.com/medias/527Wx527H-null?context=bWFzdGVyfGltYWdlc3wzOTU4N3xpbWFnZS9qcGVnfGFHRXpMMmhoWmk4eE1EVTNNalF5TWpRME56RXpOQzgxTWpkWGVEVXlOMGhmYm5Wc2JBfGRlYzhmNDQ3YWM2NjA2YjVkYzY3N2UwN2MyMGI3NzE1YTFlYWFmZjVhNzI3YjU5Zjg4MGZkZDhjOWUzOTQ5ZWQ&v=1713386745684",
            "https://www.heinemann-shop.com/medias/527Wx527H-null?context=bWFzdGVyfGltYWdlc3w0MjkxOXxpbWFnZS9qcGVnfGFHTmlMMmhpTmk4eE1EVTNNalF5TWpZM05qVXhNQzgxTWpkWGVEVXlOMGhmYm5Wc2JBfDhlNDJjMzM0YTY5MTQ3ZGRmY2M5NjhiYjJlYzhkNjFhMzBmOGJiNjhlZDI4MGRkZWFhOThlZDA3ZWVmYmEyOWE&v=1713386753284",
            "https://www.heinemann-shop.com/medias/527Wx527H-null?context=bWFzdGVyfGltYWdlc3wzOTQyMnxpbWFnZS9qcGVnfGFEUXlMMmhqTUM4eE1EVTNNalF5TWprd05UZzROaTgxTWpkWGVEVXlOMGhmYm5Wc2JBfDQyMDZkOTUwMDI0ZGQwMDg4NzU5YzM1NzQ2ZDgyMmY2OGQwZTM5YzlhM2IwODcxOTQ3Y2NhNzUwZjRmODFjYjY&v=1713386760664",
            "https://www.heinemann-shop.com/medias/1486822-6-527Wx527H?context=bWFzdGVyfGltYWdlc3wzOTUxN3xpbWFnZS9qcGVnfGFHWm1MMmhrTnk4NU56QXdORGN5TURJNU1qRTBMekUwT0RZNE1qSmZObDgxTWpkWGVEVXlOMGd8MDQxZGY1NWI3Y2VlNzA0ZDI1YTU5NzExMWNiODY2Y2RlMGNjOTlhZmI4NmE3Zjc3OTJmMmM3MTc4YmIwZGU4Yg&v=1660594466197"
        ]
    },
    {
        "product_url": "https://www.heinemann-shop.com/en/global/maisto/maisto-4-x-4-rebels-11-5-cm-sort/p/000000000001290640/",
        "brand_name": "Maisto",
        "brand_url": "https://www.heinemann-shop.com/en/global/maisto/c/BRAND_3538/",
        "product_name": "Maisto, 4 x 4 Rebels 11,5 cm sort.",
        "quantity": "\n        ",
        "price": "\u20ac9.90",
        "price_per_quantity": "",
        "stock_availability": "Low stock",
        "description": "4x4 Rebels, 7,5cm, die-cast metal body with plastic parts. Different designs.",
        "primary_image": "https://www.heinemann-shop.com/medias/527Wx527H-null?context=bWFzdGVyfGltYWdlc3w1NTczM3xpbWFnZS9qcGVnfGFESTVMMmc1WkM4eE1EVTJPRFV5T0RRNU5EWXlNaTgxTWpkWGVEVXlOMGhmYm5Wc2JBfDI3NjY1MWQ0ZTVkYjJlZWYxNTlkNGIxYjdiYTYxNDJkYjA2MGVlODQwYzJjZGYwYWEwNzZlOTBlZmU5YjAzMzI&v=1713299722832",
        "images": [
            "https://www.heinemann-shop.com/medias/527Wx527H-null?context=bWFzdGVyfGltYWdlc3w1NTczM3xpbWFnZS9qcGVnfGFESTVMMmc1WkM4eE1EVTJPRFV5T0RRNU5EWXlNaTgxTWpkWGVEVXlOMGhmYm5Wc2JBfDI3NjY1MWQ0ZTVkYjJlZWYxNTlkNGIxYjdiYTYxNDJkYjA2MGVlODQwYzJjZGYwYWEwNzZlOTBlZmU5YjAzMzI&v=1713299722832",
            "https://www.heinemann-shop.com/medias/1290640-1-527Wx527H?context=bWFzdGVyfGltYWdlc3w0OTA1OHxpbWFnZS9qcGVnfGFHSTVMMmc0T0M4NU56QXhOVGMxTURrNE16azRMekV5T1RBMk5EQmZNVjgxTWpkWGVEVXlOMGd8MTUyMzNlZDE1OTRkOWM1OTYxODg1YTMyZmQ5MjhiMmViMjI3MmI0ZDllNDkzYzAwMDRhOGJhOTVkZWZiMTBkOQ&v=1660940166320",
            "https://www.heinemann-shop.com/medias/527Wx527H-null?context=bWFzdGVyfGltYWdlc3w2MTk3N3xpbWFnZS9qcGVnfGFEZzFMMmhtTmk4eE1EVTJPRFV5T1RVeE1EUXpNQzgxTWpkWGVEVXlOMGhmYm5Wc2JBfGE5N2M3M2Y3MmFmMjVkZTgyMTBmZjhmYzFhZGI3ZDY2ZGRhN2MxN2MwNDVlNWRjNWRkZjRjZDJhOTc1MDk1YWM&v=1713299784972",
            "https://www.heinemann-shop.com/medias/527Wx527H-null?context=bWFzdGVyfGltYWdlc3w1MjgzN3xpbWFnZS9qcGVnfGFEY3hMMmhsWmk4eE1EVTJPRFV5T1Rjek9UZ3dOaTgxTWpkWGVEVXlOMGhmYm5Wc2JBfGI4ZTkxYzBkNDA5NmZhZjA5MGNjYjM4Y2NjODJjNmY2MTc1YWU2Zjc2ZGJkYWRjM2YwNTVlMzI0OWY0NDUyMDk&v=1713299793229",
            "https://www.heinemann-shop.com/medias/527Wx527H-null?context=bWFzdGVyfGltYWdlc3w0OTA1OHxpbWFnZS9qcGVnfGFEUTVMMmhsT0M4eE1EVTJPRFV5T1RrMk9URTRNaTgxTWpkWGVEVXlOMGhmYm5Wc2JBfDZiNGE4NDk2NDM5ZWJhNTkxYTM5NzRmZmU1NjE3Y2NiM2E4MDMxOGRjMTkyNmE3MGJiNTA1Y2QzMDU1Njg5ZDQ&v=1713299801261",
            "https://www.heinemann-shop.com/medias/527Wx527H-null?context=bWFzdGVyfGltYWdlc3w1Mzc0MHxpbWFnZS9qcGVnfGFEUmxMMmd4TkM4eE1EVTJPRFV6TURFNU9EVTFPQzgxTWpkWGVEVXlOMGhmYm5Wc2JBfDk4NzVkY2RmZDIzMjRhOTA2YzIyY2Y3NWNjM2QxZGM5YzgzZTUzMTJmMmM5ZTJhYWEwOGJlMWYzMjg5ZGU1YWY&v=1713299809205",
            "https://www.heinemann-shop.com/medias/1290640-6-527Wx527H?context=bWFzdGVyfGltYWdlc3w1NDM3OXxpbWFnZS9qcGVnfGFHWTRMMmd3WXk4NU56QXdORGMwTlRVeU16VXdMekV5T1RBMk5EQmZObDgxTWpkWGVEVXlOMGd8ZDYwNGIwYjBkYzEyZmM4NTU4NGE5MzAwOWMyYTEwYWZiMjhjMmRiNDEwNzhmOWM4OTQ4MDljODg1N2QyY2FlYw&v=1660594511407"
        ]
    },
    {
        "product_url": "https://www.heinemann-shop.com/en/global/maisto/maisto-tech-mercedes-g-klasse/p/000000000001602404/",
        "brand_name": "Maisto",
        "brand_url": "https://www.heinemann-shop.com/en/global/maisto/c/BRAND_3538/",
        "product_name": "Maisto Tech, mercedes g-klasse",
        "quantity": "",
        "price": "\u20ac29.90",
        "price_per_quantity": "",
        "stock_availability": "",
        "description": "The 11 cm high Power Racer Mercedes G-Class from Maisto Tech R/C guarantees driving fun for young and old. The car has working headlights, a frequency of 2.4 GHz, a range of about 10 m and an integrated battery that can be charged via the included USB cable. The car can be operated using Bluetooth and the Maisto cell phone app. It can be controlled both by pressing buttons in the app and by moving the smartphone. With its approx. 6 km/h, the Mercedes is already suitable for children from the age of 6.",
        "primary_image": "https://www.heinemann-shop.com/medias/527Wx527H-null?context=bWFzdGVyfGltYWdlc3w2MTAxMXxpbWFnZS9qcGVnfGFHUmhMMmhpT1M4eE1UTXdOelF3T0RjMU1qWTNNQzgxTWpkWGVEVXlOMGhmYm5Wc2JBfDBkMWY0ZjI1NWY4YmUzZDY0MDFhOGE2Njg3MjhhMTU2NGJhNDAzOGRiNzc0MmVmNjE2MjI1NGI0MzUzZDMxMjA&v=1729717865726",
        "images": [
            "https://www.heinemann-shop.com/medias/527Wx527H-null?context=bWFzdGVyfGltYWdlc3w2MTAxMXxpbWFnZS9qcGVnfGFHUmhMMmhpT1M4eE1UTXdOelF3T0RjMU1qWTNNQzgxTWpkWGVEVXlOMGhmYm5Wc2JBfDBkMWY0ZjI1NWY4YmUzZDY0MDFhOGE2Njg3MjhhMTU2NGJhNDAzOGRiNzc0MmVmNjE2MjI1NGI0MzUzZDMxMjA&v=1729717865726",
            "https://www.heinemann-shop.com/medias/527Wx527H-null?context=bWFzdGVyfGltYWdlc3w0MTg2NXxpbWFnZS9qcGVnfGFERmlMMmhtT0M4eE1UTXdOelF5TURZNE1ESXlNaTgxTWpkWGVEVXlOMGhmYm5Wc2JBfDI3YTUyZjQ2YzE1ZGNiODlkZGJjODc5YTJiMGFmNzlhNGU3NzdkOTdkZWEyMzY3OGNhYThmMzA4OWQyNjFjYWI&v=1729718722168"
        ]
    },
    {
        "product_url": "https://www.heinemann.com.au/en/sydt1/taittinger/taittinger-comtes-de-champagne-blanc-de-blancs-champagne-aoc-grand-cru-brut-white-gift-box-0-75l/p/000000000000076771/",
        "brand_name": "Taittinger",
        "brand_url": "https://www.heinemann.com.au/en/sydt1/taittinger/c/BRAND_0693/",
        "product_name": "Taittinger, Comtes de Champagne, Blanc de Blancs, Champagne, AOC, Grand Cru, brut, white (gift box) 0.75L",
        "quantity": "0.75\u00a0l",
        "price": "$335.00",
        "price_per_quantity": "($446.67 / 1 l)",
        "stock_availability": "",
        "description": "Produced in the cellars of the former Saint Nicaise Abbey (13th century) in Reims, Comtes de Champagne Blanc de Blancs receives all the lavish care and attention it deserves. Every bottle strictly adheres to all of the following criteria which make it such a rare luxury and the connoisseur's choice:",
        "primary_image": "https://www.heinemann.com.au/medias/527Wx527H-null?context=bWFzdGVyfGltYWdlc3w0OTc2NHxpbWFnZS9qcGVnfGFESTJMMmhsTmk4eE1UYzRNalV4T1RZNE5URTFNQzgxTWpkWGVEVXlOMGhmYm5Wc2JBfGE3N2Y2ZGRiM2RmZTJkZjA3NDJiZmY1ZTZhODkzYTc3MWJhMmY4YWFjM2Q1Y2U3Njk1MmJjNDQ4OGU5N2UwMGM&v=1739828519500",
        "images": []
    },
    {
        "product_url": "https://www.heinemann-shop.com/en/global/maisto/maisto-tech-r-c-off-road-go-21cm/p/000000000001513649/",
        "brand_name": "Maisto",
        "brand_url": "https://www.heinemann-shop.com/en/global/maisto/c/BRAND_3538/",
        "product_name": "Maisto Tech R/C, Off Road Go 21cm",
        "quantity": "\n        ",
        "price": "\u20ac37.90",
        "price_per_quantity": "",
        "stock_availability": "Low stock",
        "description": "The remote-controlled monster truck \"Off-Road Go\" from Maisto Tech R/C ensures enormous fun for big and small off-road fans. With a top speed of approx. 3.6 km/h , the remote-controlled truck can also be effortlessly controlled by young off-road fans aged 5 and over. The vehicle has a control range of 10 m, a 2.4 GHz frequency and an easy-to-use gamer controller. Batteries included. (4x AA for the vehicle and 2x AAA for the remote control).",
        "primary_image": "https://www.heinemann-shop.com/medias/1513649-527Wx527H?context=bWFzdGVyfGltYWdlc3w2MDY0OXxpbWFnZS9qcGVnfGFHRXpMMmd3TWk4NU56QXdORGd5TXpnek9UQXlMekUxTVRNMk5EbGZOVEkzVjNnMU1qZEl8YTBiN2ZlNDQwZGFiYTkzODU2NWY0MWYxNTNjZmQxNDYwNDZlMWU5MjRkMTk0NWFiNTIwODU4MWYwZGY1YmY5NA&v=1660594665997",
        "images": []
    },
    {
        "product_url": "https://www.heinemann.com.au/en/sydt1/ayala/ayala-brut-nature-champagne-aoc-brut-nature-white-gift-box-0-75l/p/000000000001513496/",
        "brand_name": "Ayala",
        "brand_url": "https://www.heinemann.com.au/en/sydt1/ayala/c/BRAND_5332/",
        "product_name": "Ayala, Brut Nature, Champagne, AOC, brut nature, white (gift box) 0.75L",
        "quantity": "0.75\u00a0l",
        "price": "$97.00",
        "price_per_quantity": "($129.33 / 1 l)",
        "stock_availability": "",
        "description": "Without any dosage at the disgorgement, Brut Nature delicately enhances the raw material. A wine of a remarkable purity and precision, that embodies the authentic and singular craftsmanship of the House.",
        "primary_image": "https://www.heinemann.com.au/medias/527Wx527H-null?context=bWFzdGVyfGltYWdlc3w1MDAxMXxpbWFnZS9qcGVnfGFETmhMMmcxWVM4eE1EVTVNRGN4T0RVMU9ESXpPQzgxTWpkWGVEVXlOMGhmYm5Wc2JBfGZmYmJiMmFkNWVjNTNjZWMwMWE0YmRlNzU2Y2MzOGVmNDA0MzMxNzU0YWE5NGZkMzM3YWM2NzUzYjQ1NjA0ZGI&v=1713875457825",
        "images": [
            "https://www.heinemann.com.au/medias/527Wx527H-null?context=bWFzdGVyfGltYWdlc3w1MDAxMXxpbWFnZS9qcGVnfGFETmhMMmcxWVM4eE1EVTVNRGN4T0RVMU9ESXpPQzgxTWpkWGVEVXlOMGhmYm5Wc2JBfGZmYmJiMmFkNWVjNTNjZWMwMWE0YmRlNzU2Y2MzOGVmNDA0MzMxNzU0YWE5NGZkMzM3YWM2NzUzYjQ1NjA0ZGI&v=1713875457825",
            "https://www.heinemann.com.au/medias/527Wx527H-null?context=bWFzdGVyfGltYWdlc3wyODI1OHxpbWFnZS9qcGVnfGFESTBMMmd5WWk4eE1EVTVNRGN5TURNMk1EUTNPQzgxTWpkWGVEVXlOMGhmYm5Wc2JBfGU4MzkxNWZlOTQyZjFlZGQzYWIzMDcxOGRmYzYzMzRiNDU2NDQ1ZmY3ZTY2ZTA3ZmEwMmRkYzQ4ODY5YjBkN2U&v=1713875522880"
        ]
    },
    {
        "product_url": "https://www.heinemann.com.au/en/sydt1/piper-heidsieck/piper-heidsieck-cuvee-brut-champagne-aoc-brut-white-2x0-75l-twinpack/p/000000000001249017/",
        "brand_name": "Piper-Heidsieck",
        "brand_url": "https://www.heinemann.com.au/en/sydt1/piper-heidsieck/c/BRAND_0202/",
        "product_name": "Piper-Heidsieck, Cuv\u00e9e Brut, Champagne, AOC, brut, white 2x0.75L Twinpack",
        "quantity": "1.5\u00a0l",
        "price": "$132.00",
        "price_per_quantity": "($88.00 / 1 l)",
        "stock_availability": "",
        "description": "The Piper-Heidsieck Cuv\u00e9e Brut duopack is an exclusive offer for travel retail. It contains two bottles of Cuv\u00e9e Brut, the signature cuv\u00e9e of the Maison. The design, really eye catching, showcases the new advertising campaign and relays the Piper-Heidsieck Dash of Seduction. It is the perfect tool for activation moment in order to drive consumers' attention.",
        "primary_image": "https://www.heinemann.com.au/medias/527Wx527H-null?context=bWFzdGVyfGltYWdlc3w0ODE2NHxpbWFnZS9qcGVnfGFEUTFMMmczWlM4NU56UTJNVFl6T1RJMU1ESXlMelV5TjFkNE5USTNTRjl1ZFd4c3xkNjJjNzU5YmY5OTgyM2EyNTFiNDc1MDY4NDYwNzA0NjU0OTM5ZWQxMjk1NzgwMDM0OTUzMjA1Nzk5MWI4ZWFi&v=1678830792315",
        "images": [
            "https://www.heinemann.com.au/medias/527Wx527H-null?context=bWFzdGVyfGltYWdlc3w0ODE2NHxpbWFnZS9qcGVnfGFEUTFMMmczWlM4NU56UTJNVFl6T1RJMU1ESXlMelV5TjFkNE5USTNTRjl1ZFd4c3xkNjJjNzU5YmY5OTgyM2EyNTFiNDc1MDY4NDYwNzA0NjU0OTM5ZWQxMjk1NzgwMDM0OTUzMjA1Nzk5MWI4ZWFi&v=1678830792315",
            "https://www.heinemann.com.au/medias/527Wx527H-null?context=bWFzdGVyfGltYWdlc3w0MjE4NnxpbWFnZS9qcGVnfGFHVmpMMmcwWlM4NU56UTJNVFkxTnpZd01ETXdMelV5TjFkNE5USTNTRjl1ZFd4c3xjZWFlNmFkNjc2YzcwNTA4ZjQ5MDU3MmU2ZTRlMWQ1NzhjNGQ0NTUzYmJmZGMzMjgxNTA4NjcwOTE4ZDU0MGQy&v=1678830833808",
            "https://www.heinemann.com.au/medias/1249017-2-527Wx527H?context=bWFzdGVyfGltYWdlc3wxMTYwMjN8aW1hZ2UvanBlZ3xhVzFoWjJWekwyZzVZUzlvWXpRdk9UTTBNVGN5TXpNeE1qRTFPQzVxY0djfGQxNWRiMmVlN2Y3MTNkMmZmYTE5MzhiODhiMzEzYmQ0NjYyMTFlODE1NzliMDA5NDRjZDAwMjQ0NDFlZTAxMjE&v=1576804048976"
        ]
    },
    {
        "product_url": "https://www.heinemann-shop.com/en/global/maisto/maisto-toy-cars-hippie-line/p/000000000000270572/",
        "brand_name": "Maisto",
        "brand_url": "https://www.heinemann-shop.com/en/global/maisto/c/BRAND_3538/",
        "product_name": "Maisto Toy Cars Hippie Line",
        "quantity": "\n        ",
        "price": "\u20ac12.90",
        "price_per_quantity": "",
        "stock_availability": "Low stock",
        "description": "Toy car Hippie Line, pull-back powered, approx. 11 cm long; Flower-Power-Design; type Citroen 2CV with surfboards in yellow; type VW-Bus Samba in red, Windowbox, Material: Die-Cast with plastic parts",
        "primary_image": "https://www.heinemann-shop.com/medias/527Wx527H-null?context=bWFzdGVyfGltYWdlc3w2NTYyM3xpbWFnZS9qcGVnfGFHUTJMMmcyTkM4eE1EVTNNalF5T1RZMU5qQTVOQzgxTWpkWGVEVXlOMGhmYm5Wc2JBfGU5ZjcyNTJjYzUwM2U4YTY5MTc2MzRlOGU2Nzc2NjhmZDY5MzViODY1MzNmMDQxNTFjYWE0ZjFiNGI1YWFlNTQ&v=1713387667255",
        "images": [
            "https://www.heinemann-shop.com/medias/527Wx527H-null?context=bWFzdGVyfGltYWdlc3w2NTYyM3xpbWFnZS9qcGVnfGFHUTJMMmcyTkM4eE1EVTNNalF5T1RZMU5qQTVOQzgxTWpkWGVEVXlOMGhmYm5Wc2JBfGU5ZjcyNTJjYzUwM2U4YTY5MTc2MzRlOGU2Nzc2NjhmZDY5MzViODY1MzNmMDQxNTFjYWE0ZjFiNGI1YWFlNTQ&v=1713387667255",
            "https://www.heinemann-shop.com/medias/527Wx527H-null?context=bWFzdGVyfGltYWdlc3w5NzEyNnxpbWFnZS9qcGVnfGFERXdMMmd3T1M4eE1EVTNNalF6TXpnMU1ETTVPQzgxTWpkWGVEVXlOMGhmYm5Wc2JBfDJjYTFjM2JhMzU3MTgzMjBhODlkYjE0NWIyYjk0MjhmNTdmNzIzYmU4MjdjOTc3MGUyMjJmM2RjODE2YjQwODU&v=1713387790978",
            "https://www.heinemann-shop.com/medias/527Wx527H-null?context=bWFzdGVyfGltYWdlc3w1NjgyNnxpbWFnZS9qcGVnfGFEWTVMMmcwT0M4eE1EVTNNalF6TkRFeE1qVTBNaTgxTWpkWGVEVXlOMGhmYm5Wc2JBfDM4ZGVkNGQ5MDFjZDc5NjY3MmRlZTU1ZDliYjcxYWQ2NWVkYTM4MzhkNWE0OWViN2I0NDdhZTJmZTJiZGRiMmY&v=1713387798405",
            "https://www.heinemann-shop.com/medias/527Wx527H-null?context=bWFzdGVyfGltYWdlc3w2MDQ5MXxpbWFnZS9qcGVnfGFEa3dMMmcwWmk4eE1EVTNNalF6TkRNME1Ua3hPQzgxTWpkWGVEVXlOMGhmYm5Wc2JBfDAyOWQ3NDZiZDUxNTgzODZjZTdjNDAwMGVmYWY4OTI5YmZiZDBmZTVmZjg1NDE2N2FhMmU0NzkzYWViOGYxZjk&v=1713387805966"
        ]
    },
    {
        "product_url": "https://www.heinemann.com.au/en/sydt1/veuve-clicquot/veuve-clicquot-brut-sydney-arrow-0-75l/p/000000000001670228/",
        "brand_name": "Veuve Clicquot",
        "brand_url": "https://www.heinemann.com.au/en/sydt1/veuve-clicquot/c/BRAND_0465/",
        "product_name": "Veuve Clicquot Brut, Sydney Arrow, 0.75L",
        "quantity": "0.75\u00a0l",
        "price": "$96.00",
        "price_per_quantity": "($128.00 / 1 l)",
        "stock_availability": "",
        "description": "The Arrow giftbox invites you to celebrate a place that inspires you, your most beautiful destination.",
        "primary_image": "https://www.heinemann.com.au/medias/527Wx527H-null?context=bWFzdGVyfGltYWdlc3w2NTMxNHxpbWFnZS9qcGVnfGFERmlMMmhtWVM4eE1USXdOamN5TmpNNE5UWTVOQzgxTWpkWGVEVXlOMGhmYm5Wc2JBfDg4MTY3MTQ0MWZkY2M2NjYyOGEwOWZkMmQxMjhiNmJlZTI2MjY3OTBmNmFhNGFhMmM2N2I0ODk1ZTFmZjgxMmI&v=1727726818478",
        "images": []
    },
    {
        "product_url": "https://www.heinemann-shop.com/en/global/hot-wheels/hot-wheels-racerverse-die-cast/p/000000000001623644/",
        "brand_name": "Hot Wheels",
        "brand_url": "https://www.heinemann-shop.com/en/global/hot-wheels/c/BRAND_5969/",
        "product_name": "Hot Wheels, racerverse die-cast",
        "quantity": "",
        "price": "",
        "price_per_quantity": "",
        "stock_availability": "",
        "description": "Hot Wheels RacerVerse vehicles put fan-favorite characters from legendary entertainment properties in the drivers' seats of stylized die-cast toy cars. Each vehicle is 1:64 scale, features a cool, non-removable character and is optimized for track performance. Choose from iconic figures such as Spider-Man, Vanellope, Buzz Lightyear and more! Fans and collectors will want them all. Each sold separately, subject to availability. Colors and decorations may vary.",
        "primary_image": "https://www.heinemann-shop.com/medias/527Wx527H-null?context=bWFzdGVyfGltYWdlc3w4Mzg1OXxpbWFnZS9qcGVnfGFEaG1MMmhsTWk4eE1USTBOell3TWpRek5EQTNPQzgxTWpkWGVEVXlOMGhmYm5Wc2JBfGRlMmRjNGYwYzY1ZjI4N2ZkMmRkODRjMTEwOGQ5ZTE4MGU3OTdhMGFhOWFiZWY2NGY0ZDNmMTQ0NGM1NDlkMWU&v=1728591274779",
        "images": []
    },
    {
        "product_url": "https://www.heinemann.com.au/en/sydt1/deutz/deutz-brut-classic-champagne-aoc-brut-white-gift-box-0-75l/p/000000000001407742/",
        "brand_name": "Deutz",
        "brand_url": "https://www.heinemann.com.au/en/sydt1/deutz/c/BRAND_6432/",
        "product_name": "Deutz, Brut Classic, Champagne, AOC, brut, white (gift box) 0.75L",
        "quantity": "0.75\u00a0l",
        "price": "$149.00",
        "price_per_quantity": "($198.67 / 1 l)",
        "stock_availability": "",
        "description": "The Deutz Brut Classic is the most eclectic of the Deutz range. It performs a gracious ballet of elegant bubbles within its golden hue. This exceptionally expressive cuv\u00e9e discloses floral notes underpinned by toasty aromas, marzipan and ripe fruit. Its smooth texture reveals the perfect balance between the freshness of Chardonnay, the fruitiness of Pinot Noir and a vinous touch brought by the Pinot Meunier.",
        "primary_image": "https://www.heinemann.com.au/medias/1407742-527Wx527H?context=bWFzdGVyfGltYWdlc3w3MDU5MHxpbWFnZS9qcGVnfGFESXhMMmd4TXk4NU5Ua3hNRGd6TlRrM09EVTBMekUwTURjM05ESmZOVEkzVjNnMU1qZEl8NTY4OGUxMDNkYWQ4YmViM2NhYTlmMDZkYzQ2NDlhNGRkNjBmNjhlZjgzZjlmNzBmM2JkYjY4Mzk3NDA4NDlkNg&v=1620280814337",
        "images": []
    },
    {
        "product_url": "https://www.heinemann-shop.com/en/global/maisto/maisto-power-racer/p/000000000000044166/",
        "brand_name": "Maisto",
        "brand_url": "https://www.heinemann-shop.com/en/global/maisto/c/BRAND_3538/",
        "product_name": "Maisto, Power Racer",
        "quantity": "",
        "price": "",
        "price_per_quantity": "",
        "stock_availability": "",
        "description": "Power Racer, Toys model car, bull-back powered, different styles",
        "primary_image": "https://www.heinemann-shop.com/medias/527Wx527H-null?context=bWFzdGVyfGltYWdlc3w3Nzc1MHxpbWFnZS9qcGVnfGFHWmtMMmcyWWk4eE1EVTNNalF5T1RReU5qY3hPQzgxTWpkWGVEVXlOMGhmYm5Wc2JBfGFmYmZiYjk5NzI3NGU3ZDRjYzNlMDMwNmYxNDc2OGZkZDgwZjY2Y2YxYWVhYWNkMGQ3Yzg4NzZlYWNhYzM2YTg&v=1713387655838",
        "images": [
            "https://www.heinemann-shop.com/medias/527Wx527H-null?context=bWFzdGVyfGltYWdlc3w3Nzc1MHxpbWFnZS9qcGVnfGFHWmtMMmcyWWk4eE1EVTNNalF5T1RReU5qY3hPQzgxTWpkWGVEVXlOMGhmYm5Wc2JBfGFmYmZiYjk5NzI3NGU3ZDRjYzNlMDMwNmYxNDc2OGZkZDgwZjY2Y2YxYWVhYWNkMGQ3Yzg4NzZlYWNhYzM2YTg&v=1713387655838",
            "https://www.heinemann-shop.com/medias/527Wx527H-null?context=bWFzdGVyfGltYWdlc3w0NTc3MnxpbWFnZS9qcGVnfGFEZG1MMmhtTnk4eE1EVTNNalF6TVRBNU56ZzROaTgxTWpkWGVEVXlOMGhmYm5Wc2JBfGQ5NjRiZWNjOGMwZjBmOGFhOGFkNDMxYWQ0ZTJkZGNiNjU4MDIyODY3NjQwMzYxZjdkYmVlMTEwOGVkNGU3OTk&v=1713387715164",
            "https://www.heinemann-shop.com/medias/527Wx527H-null?context=bWFzdGVyfGltYWdlc3w0OTE5OXxpbWFnZS9qcGVnfGFHTm1MMmhsTXk4eE1EVTNNalF6TVRZeU1qRTNOQzgxTWpkWGVEVXlOMGhmYm5Wc2JBfDU4ODhkYTU4Y2MzNDZmY2E5NTIwNjJlZTE3NGUzY2FlZDFlMmY2MjI5MTcxOGNhYTI0NTYyNTg2NzgwZjc3YmM&v=1713387730214",
            "https://www.heinemann-shop.com/medias/527Wx527H-null?context=bWFzdGVyfGltYWdlc3w0NTg1MnxpbWFnZS9qcGVnfGFEVXhMMmhrWXk4eE1EVTNNalF6TVRnNE5ETXhPQzgxTWpkWGVEVXlOMGhmYm5Wc2JBfGFhNjhlOWQ5ZDM4NTljMzFkYTMyNzVhZGZhYjkyNzVkMzI5NWJiYjEyMDMwNjQxNDEzMGM2ZGI2ZjFkYzE5MzA&v=1713387737878",
            "https://www.heinemann-shop.com/medias/527Wx527H-null?context=bWFzdGVyfGltYWdlc3w0NTM5M3xpbWFnZS9qcGVnfGFHUTNMMmc0WVM4eE1EVTNNalF6TWpFME5qUTJNaTgxTWpkWGVEVXlOMGhmYm5Wc2JBfGI5OGIxNjE1YzQ5OWZlMTM4NTg4N2YxMzNjY2U0ZmI0YTcwOGE3MmFhNWMwOWU0NmEzMDI1N2M5MDAyZjNhYjc&v=1713387745589",
            "https://www.heinemann-shop.com/medias/527Wx527H-null?context=bWFzdGVyfGltYWdlc3w0NDM3OHxpbWFnZS9qcGVnfGFHSXdMMmc0TXk4eE1EVTNNalF6TWpNM05UZ3pPQzgxTWpkWGVEVXlOMGhmYm5Wc2JBfGRkNDI3YzM5MGI0MTM4MGQ4MTJhNmNlNDRmODdmN2Q0ZTE1N2Q2YzBhNzMyYjY1OGIxZDEwNjc0ZWM3OTE2NmQ&v=1713387753279",
            "https://www.heinemann-shop.com/medias/527Wx527H-null?context=bWFzdGVyfGltYWdlc3w1NDU0OHxpbWFnZS9qcGVnfGFHUXdMMmczTmk4eE1EVTNNalF6TWpjd016VXhPQzgxTWpkWGVEVXlOMGhmYm5Wc2JBfDcwMmUwOTY2ZmVmZDdiMjM3YTQwYTBlNGQxMGJlNjI5ZTRjYmRlZTNiMjU0YjBlY2FmZTkyODM3ZTc5Njg1MmY&v=1713387760693",
            "https://www.heinemann-shop.com/medias/527Wx527H-null?context=bWFzdGVyfGltYWdlc3w0NjczNXxpbWFnZS9qcGVnfGFEVXlMMmcyWmk4eE1EVTNNalF6TWprMk5UWTJNaTgxTWpkWGVEVXlOMGhmYm5Wc2JBfDRjMzJiM2RjYThiZWYyNTgyNjc2MjBiZTc1N2Q0NTUxNWQwZmY5ZDQ2OTU5MDZiZGE4ZWRiYWFkODI2ZjNhZjk&v=1713387768228",
            "https://www.heinemann-shop.com/medias/527Wx527H-null?context=bWFzdGVyfGltYWdlc3w0NDY3N3xpbWFnZS9qcGVnfGFERTVMMmd4WVM4eE1EVTNNalF6TXpNMU9EZzNPQzgxTWpkWGVEVXlOMGhmYm5Wc2JBfGIxZDEzZjVkMmVjNWFiMWY0ZWYxNjNiMmU2ODE4ZGRlYmYyZjhiOTY1NTdmNGUxMDJhN2NjMjE0ZGNjZjZiYTM&v=1713387775715",
            "https://www.heinemann-shop.com/medias/527Wx527H-null?context=bWFzdGVyfGltYWdlc3w0MjExOHxpbWFnZS9qcGVnfGFETTNMMmd4TUM4eE1EVTNNalF6TXpZeU1UQXlNaTgxTWpkWGVEVXlOMGhmYm5Wc2JBfGRiN2ZhM2Q4OWQ4MjZlODIzMTE2ZWNiOTQ3ZDAyMWY3NTYxMDhiMWQ3ZDZjMGM2YmEyZDNkNjI1MDhlNDEzZWU&v=1713387783248",
            "https://www.heinemann-shop.com/medias/527Wx527H-null?context=bWFzdGVyfGltYWdlc3wxMDI0MjB8aW1hZ2UvanBlZ3xhRGxrTDJobFpDOHhNRFUzTWpRek1UTTJNREF6TUM4MU1qZFhlRFV5TjBoZmJuVnNiQXw3ZDA5MDg0YmU4YzI0ZWFkNDhlOGQzNTBkZTg3ODBhMjM4ZDdhNjMzMmI3M2E1ZjdkMjMzZWMxZGNhMmQ5ZWUz&v=1713387722584"
        ]
    },
    {
        "product_url": "https://www.heinemann-shop.com/en/global/maisto/maisto-tech-r-c-ferrari-laferrari/p/000000000001513685/",
        "brand_name": "Maisto",
        "brand_url": "https://www.heinemann-shop.com/en/global/maisto/c/BRAND_3538/",
        "product_name": "Maisto Tech R/C, Ferrari LaFerrari",
        "quantity": "\n        ",
        "price": "\u20ac29.90",
        "price_per_quantity": "",
        "stock_availability": "Low stock",
        "description": "The RC 1:24 Ferrari LaFerrari (RTR) from Maisto Tech R/C with rear-wheel drive and front-wheel steering guarantees maximum racing action for young and old. The dull black car features an easy-to-use pistol controller, a frequency of 2.4 GHz and a control range of 35 meters. With its top speed of approx. 5.8 km/h, the car can be effortlessly controlled by drivers aged 5 years and older. Batteries included. (2x AA for the vehicle and 2x AAA for the remote control).",
        "primary_image": "https://www.heinemann-shop.com/medias/1513685-527Wx527H?context=bWFzdGVyfGltYWdlc3wzMzk0NnxpbWFnZS9qcGVnfGFHWXpMMmhqTWk4NU56QXdORFk1TURRM016STJMekUxTVRNMk9EVmZOVEkzVjNnMU1qZEl8NzEyODY2YmI1NTExYzY3NWM4MjI0ZjAwMGJjZDNlOWQ0ODNlNzUzNDg0ZmNmY2I4Zjk3ODQ5NGVkZTA5MzcyMg&v=1660594409398",
        "images": [
            "https://www.heinemann-shop.com/medias/1513685-527Wx527H?context=bWFzdGVyfGltYWdlc3wzMzk0NnxpbWFnZS9qcGVnfGFHWXpMMmhqTWk4NU56QXdORFk1TURRM016STJMekUxTVRNMk9EVmZOVEkzVjNnMU1qZEl8NzEyODY2YmI1NTExYzY3NWM4MjI0ZjAwMGJjZDNlOWQ0ODNlNzUzNDg0ZmNmY2I4Zjk3ODQ5NGVkZTA5MzcyMg&v=1660594409398",
            "https://www.heinemann-shop.com/medias/1513685-1-527Wx527H?context=bWFzdGVyfGltYWdlc3wzMDgzNXxpbWFnZS9qcGVnfGFHVm1MMmhrTWk4NU56QXdORGMyTVRVM09UZ3lMekUxTVRNMk9EVmZNVjgxTWpkWGVEVXlOMGd8N2Q5NjZjZjZkZDc0YTE1MTU4Yjc1MDRmNzQxMDU0MTU2OGZkZTRiMzk0NWZjNWI0NGM0ZmI0ZWExOWZkMWEwYg&v=1660594539691"
        ]
    },
    {
        "product_url": "https://www.heinemann-shop.com/en/global/maisto/maisto-vw-weekenders-assort/p/000000000001601839/",
        "brand_name": "Maisto",
        "brand_url": "https://www.heinemann-shop.com/en/global/maisto/c/BRAND_3538/",
        "product_name": "Maisto, vw \"weekenders\" assort.",
        "quantity": "",
        "price": "",
        "price_per_quantity": "",
        "stock_availability": "",
        "description": "The \"Volkswagen Weekenders\" from Maisto are ready for the weekend and ready for lots of fun! These metal injection-molded models of the Volkswagen Van Samba and the Volkswagen Type 2 feature free-running wheels, movable doors and, depending on the model, roof racks, camper attachment or other accessories. With their size of approx. 12 cm, the vehicles are suitable as toys for children aged 3 and up.",
        "primary_image": "https://www.heinemann-shop.com/medias/527Wx527H-null?context=bWFzdGVyfGltYWdlc3w2Mzc3MHxpbWFnZS9qcGVnfGFESTJMMmc1TWk4eE1EVTNPVGN3TVRBd05qTTJOaTgxTWpkWGVEVXlOMGhmYm5Wc2JBfDM3ZWE3NDVjMDRiM2MxOGNiMjUzOTliZWI0ZmM0NDhkMzE4Nzc0YjlkYWEwZDEwMDQxMmVjM2IxNDc2MzBkYTg&v=1713569558111",
        "images": [
            "https://www.heinemann-shop.com/medias/527Wx527H-null?context=bWFzdGVyfGltYWdlc3w2Mzc3MHxpbWFnZS9qcGVnfGFESTJMMmc1TWk4eE1EVTNPVGN3TVRBd05qTTJOaTgxTWpkWGVEVXlOMGhmYm5Wc2JBfDM3ZWE3NDVjMDRiM2MxOGNiMjUzOTliZWI0ZmM0NDhkMzE4Nzc0YjlkYWEwZDEwMDQxMmVjM2IxNDc2MzBkYTg&v=1713569558111",
            "https://www.heinemann-shop.com/medias/527Wx527H-null?context=bWFzdGVyfGltYWdlc3w1MTA1N3xpbWFnZS9qcGVnfGFEaGxMMmhsTnk4eE1EVTNPVGN3TlRFd01qTTJOaTgxTWpkWGVEVXlOMGhmYm5Wc2JBfGRjY2E1NGMxNjdlNDRkMmY1MjM1ZjJjMzEyYTQxYzRiMTFjOTU0ZWE4YjM5ZDFkMmRlNzc4Yjk4NGYwNjU0Y2Q&v=1713569705850",
            "https://www.heinemann-shop.com/medias/527Wx527H-null?context=bWFzdGVyfGltYWdlc3w0NTc2NHxpbWFnZS9qcGVnfGFERXdMMmhsTUM4eE1EVTNPVGN3TlRNMk5EVXhNQzgxTWpkWGVEVXlOMGhmYm5Wc2JBfDNmNjJlYTZlMDhlOTlkZjI0MDhkZTFkM2RhNGZmNzFhY2M3NDRkYTQ1ZjlhMmM4YmMyNjZhOTE5ZDExNTk4NjE&v=1713569714031",
            "https://www.heinemann-shop.com/medias/527Wx527H-null?context=bWFzdGVyfGltYWdlc3w0OTE0MnxpbWFnZS9qcGVnfGFEUXlMMmhrTmk4eE1EVTNPVGN3TlRZeU5qWTFOQzgxTWpkWGVEVXlOMGhmYm5Wc2JBfDg1MzE2Y2I0YTRkZmU1MzQwNmRhNGZkZTViODk4N2M0ZWY1NDZmZWMyMmM4OWI5OTYzMmZjOGE4YjI2YmU5NjA&v=1713569722122"
        ]
    },
    {
        "product_url": "https://www.heinemann-shop.com/en/global/hot-wheels/hot-wheels-skate-assortment/p/000000000001623642/",
        "brand_name": "Hot Wheels",
        "brand_url": "https://www.heinemann-shop.com/en/global/hot-wheels/c/BRAND_5969/",
        "product_name": "Hot Wheels, skate assortment",
        "quantity": "\n        ",
        "price": "\u20ac4.90",
        "price_per_quantity": "",
        "stock_availability": "Low stock",
        "description": "Hot Wheels\u00ae and skateboarding legend Tony Hawk have teamed up to create an epic fingerboard collection that's prime for sick stunting and elite moves. Each fully assembled Hot Wheels\u00ae fingerboard comes with a pair of stylish, removable skate shoes, designed to keep fingertips in place when learning to shred and ollie like a pro. Groms can build confidence and get the feel for the board and its movements before removing the shoes and trying more difficult maneuvers. Each board has a design that's so unique and cool, kids will want to collect them all. Each sold separately, subject to availability. Colors and decorations may vary.",
        "primary_image": "https://www.heinemann-shop.com/medias/527Wx527H-null?context=bWFzdGVyfGltYWdlc3w5MTEwNHxpbWFnZS9qcGVnfGFHSXhMMmcyWkM4eE1UVXdNRGszTURFeE5URXdNaTgxTWpkWGVEVXlOMGhmYm5Wc2JBfDQ3YzIxYjMxYTI2OGE1ODQyZDgwYmVkNzJiY2Q1MDI0YWM4YzhkNTBiZmYzYjY0Zjc5NjhiMzE5OGFhZTZmNzU&v=1733951306652",
        "images": []
    },
    {
        "product_url": "https://www.heinemann.com.au/en/sydt1/louis-roederer/louis-roederer-cristal-rose-brut-rose-gift-box-0-75l/p/000000000000226324/",
        "brand_name": "Louis Roederer",
        "brand_url": "https://www.heinemann.com.au/en/sydt1/louis-roederer/c/BRAND_0384/",
        "product_name": "Louis Roederer, Cristal Ros\u00e9, brut, ros\u00e9, (gift box), 0.75L",
        "quantity": "0.75\u00a0l",
        "price": "$1,135.00",
        "price_per_quantity": "($1,513.33 / 1 l)",
        "stock_availability": "",
        "description": "Cristal Ros\u00e9 is a rare wine par excellence, as precise as Cristal with a peerless finesse. This is an intense and refreshing Champagne, with a complex array of flavours. The texture is generous and refined but with no loss of that lovely, lively freshness that is plainly the leitmotif of this unique grand vin.",
        "primary_image": "https://www.heinemann.com.au/medias/527Wx527H-null?context=bWFzdGVyfGltYWdlc3w1Nzk3MHxpbWFnZS9qcGVnfGFHVXdMMmcyT1M4eE1Ea3lOVGs1TnpjeE9UVTRNaTgxTWpkWGVEVXlOMGhmYm5Wc2JBfDJlMzE5YTY5NTBlOWE2MThiNDg4YzNiMjI0MTYzNWZhZTI0MWY3OWRhYzIzOWVmZDEwZTM5NjgyMGVjODNhZDE&v=1722025948036",
        "images": [
            "https://www.heinemann.com.au/medias/527Wx527H-null?context=bWFzdGVyfGltYWdlc3w1Nzk3MHxpbWFnZS9qcGVnfGFHVXdMMmcyT1M4eE1Ea3lOVGs1TnpjeE9UVTRNaTgxTWpkWGVEVXlOMGhmYm5Wc2JBfDJlMzE5YTY5NTBlOWE2MThiNDg4YzNiMjI0MTYzNWZhZTI0MWY3OWRhYzIzOWVmZDEwZTM5NjgyMGVjODNhZDE&v=1722025948036",
            "https://www.heinemann.com.au/medias/527Wx527H-null?context=bWFzdGVyfGltYWdlc3wzNjM0OHxpbWFnZS9qcGVnfGFEWXdMMmhpWWk4eE1Ea3lOVGs1T1RrME56Z3dOaTgxTWpkWGVEVXlOMGhmYm5Wc2JBfDkxMjBiNjhmNTY4MjAxOWFlNzQwNWYxZjc2YzJlN2I5MGQ1ZDI5NTQxOWY3ZTMzYTc2MWUwMTQ4NWJmYjA0YzE&v=1722026031435"
        ]
    },
    {
        "product_url": "https://www.heinemann.com.au/en/sydt1/louis-roederer/louis-roederer-vintage-brut-white-gift-box-0-75l/p/000000000000160383/",
        "brand_name": "Louis Roederer",
        "brand_url": "https://www.heinemann.com.au/en/sydt1/louis-roederer/c/BRAND_0384/",
        "product_name": "Louis Roederer, Vintage, brut, white, (gift box) 0.75L",
        "quantity": "0.75\u00a0l",
        "price": "$161.00",
        "price_per_quantity": "($214.67 / 1 l)",
        "stock_availability": "",
        "description": "An intense and powerful Brut Vintage with a complete range of rich aromas that perfectly express the year of its origin. Few wines reveal so authentically the qualities of their terroir, the magic of the vintage and the savoir-faire of Louis Roederer.",
        "primary_image": "https://www.heinemann.com.au/medias/527Wx527H-null?context=bWFzdGVyfGltYWdlc3w1MjM0MnxpbWFnZS9qcGVnfGFEa3dMMmhtWVM4eE1UYzRNalV3TmpRME5qZzNPQzgxTWpkWGVEVXlOMGhmYm5Wc2JBfDJlNDU5NGJmYjc1Nzg1Y2M2NjhlOWFiMDI4NDI3YTE4ZjZiYjA5MzRkYTdlNTgwMDgxNTVmODU4MTc2NGE2YjA&v=1739827894841",
        "images": [
            "https://www.heinemann.com.au/medias/527Wx527H-null?context=bWFzdGVyfGltYWdlc3w1MjM0MnxpbWFnZS9qcGVnfGFEa3dMMmhtWVM4eE1UYzRNalV3TmpRME5qZzNPQzgxTWpkWGVEVXlOMGhmYm5Wc2JBfDJlNDU5NGJmYjc1Nzg1Y2M2NjhlOWFiMDI4NDI3YTE4ZjZiYjA5MzRkYTdlNTgwMDgxNTVmODU4MTc2NGE2YjA&v=1739827894841",
            "https://www.heinemann.com.au/medias/160383-1-527Wx527H?context=bWFzdGVyfGltYWdlc3w3Mzc2MHxpbWFnZS9qcGVnfGFXMWhaMlZ6TDJnellTOW9OalF2T1RVeE5UQTVOelk0TmpBME5pNXFjR2N8YmVmYWM4Mzg0MGMzYjA3NGE5ODg4NWMwZDVlMzA4NzI2YjZjMTQwNDZmN2JjNGY0OTNkMjZkYTQyZmYxOGU3Yg&v=1602038872537"
        ]
    },
    {
        "product_url": "https://www.heinemann.com.au/en/sydt1/bollinger/bollinger-special-cuvee-champagne-aoc-brut-white-gift-box-0-75l/p/000000000000616150/",
        "brand_name": "Bollinger",
        "brand_url": "https://www.heinemann.com.au/en/sydt1/bollinger/c/BRAND_2318/",
        "product_name": "Bollinger, Special Cuv\u00e9e, Champagne, AOC brut, white (gift box) 0.75L",
        "quantity": "0.75\u00a0l",
        "price": "$110.00",
        "price_per_quantity": "($146.67 / 1 l)",
        "stock_availability": "",
        "description": "An icon among non-vintage champagnes, Special Cuv\u00e9e is the result of the delicate blending between harvest grapes and a majority of reserve wines, including some aged in magnums for more than 15 years in Bollinger\u2019s cellars. Special Cuv\u00e9e is perfect shared among friends, for a simple and meaningful moment. It is the champagne we give to the people we love and who love nice things. To enhance its unique style, bouquet and aromas, Special Cuv\u00e9e is best served between 8\u00b0 and 10\u00b0C.",
        "primary_image": "https://www.heinemann.com.au/medias/527Wx527H-null?context=bWFzdGVyfGltYWdlc3w1NTA2MXxpbWFnZS9qcGVnfGFETmxMMmhtWVM4eE1UYzRNalV5TWpNek9UTTFPQzgxTWpkWGVEVXlOMGhmYm5Wc2JBfDFjMWZiNjEwYmVmYzc4MzcwM2ViMjZhZWM1ZmM5YjlkYThjOWI1NWExMWJlODU2MmZiMWUyNWM5NmVkZWMzZTQ&v=1739828663485",
        "images": [
            "https://www.heinemann.com.au/medias/527Wx527H-null?context=bWFzdGVyfGltYWdlc3w1NTA2MXxpbWFnZS9qcGVnfGFETmxMMmhtWVM4eE1UYzRNalV5TWpNek9UTTFPQzgxTWpkWGVEVXlOMGhmYm5Wc2JBfDFjMWZiNjEwYmVmYzc4MzcwM2ViMjZhZWM1ZmM5YjlkYThjOWI1NWExMWJlODU2MmZiMWUyNWM5NmVkZWMzZTQ&v=1739828663485",
            "https://www.heinemann.com.au/medias/527Wx527H-null?context=bWFzdGVyfGltYWdlc3wyNzE3N3xpbWFnZS9qcGVnfGFEUTNMMmd5T0M4eE1UYzRNalV5TkRZd01ETTFNQzgxTWpkWGVEVXlOMGhmYm5Wc2JBfGY0ODgxMDUxYWQ3YWQ1NzNhMTgyNjZiMjNlY2M4ZDA2YjVlN2Y4N2QyNmE4YTI2ZTZjMzkwYzM2MmRjNTcwM2Q&v=1739828783717",
            "https://www.heinemann.com.au/medias/527Wx527H-null?context=bWFzdGVyfGltYWdlc3w1MDAyM3xpbWFnZS9qcGVnfGFETXpMMmd5TVM4eE1UYzRNalV5TkRneU9UY3lOaTgxTWpkWGVEVXlOMGhmYm5Wc2JBfGIzZTI1OTVhNDVjYWE4MGU0MjgxOGYwZjM0YmRjMWM0ZWY5YzJkNjUwNzRhMmMxNDc1MDBjMzcxMGJjODc1Nzc&v=1739828794050"
        ]
    },
    {
        "product_url": "https://www.heinemann.com.au/en/sydt1/moet-chandon/moet-chandon-brut-imperial-white-0-75/p/000000000001509693/",
        "brand_name": "Mo\u00ebt & Chandon",
        "brand_url": "https://www.heinemann.com.au/en/sydt1/moet-chandon/c/BRAND_0468/",
        "product_name": "Mo\u00ebt & Chandon Brut Imp\u00e9rial, white 0.75",
        "quantity": "0.75\u00a0l",
        "price": "$68.00",
        "price_per_quantity": "($90.67 / 1 l)",
        "stock_availability": "",
        "description": "Mo\u00ebt Imp\u00e9rial is the house\u2019s most iconic champagne. Created in 1869, it embodies Mo\u00ebt & Chandon\u2019s unique style, one that is distinguished by its bright fruitiness, seductive palate and elegant maturity.",
        "primary_image": "https://www.heinemann.com.au/medias/527Wx527H-null?context=bWFzdGVyfGltYWdlc3wzNTAxMnxpbWFnZS9qcGVnfGFEQTVMMmc0TVM4eE1UUTVOREF5T0RZd056VXhPQzgxTWpkWGVEVXlOMGhmYm5Wc2JBfDMxNzY5OTY4MjY0MjU0NmFjYWM0NTk1YmQ3MzI3Yzc2OGM5MzcxOWI0YmFiNzAzNzhlOGRlZDUzYjVmZTEzZTc&v=1733781297340",
        "images": []
    },
    {
        "product_url": "https://www.heinemann.com.au/en/sydt1/taittinger/taittinger-brut-reserve-brut-white-twin-pack-1-5l/p/000000000000089227/",
        "brand_name": "Taittinger",
        "brand_url": "https://www.heinemann.com.au/en/sydt1/taittinger/c/BRAND_0693/",
        "product_name": "Taittinger, Brut R\u00e9serve, brut, white, (twin pack), 1.5L",
        "quantity": "1.5\u00a0l",
        "price": "$159.00",
        "price_per_quantity": "($106.00 / 1 l)",
        "stock_availability": "",
        "description": "Taittinger Brut R\u00e9serve, with its high proportion of Chardonnay (40%) and its minimum ageing of three years in our cellars, is a delicately balanced champagne, known for its consistently excellent quality.",
        "primary_image": "https://www.heinemann.com.au/medias/527Wx527H-null?context=bWFzdGVyfGltYWdlc3w0NzI1M3xpbWFnZS9qcGVnfGFHRmtMMmd5TUM4eE1UYzRNalV4Tmpjek5qQXpNQzgxTWpkWGVEVXlOMGhmYm5Wc2JBfGJiYTdkYTFlOGUyMTU0MGI3Y2E5MTE3NGJhN2UwOTk2YWQ2Y2NiZmFjYTdkYWZkODkzNzI3MmVlNTg1MjZkZTU&v=1739828381472",
        "images": [
            "https://www.heinemann.com.au/medias/527Wx527H-null?context=bWFzdGVyfGltYWdlc3w0NzI1M3xpbWFnZS9qcGVnfGFHRmtMMmd5TUM4eE1UYzRNalV4Tmpjek5qQXpNQzgxTWpkWGVEVXlOMGhmYm5Wc2JBfGJiYTdkYTFlOGUyMTU0MGI3Y2E5MTE3NGJhN2UwOTk2YWQ2Y2NiZmFjYTdkYWZkODkzNzI3MmVlNTg1MjZkZTU&v=1739828381472",
            "https://www.heinemann.com.au/medias/527Wx527H-null?context=bWFzdGVyfGltYWdlc3w0NjEwNHxpbWFnZS9qcGVnfGFEZzRMMmd6TUM4eE1UYzRNalV5TURZd01qWTFOQzgxTWpkWGVEVXlOMGhmYm5Wc2JBfDU5ZjUzNTZiYmYyNjUzYTZiMmFmMzgxYTMxMTE5OWRhNDA3MGY1YzBmZDQ5MjI4ZjhmNzkyZGZjNWQxMGEzMmM&v=1739828570696",
            "https://www.heinemann.com.au/medias/527Wx527H-null?context=bWFzdGVyfGltYWdlc3w0ODc1NnxpbWFnZS9qcGVnfGFHRm1MMmd6Tnk4eE1UYzRNalV5TURnek1qQXpNQzgxTWpkWGVEVXlOMGhmYm5Wc2JBfDIyNmM4YTIyYmEzNzk4ZTdhNThkNmU4YzY1ODM1ZGJjY2Y1OGJiYzdlZTNjYjBmMmUwOTcxZjY2MTc4NjYxYTc&v=1739828580848",
            "https://www.heinemann.com.au/medias/527Wx527H-null?context=bWFzdGVyfGltYWdlc3wzNzQ5MnxpbWFnZS9qcGVnfGFEZ3dMMmc0T1M4eE1UYzRNalV5TVRFeU5qazBNaTgxTWpkWGVEVXlOMGhmYm5Wc2JBfDM5NTNmYzA1YjE3MDUzNzkzMDFiZGM4MWVlYjkxNGUzMmI2NTQ4NmQxMWQwYzc3N2ZlMWNjYjc1MWFjZjg5N2Y&v=1739828590701"
        ]
    },
    {
        "product_url": "https://www.heinemann-shop.com/en/global/hershey-s/hershey-s-cookie-and-cream-kisses-200g/p/000000000000505088/",
        "brand_name": "Hershey's",
        "brand_url": "https://www.heinemann-shop.com/en/global/hershey-s/c/BRAND_4410/",
        "product_name": "Hershey's Cookie and Cream Kisses 200g",
        "quantity": "0.355\u00a0kg",
        "price": "\u20ac14.90",
        "price_per_quantity": "(\u20ac41.97 / 1 kg)",
        "stock_availability": "",
        "description": "Delightfully Delicious One of a Kind Kisses.",
        "primary_image": "https://www.heinemann-shop.com/medias/527Wx527H-null?context=bWFzdGVyfGltYWdlc3w2NjA5N3xpbWFnZS9qcGVnfGFHVXpMMmcyTXk4eE1ESXpOakV5TmpBd016SXpNQzgxTWpkWGVEVXlOMGhmYm5Wc2JBfGU3ODczNDk4MGViZjA5ZjMyY2U4YmM1MGY3MjQ3NGRmOTJiZTg0YjQ1YTZmMDUxZjI0ZTY3YzY2ZDcxZWI3YzQ&v=1705699084072",
        "images": []
    },
    {
        "product_url": "https://www.heinemann-shop.com/en/global/tyrkisk-peber/tyrkisk-peber-tin-375g/p/000000000000031225/",
        "brand_name": "Tyrkisk Peber",
        "brand_url": "https://www.heinemann-shop.com/en/global/tyrkisk-peber/c/BRAND_5471/",
        "product_name": "Tyrkisk Peber Tin 375g",
        "quantity": "0.375\u00a0kg",
        "price": "\u20ac8.50",
        "price_per_quantity": "(\u20ac22.67 / 1 kg)",
        "stock_availability": "In stock, immediately available",
        "description": "Tyrkisk Peber strong salt licorice drops. The original since 1977.",
        "primary_image": "https://www.heinemann-shop.com/medias/527Wx527H-null?context=bWFzdGVyfGltYWdlc3w4NDQ3NXxpbWFnZS9qcGVnfGFHUXpMMmd6WWk4eE1UYzROVGd3TmpVeE1qRTFPQzgxTWpkWGVEVXlOMGhmYm5Wc2JBfGQ0OWFhYThlOTkxZjdlZWNiNjZlZTNlZjVmODVhYjg5ODVjNDFkZTkxMTc3MjVmZTMzMDA2ZDY1MWE1YzZmYjE&v=1739913265906",
        "images": []
    },
    {
        "product_url": "https://www.heinemann.com.au/en/sydt1/ruinart/ruinart-rose-second-skin-0-75l/p/000000000001473320/",
        "brand_name": "Ruinart",
        "brand_url": "https://www.heinemann.com.au/en/sydt1/ruinart/c/BRAND_0441/",
        "product_name": "Ruinart Ros\u00e9 Second Skin 0.75L",
        "quantity": "0.75\u00a0l",
        "price": "$166.00",
        "price_per_quantity": "($221.33 / 1 l)",
        "stock_availability": "Low stock",
        "description": "Choose a more sustainable art of gifting with Ruinart new eco-designed packaging. An alternative to the gift box: a 100% paper case*, entirely recyclable and moulded to the shape of the bottle. Echoing the Cray\u00e8res chalk cellars and the wines roundness, it also preserves the taste integrity.",
        "primary_image": "https://www.heinemann.com.au/medias/527Wx527H-null?context=bWFzdGVyfGltYWdlc3wyNzA1MXxpbWFnZS9qcGVnfGFESTVMMmhpWkM4eE1USTROVGcyTmpBNE5qUXpNQzgxTWpkWGVEVXlOMGhmYm5Wc2JBfDllMmU5MWFlMGFhNjVjZjk4ZTU2MTZhNDI5MWUyOTVjYTAxMjk0NTUxYTg4MzMyMjVjYjk5OWVmNDExOTdkYTU&v=1729320165963",
        "images": [
            "https://www.heinemann.com.au/medias/527Wx527H-null?context=bWFzdGVyfGltYWdlc3wyNzA1MXxpbWFnZS9qcGVnfGFESTVMMmhpWkM4eE1USTROVGcyTmpBNE5qUXpNQzgxTWpkWGVEVXlOMGhmYm5Wc2JBfDllMmU5MWFlMGFhNjVjZjk4ZTU2MTZhNDI5MWUyOTVjYTAxMjk0NTUxYTg4MzMyMjVjYjk5OWVmNDExOTdkYTU&v=1729320165963",
            "https://www.heinemann.com.au/medias/527Wx527H-null?context=bWFzdGVyfGltYWdlc3wzMDIwNXxpbWFnZS9qcGVnfGFHSTRMMmc1TVM4eE1USTROakF6TlRNd01ETTRNaTgxTWpkWGVEVXlOMGhmYm5Wc2JBfGRmNTM1MDQzNWVmMjJlYTQ5MGM1NmE4YjY2MzkxM2ZlOTQ2MDE3Njg3Nzk2MjQwMGFmMDllM2VkOTc3MTgwNjM&v=1729320483429"
        ]
    },
    {
        "product_url": "https://www.heinemann.com.au/en/sydt1/jacquart/jacquart-mosaique-champagne-aoc-brut-white-0-75l/p/000000000001530905/",
        "brand_name": "Jacquart",
        "brand_url": "https://www.heinemann.com.au/en/sydt1/jacquart/c/BRAND_2303/",
        "product_name": "Jacquart, Mosaique, Champagne, AOC, brut, white 0.75L",
        "quantity": "0.75\u00a0l",
        "price": "$66.00",
        "price_per_quantity": "($88.00 / 1 l)",
        "stock_availability": "Low stock",
        "description": "A premium blend of mosaique of 60 crus with a majoriy of chardonnay selected for their mineral and elegant caracter, made by Champagne Jacquart, a traditionnal and independant house fully owned by champagne growers",
        "primary_image": "https://www.heinemann.com.au/medias/527Wx527H-null?context=bWFzdGVyfGltYWdlc3wzODIwMHxpbWFnZS9qcGVnfGFHSmhMMmc1T0M4eE1UYzROVGd3TWpZM09ETXdNaTgxTWpkWGVEVXlOMGhmYm5Wc2JBfDI1MjM2NDQwMDllMzU1ZTI5ZjM1MjA3YWQ0MjY1MzRlMmZkOTQ3NWM5ZGZhMGRjOWNlYzE2YTIzMjBmMWJmZDk&v=1739913074401",
        "images": []
    },
    {
        "product_url": "https://www.heinemann.com.au/en/sydt1/bollinger/bollinger-special-cuvee-brut-white-2x0-75l-twinpack/p/000000000001144273/",
        "brand_name": "Bollinger",
        "brand_url": "https://www.heinemann.com.au/en/sydt1/bollinger/c/BRAND_2318/",
        "product_name": "Bollinger, Special Cuv\u00e9e, brut, white, 2x0.75L (Twinpack)",
        "quantity": "1.5\u00a0l",
        "price": "$194.00",
        "price_per_quantity": "($129.33 / 1 l)",
        "stock_availability": "",
        "description": "An icon among non-vintage champagnes, Special Cuv\u00e9e is the result of the delicate blending between harvest grapes and a majority of reserve wines, including some aged in magnums for more than 15 years in Bollinger\u2019s cellars. Special Cuv\u00e9e is perfect shared among friends, for a simple and meaningful moment. It is the champagne we give to the people we love and who love nice things. To enhance its unique style, bouquet and aromas, Special Cuv\u00e9e is best served between 8\u00b0 and 10\u00b0C.",
        "primary_image": "https://www.heinemann.com.au/medias/527Wx527H-null?context=bWFzdGVyfGltYWdlc3w1NzE5OXxpbWFnZS9qcGVnfGFEVXhMMmhoTkM4eE1UYzRNalV6TkRVeU9UQTFOQzgxTWpkWGVEVXlOMGhmYm5Wc2JBfGE1Mjk1Y2RmNGQ3YzU3ZDZlNGIwZTRkMWM5OWVlY2I1NGUxN2MxNzIxMmUyZTEwZGM1M2MwN2E4OTM4MGI2OWI&v=1739829267432",
        "images": []
    },
    {
        "product_url": "https://www.heinemann-shop.com/en/global/haribo/haribo-happy-cola-fruit-gum-with-cola-flavor/p/000000000001626185/",
        "brand_name": "Haribo",
        "brand_url": "https://www.heinemann-shop.com/en/global/haribo/c/BRAND_1079/",
        "product_name": "HARIBO Happy Cola fruit gum with cola flavor",
        "quantity": "0.25\u00a0kg",
        "price": "\u20ac3.90",
        "price_per_quantity": "(\u20ac15.60 / 1 kg)",
        "stock_availability": "In stock, immediately available",
        "description": "The classic HARIBO cola treat, loved by young and old! Enjoy the cool cola flavour of HARIBO Happy Cola.",
        "primary_image": "https://www.heinemann-shop.com/medias/527Wx527H-null?context=bWFzdGVyfGltYWdlc3w5ODk2N3xpbWFnZS9qcGVnfGFHRXpMMmd5TkM4eE1USTROak01T0RJM01UVXhPQzgxTWpkWGVEVXlOMGhmYm5Wc2JBfDA5ZDdlM2FhOTM5NWY5NmEwZWU1ZWQ3NjQ2MWMyNzZhOGZmMTQ1ZTZkYTUxNDFlMzlkMGQ0MWY4OWI2NmU1ZGE&v=1729324394543",
        "images": []
    },
    {
        "product_url": "https://www.heinemann-shop.com/en/global/original-sacher/original-sacher-cubes-5-pack-300g/p/000000000001055219/",
        "brand_name": "Original Sacher",
        "brand_url": "https://www.heinemann-shop.com/en/global/original-sacher/c/BRAND_2477/",
        "product_name": "Original Sacher cubes 5 pack 300g",
        "quantity": "0.3\u00a0kg",
        "price": "\u20ac35.99",
        "price_per_quantity": "(\u20ac119.97 / 1 kg)",
        "stock_availability": "",
        "description": "The Original Sacher-Torte has been the most famous cake in the world since 1832 and the original recipe remains a well-kept secret of our hotel. Only the Original Sacher-Torte is produced according to this original recipe. The basis of the entire confection is a chocolate cake, thinly coated by hand with best-quality apricot jam. The chocolate icing on top of it is the crowning glory. It tastes best with a portion of unsweetened whipped cream.",
        "primary_image": "https://www.heinemann-shop.com/medias/1055219-527Wx527H?context=bWFzdGVyfGltYWdlc3w0NDE1NXxpbWFnZS9qcGVnfGFEWmpMMmhsTnk4NU5UazJNalkxTWpZM01qTXdMekV3TlRVeU1UbGZOVEkzVjNnMU1qZEl8MzZmMjM1ZWRkY2UxZmQwM2MxN2ViNGZjNjAxYzYwMTk1NTMyZmVlNjYxM2EzM2Y2OWUxYWFjNzk5MDQ2ODc5NA&v=1621349427455",
        "images": [
            "https://www.heinemann-shop.com/medias/1055219-527Wx527H?context=bWFzdGVyfGltYWdlc3w0NDE1NXxpbWFnZS9qcGVnfGFEWmpMMmhsTnk4NU5UazJNalkxTWpZM01qTXdMekV3TlRVeU1UbGZOVEkzVjNnMU1qZEl8MzZmMjM1ZWRkY2UxZmQwM2MxN2ViNGZjNjAxYzYwMTk1NTMyZmVlNjYxM2EzM2Y2OWUxYWFjNzk5MDQ2ODc5NA&v=1621349427455",
            "https://www.heinemann-shop.com/medias/1055219-1-527Wx527H?context=bWFzdGVyfGltYWdlc3wzNTgzMnxpbWFnZS9qcGVnfGFEQTBMMmcyWVM4NU5UazJNamMyT1RZMU5EQTJMekV3TlRVeU1UbGZNVjgxTWpkWGVEVXlOMGd8YWJmODc2OWVhNjRlY2U3MGUwNjAxY2ZjM2I2NWJjZjViNzUwOTI2MDBkY2M4NWQ1ZTY4MzZiYmVkNmRiNzBiMQ&v=1621349590139"
        ]
    },
    {
        "product_url": "https://www.heinemann-shop.com/en/global/anthon-berg/anthon-berg-baileys-in-marzipan-350g/p/000000000001621341/",
        "brand_name": "Anthon Berg",
        "brand_url": "https://www.heinemann-shop.com/en/global/anthon-berg/c/BRAND_0604/",
        "product_name": "Anthon Berg Baileys in Marzipan 350g",
        "quantity": "0.35\u00a0kg",
        "price": "\u20ac15.30",
        "price_per_quantity": "(\u20ac43.71 / 1 kg)",
        "stock_availability": "In stock, immediately available",
        "description": "The perfect match of Anthon Berg marzipan and the taste of Baileys cream liqueur. Covered in milk chocolate, with a swirl of dark chocolate as decoration.",
        "primary_image": "https://www.heinemann-shop.com/medias/527Wx527H-null?context=bWFzdGVyfGltYWdlc3w3Mzg0OHxpbWFnZS9qcGVnfGFEaGpMMmc0TVM4eE1ESTFPREEzT0RFek9ETTVPQzgxTWpkWGVEVXlOMGhmYm5Wc2JBfDBkMjBkZTgwYWUwZGFiNmIyMDg1ZWQ4Nzg5NDQ0MjViMTU4ZjdjZGMzNDE3NGRhODgzMmY1ZTViMjkzY2ZmMzQ&v=1706221638673",
        "images": []
    },
    {
        "product_url": "https://www.heinemann.com.au/en/sydt1/deutz/deutz-brut-classic-champagne-aoc-brut-rose-gift-box-0-75l/p/000000000001278692/",
        "brand_name": "Deutz",
        "brand_url": "https://www.heinemann.com.au/en/sydt1/deutz/c/BRAND_6432/",
        "product_name": "Deutz, Brut Classic, Champagne, AOC, brut, ros\u00e9 (gift box) 0.75L",
        "quantity": "0.75\u00a0l",
        "price": "$159.00",
        "price_per_quantity": "($212.00 / 1 l)",
        "stock_availability": "In stock",
        "description": "The Deutz Brut Ros\u00e9 is characterised by its delicious scents of summer fruit, its bright, clear hue with attractive pink undertones and its delicate mousse. It is a rich and delectable wine with a smooth, distinctive and very succulent character. The subtle nose offers up cherry, blackberry, pomegranate and redcurrant aromas set off by juicy notes of fresh strawberry and raspberry.",
        "primary_image": "https://www.heinemann.com.au/medias/1278692-527Wx527H?context=bWFzdGVyfGltYWdlc3w0MjM0MHxpbWFnZS9qcGVnfGFERmtMMmhtTVM4NU5qazVOekF6T0RneE56VTRMekV5TnpnMk9USmZOVEkzVjNnMU1qZEl8ODlmYzJmNjhiYjliNTJjNGViY2YyM2IyZGIxZjBjZTVhN2UzMDNjNjlhYzkzODA2OGNlYWM0Yjg3Njk3NGY2Yg&v=1660163166289",
        "images": []
    },
    {
        "product_url": "https://www.heinemann.com.au/en/sydt1/veuve-clicquot/veuve-clicquot-rose-champagne-aoc-brut-rose-0-75l/p/000000000001509700/",
        "brand_name": "Veuve Clicquot",
        "brand_url": "https://www.heinemann.com.au/en/sydt1/veuve-clicquot/c/BRAND_0465/",
        "product_name": "Veuve Clicquot, Ros\u00e9, Champagne, AOC, brut, ros\u00e9 0.75L",
        "quantity": "0.75\u00a0l",
        "price": "$94.00",
        "price_per_quantity": "($125.33 / 1 l)",
        "stock_availability": "In stock",
        "description": "In 1818, Veuve Clicquot made history by offering the first ever ros\u00e9 champagne. This legacy lives on today with Veuve Clicquot Ros\u00e9, a delightfully luscious, fruit-based champagne. Naturally engaging, this cuvee is the pink expression of the Veuve Clicquot style.",
        "primary_image": "https://www.heinemann.com.au/medias/527Wx527H-null?context=bWFzdGVyfGltYWdlc3wzMzc3NHxpbWFnZS9qcGVnfGFEWmxMMmcxT0M4eE1UUTVOREF5TVRrNE9ETTRNaTgxTWpkWGVEVXlOMGhmYm5Wc2JBfGEzMDg1OTA5ZDU5ZGRiNjM3N2NmM2E4NGUzNDU4YTY0MjAyODI5NTA0MzZmZmYzYWE0ZGMwOWUyYTJiYzljNGM&v=1733780961901",
        "images": []
    },
    {
        "product_url": "https://www.heinemann-shop.com/en/global/liquer-fills/fazer-liqueur-fills-chocolates-filled-with-liqueur-420g/p/000000000001618946/",
        "brand_name": "Liquer Fills",
        "brand_url": "https://www.heinemann-shop.com/en/global/liquer-fills/c/BRAND_5439/",
        "product_name": "Fazer Liqueur Fills chocolates filled with liqueur 420g",
        "quantity": "0.42\u00a0kg",
        "price": "\u20ac13.50",
        "price_per_quantity": "(\u20ac32.14 / 1 kg)",
        "stock_availability": "In stock, immediately available",
        "description": "Traveller Exclusive Fazer Liqueur Fills chocolates will win you over with their timeless taste. The dark chocolate shell of Fazer Liqueur Fills cover flavours of rum, punch, maraschino and cherry brandy. Best of all, Fazer\u2019s delicious chocolates are made from 100% responsibly produced cocoa. Fazer Liqueur Fills are packed in a stylish box. They are a classic addition to the festive table, andthey also make an ideal gift. Available on cruise ships and at airports.",
        "primary_image": "https://www.heinemann-shop.com/medias/527Wx527H-null?context=bWFzdGVyfGltYWdlc3w3MDMwN3xpbWFnZS9qcGVnfGFEYzRMMmcxTkM4eE1UYzROak01TmpZMk16Z3pPQzgxTWpkWGVEVXlOMGhmYm5Wc2JBfGY3NmEwNGQ1MjEyMWE1N2ZjM2Y2NGE1YmIxZjQyMmY2ZjFhM2VmNDYxZTY2Y2Q4MmQ2OWQxZTczZTE2YmFjZGE&v=1739915207984",
        "images": []
    },
    {
        "product_url": "https://www.heinemann-shop.com/en/global/milka/alpine-milk-chocolate-250g/p/000000000001688843/",
        "brand_name": "Milka",
        "brand_url": "https://www.heinemann-shop.com/en/global/milka/c/BRAND_0831/",
        "product_name": "Alpine milk chocolate 250g",
        "quantity": "0.25\u00a0kg",
        "price": "\u20ac6.90",
        "price_per_quantity": "(\u20ac27.60 / 1 kg)",
        "stock_availability": "In stock, immediately available",
        "description": "An all-time classic favourite featuring Alpine milk chocolate in a a big size tablet. The perfect way to enjoy the unmistakably tender taste of Milka.",
        "primary_image": "https://www.heinemann-shop.com/medias/527Wx527H-null?context=bWFzdGVyfGltYWdlc3w0MDY2MXxpbWFnZS9qcGVnfGFEZGlMMmc1TlM4eE1UYzVORGswTlRBNE1UTTNOQzgxTWpkWGVEVXlOMGhmYm5Wc2JBfDgyMzkzZDg2MTBhNzdhYzQ4OTllNjE4NDVhNGVkN2ViYTE1MDRmM2MwY2E1MTMwYTBjYzY0MGVlNjk3M2Q5YjE&v=1740085909342",
        "images": []
    },
    {
        "product_url": "https://www.heinemann-shop.com/en/global/kex/cloetta-kex-bars-338g/p/000000000001626597/",
        "brand_name": "Kex",
        "brand_url": "https://www.heinemann-shop.com/en/global/kex/c/BRAND_7368/",
        "product_name": "Cloetta KEX Bars 338g",
        "quantity": "0.338\u00a0kg",
        "price": "\u20ac11.90",
        "price_per_quantity": "(\u20ac35.21 / 1 kg)",
        "stock_availability": "In stock, immediately available",
        "description": "KEX is the Swedish classic, which is eaten by 9 out of 10 Swedes. KEX is crispy waffle under a blanket of light milk chocolate. There\u2019s a broad selection of KEX sizes whether you\u2019ll have them for yourself or share with loved ones!",
        "primary_image": "https://www.heinemann-shop.com/medias/527Wx527H-null?context=bWFzdGVyfGltYWdlc3w3Nzg2M3xpbWFnZS9qcGVnfGFHSmhMMmhsTXk4eE1USTROakk1TXpBeU1EY3dNaTgxTWpkWGVEVXlOMGhmYm5Wc2JBfDBjMTg3ZWI5YzMwZjQxOGJhNjA5NDUxOWFkNDQ4MjMxNmQxMmI0MjcwN2IwMWJlYWQ5MzRlYWJiMTBmMTQ2NmM&v=1729324048274",
        "images": []
    },
    {
        "product_url": "https://www.heinemann-shop.com/en/global/hershey-s/hershey-s-americas-favorites-assorted-500g/p/000000000001020871/",
        "brand_name": "Hershey's",
        "brand_url": "https://www.heinemann-shop.com/en/global/hershey-s/c/BRAND_4410/",
        "product_name": "Hershey's America\u2019s Favorites Assorted 500g",
        "quantity": "0.5\u00a0kg",
        "price": "\u20ac17.90",
        "price_per_quantity": "(\u20ac35.80 / 1 kg)",
        "stock_availability": "In stock, immediately available",
        "description": "3 favorites in one bag! Individually wrapped, snack size assortment is great for sharing!",
        "primary_image": "https://www.heinemann-shop.com/medias/527Wx527H-null?context=bWFzdGVyfGltYWdlc3w5ODkxMHxpbWFnZS9qcGVnfGFESmxMMmhpWXk4eE1ESXpOakV5TlRVME5EUTNPQzgxTWpkWGVEVXlOMGhmYm5Wc2JBfGI5YmM4YTU4NzA2N2U5YWMyMjAzMDJlZDdjNjdiMzMyOGJlOTVmOWMzM2YyZTQwNmFkODJlODQ1MGI3NzQzYTA&v=1705699045663",
        "images": []
    },
    {
        "product_url": "https://www.heinemann-shop.com/en/global/nestle-sustain-sourced-cocoa/nestle-milk-chocolate-with-almonds-tablet-270g/p/000000000001627653/",
        "brand_name": "Nestl\u00e9 Sustain.Sourced Cocoa",
        "brand_url": "https://www.heinemann-shop.com/en/global/nestle-sustain-sourced-cocoa/c/BRAND_A138/",
        "product_name": "NESTLE Milk Chocolate with Almonds Tablet 270g",
        "quantity": "0.27\u00a0kg",
        "price": "",
        "price_per_quantity": "(\u20ac42.56 / 1 kg)",
        "stock_availability": "",
        "description": "Enjoy a delightful chocolatey moment during your travels with the taste of NESTLE Sustainably Sourced Cocoa Milk Chocolate with Almonds Tablet. Deliciously creamy and smooth milk chocolate packed with pieces of almonds. At the heart of our chocolate is sustainably sourced cocoa, so you can enjoy chocolate that does good* and tastes great. The perfect accompaniment to any adventure, for sharing with friends and family along the way.",
        "primary_image": "https://www.heinemann-shop.com/medias/527Wx527H-null?context=bWFzdGVyfGltYWdlc3wzODEzN3xpbWFnZS9qcGVnfGFEa3hMMmcwWlM4eE1UUXlNVEF4TXpFME56WTNPQzgxTWpkWGVEVXlOMGhmYm5Wc2JBfDhkY2QzYWE0ZDRiYWY5NjljNmVkNzg0OWU2MTQyMDA3M2ZiMDFhZjI3N2Y1Y2MzNDJiMGRiZWMxYzE2Y2NjY2Q&v=1732139454983",
        "images": []
    },
    {
        "product_url": "https://www.heinemann-shop.com/en/global/van-slooten/van-slootentravel-refill-mix-900g-animal-favourites-vegan-gluten-free/p/000000000001625349/",
        "brand_name": "Van Slooten",
        "brand_url": "https://www.heinemann-shop.com/en/global/van-slooten/c/BRAND_1852/",
        "product_name": "Van SlootenTravel Refill Mix 900g Animal Favourites Vegan & Gluten Free",
        "quantity": "0.9\u00a0kg",
        "price": "\u20ac12.90",
        "price_per_quantity": "(\u20ac14.33 / 1 kg)",
        "stock_availability": "In stock, immediately available",
        "description": "The Iconic Van Slooten Animal Favourites packed in the travel exclusive 900g carton - Vegan and Gluten Free",
        "primary_image": "https://www.heinemann-shop.com/medias/527Wx527H-null?context=bWFzdGVyfGltYWdlc3w4ODcxOHxpbWFnZS9qcGVnfGFEQTJMMmhsWmk4eE1EVXlOREU1TWpjMk9EQXpNQzgxTWpkWGVEVXlOMGhmYm5Wc2JBfDdlMDI3Nzg3NTcwZTYwOTRhMTkyMzdmYmNjMjJmYTQzYjU2MzljY2E2NjU1YzBhOGE4OWQ5MjNjYjhiOTBlNmY&v=1712176239309",
        "images": []
    },
    {
        "product_url": "https://www.heinemann-shop.com/en/global/venchi/venchi-gift-bag-with-assorted-chocolates-150g/p/000000000001613295/",
        "brand_name": "Venchi",
        "brand_url": "https://www.heinemann-shop.com/en/global/venchi/c/BRAND_8202/",
        "product_name": "Venchi Gift bag with assorted chocolates 150g",
        "quantity": "0.15\u00a0kg",
        "price": "",
        "price_per_quantity": "(\u20ac126.00 / 1 kg)",
        "stock_availability": "",
        "description": "The Beauty in Bloom collection celebrates Italian art and beauty. Round, creamy and with a crunchy heart of whole Piedmont Hazelnut or pistachio, discover our precious Pearl chocolates: Milk Gianduia & Hazelnut Pearl, Dark Gianduia & Hazelnut Pearl, Salted Pistachio Pearl, Caramel & Hazelnut Pearl.",
        "primary_image": "",
        "images": []
    },
    {
        "product_url": "https://www.heinemann-shop.com/en/global/toblerone/toblerone-golden-caramel-360g/p/000000000001533302/",
        "brand_name": "Toblerone",
        "brand_url": "https://www.heinemann-shop.com/en/global/toblerone/c/BRAND_0485/",
        "product_name": "Toblerone Golden Caramel 360g",
        "quantity": "0.36\u00a0kg",
        "price": "\u20ac9.90",
        "price_per_quantity": "(\u20ac27.50 / 1 kg)",
        "stock_availability": "In stock, immediately available",
        "description": "Enjoy Toblerone Golden Caramel that combines the crunchy nougat of classic Toblerone with the new smooth chocolate blend, crafted from naturally caramelized white chocolate - featuring golden swirls and a rich caramel taste. Made in Switzerland!",
        "primary_image": "https://www.heinemann-shop.com/medias/527Wx527H-null?context=bWFzdGVyfGltYWdlc3wyMTE1MnxpbWFnZS9qcGVnfGFEWTNMMmhpTkM4eE1URTROek0xTXpRMU1qVTNOQzgxTWpkWGVEVXlOMGhmYm5Wc2JBfGQzZjgzMDJjMzVkZTAyYzc0ZWQ3ODgwMzZkNTE4OTg0YWUwMjExNDFhYjQzYjhhZDg1ZjBiYzZkZmU3OTYwZTQ&v=1727296901450",
        "images": []
    },
    {
        "product_url": "https://www.heinemann-shop.com/en/global/felber/felber-chocolate-from-austria-100g/p/000000000001135601/",
        "brand_name": "Felber",
        "brand_url": "https://www.heinemann-shop.com/en/global/felber/c/BRAND_3771/",
        "product_name": "Felber chocolate \"From Austria\" 100g",
        "quantity": "0.07\u00a0kg",
        "price": "\u20ac13.99",
        "price_per_quantity": "(\u20ac199.86 / 1 kg)",
        "stock_availability": "",
        "description": "Gorgeous chocolate compositons from high quality ingredients and premium materials. We prefer to use products from our country.",
        "primary_image": "https://www.heinemann-shop.com/medias/527Wx527H-null?context=bWFzdGVyfGltYWdlc3wzNzM5NHxpbWFnZS9qcGVnfGFERTVMMmczTkM4eE1UWTBOREE0TlRjMk5ERXlOaTgxTWpkWGVEVXlOMGhmYm5Wc2JBfDkxMmY2MmNkODgwZGY3MjIzZTNhNzJhZjExNTRjNzU3Zjg4ZDBmYmZiN2E5Y2ExNDA5N2JmNWExZWI3YTljYjY&v=1737061832593",
        "images": [
            "https://www.heinemann-shop.com/medias/527Wx527H-null?context=bWFzdGVyfGltYWdlc3wzNzM5NHxpbWFnZS9qcGVnfGFERTVMMmczTkM4eE1UWTBOREE0TlRjMk5ERXlOaTgxTWpkWGVEVXlOMGhmYm5Wc2JBfDkxMmY2MmNkODgwZGY3MjIzZTNhNzJhZjExNTRjNzU3Zjg4ZDBmYmZiN2E5Y2ExNDA5N2JmNWExZWI3YTljYjY&v=1737061832593",
            "https://www.heinemann-shop.com/medias/527Wx527H-null?context=bWFzdGVyfGltYWdlc3w0MjAzNHxpbWFnZS9qcGVnfGFHTXdMMmhrTXk4eE1UWTBOREE1TURVNE1UQXlNaTgxTWpkWGVEVXlOMGhmYm5Wc2JBfDVmNDYzNTljN2QzNGQ3MzU2MzhkNzZiOWFkYzNmNzMyYjY2NTc4NjZlNGI0NWFlODI4ZTdkZmE0MDlkZjM2ZmI&v=1737062022937"
        ]
    },
    {
        "product_url": "https://www.heinemann-shop.com/en/global/mentos/mentos-jumboroll-strawberry-8x37g/p/000000000001280886/",
        "brand_name": "Mentos",
        "brand_url": "https://www.heinemann-shop.com/en/global/mentos/c/BRAND_2323/",
        "product_name": "Mentos Jumboroll Strawberry 8x37g",
        "quantity": "0.296\u00a0kg",
        "price": "\u20ac8.90",
        "price_per_quantity": "(\u20ac30.07 / 1 kg)",
        "stock_availability": "In stock, immediately available",
        "description": "Everybody's favourite summer fruit. Long lasting strawberry delight! Each Jumboroll contains 8 single rolls.",
        "primary_image": "https://www.heinemann-shop.com/medias/527Wx527H-null?context=bWFzdGVyfGltYWdlc3w0Mjk0MHxpbWFnZS9qcGVnfGFHTXdMMmhqT0M4eE1USTROVFk1TWpFMU16ZzROaTgxTWpkWGVEVXlOMGhmYm5Wc2JBfDUwZTE4NDA5N2EyMTdkOGMxMzA5MmVlMGYyODI5YWU4OTA0MWFkOTE3ZWM2MzVlNjI1OGQ2ZWRjNzgzNzliYmI&v=1729318002358",
        "images": []
    },
    {
        "product_url": "https://www.heinemann-shop.com/en/global/fazer/fazer-american-chocolate-lentils-300g/p/000000000001619341/",
        "brand_name": "Fazer",
        "brand_url": "https://www.heinemann-shop.com/en/global/fazer/c/BRAND_0482/",
        "product_name": "Fazer American chocolate lentils 300g",
        "quantity": "0.3\u00a0kg",
        "price": "\u20ac7.90",
        "price_per_quantity": "(\u20ac26.33 / 1 kg)",
        "stock_availability": "In stock, immediately available",
        "description": "American Pastilles are a beloved chocolate classic with a crispy coating and rich milk chocolate filling for a perfect journey backin time. The three deliciously shiny colours of American Pastilles are irresistibly inviting. Best of all, Fazer\u2019s delicious chocolates are made from 100% responsibly produced cocoa. A delicious treat to enjoy alone or with friends!",
        "primary_image": "https://www.heinemann-shop.com/medias/527Wx527H-null?context=bWFzdGVyfGltYWdlc3w3ODY5MnxpbWFnZS9qcGVnfGFEZzNMMmc0TWk4eE1UYzROak01T0RjMk1EazVNQzgxTWpkWGVEVXlOMGhmYm5Wc2JBfDBiYTQ2MzM2ZjJhMzU5Nzg3OWQxMDAzM2RlOGFmNTRjMjVkMjY1MTQ4ZDdhMTllZmI1YWNjYTQ0OTg0MmVlYzE&v=1739915443947",
        "images": []
    },
    {
        "product_url": "https://www.heinemann-shop.com/en/global/van-slooten/van-slootentravel-refill-mix-900g-fruity-favourites-gluten-free/p/000000000001625347/",
        "brand_name": "Van Slooten",
        "brand_url": "https://www.heinemann-shop.com/en/global/van-slooten/c/BRAND_1852/",
        "product_name": "Van SlootenTravel Refill Mix 900g Fruity Favourites Gluten Free",
        "quantity": "0.9\u00a0kg",
        "price": "\u20ac12.90",
        "price_per_quantity": "(\u20ac14.33 / 1 kg)",
        "stock_availability": "In stock, immediately available",
        "description": "The Iconic Van Slooten Fruity Favourites packed in the travel exclusive 900g carton, Gluten Free",
        "primary_image": "https://www.heinemann-shop.com/medias/527Wx527H-null?context=bWFzdGVyfGltYWdlc3w4ODkxMXxpbWFnZS9qcGVnfGFHSm1MMmhoTXk4eE1EVXlOREU1T0RNM01UTTFPQzgxTWpkWGVEVXlOMGhmYm5Wc2JBfGRkOWY5NzI2MTlkNzRhYTM1MTNmMTNlZjUwMmNiN2E3ZTc3NjQyZWY5NDk0NDU0OTAzNjE2MmQyZjQyM2IyNmE&v=1712176552818",
        "images": []
    },
    {
        "product_url": "https://www.heinemann-shop.com/en/global/hershey-s/hershey-s-cookies-n-creme-pouch-200g/p/000000000001453555/",
        "brand_name": "Hershey's",
        "brand_url": "https://www.heinemann-shop.com/en/global/hershey-s/c/BRAND_4410/",
        "product_name": "Hershey's Cookies'n'Creme Pouch 200g",
        "quantity": "0.2\u00a0kg",
        "price": "\u20ac9.70",
        "price_per_quantity": "(\u20ac48.50 / 1 kg)",
        "stock_availability": "",
        "description": "Hershey\u2019s Cookies \u2018n\u2019 Cr\u00e8me candy bars offer the best of both worlds \u2013 smooth and creamy taste with a mouthful of cookie in every bite",
        "primary_image": "https://www.heinemann-shop.com/medias/527Wx527H-null?context=bWFzdGVyfGltYWdlc3w3MjU4OHxpbWFnZS9qcGVnfGFEWXlMMmhsTVM4eE1ESXpOakV5TkRjNU1EZ3hOQzgxTWpkWGVEVXlOMGhmYm5Wc2JBfGQ0NWRhYWZiN2I4YzBlODFjMDY4NWZkMTU4OWQ3NTM4M2VmMmIwNjg0NDlhOTAwYTFiN2YwN2I0NjMyYTZiNDY&v=1705698997371",
        "images": []
    },
    {
        "product_url": "https://www.heinemann-shop.com/en/global/dumle/fazer-dumle-soft-toffee-covered-with-milk-chocolate-420g/p/000000000001619227/",
        "brand_name": "Dumle",
        "brand_url": "https://www.heinemann-shop.com/en/global/dumle/c/BRAND_6808/",
        "product_name": "Fazer Dumle soft toffee covered with milk chocolate 420g",
        "quantity": "0.42\u00a0kg",
        "price": "\u20ac13.50",
        "price_per_quantity": "(\u20ac32.14 / 1 kg)",
        "stock_availability": "In stock, immediately available",
        "description": "Traveller Exclusive Dumle is a joyful classic that will never grow up. This delicious sweet of soft chewy toffee and smooth Fazer chocolate will always put you on a good mood. Give this box as a gift or share it with your family. Available on cruise ships and at airports. Made from 100% responsibly produced cocoa.",
        "primary_image": "https://www.heinemann-shop.com/medias/527Wx527H-null?context=bWFzdGVyfGltYWdlc3w1OTgwNXxpbWFnZS9qcGVnfGFHUXdMMmhpWlM4eE1UYzROak01TlRZeE5USTJNaTgxTWpkWGVEVXlOMGhmYm5Wc2JBfGZlM2ZkM2U4OGI2ZDcwZTg3NGI3ZGNlYjllMzllNjVlOGRhNjgwZmQ1Y2I3Yzg2YmIyZTFkMTUxYTkyYmY2OGM&v=1739915152312",
        "images": []
    },
    {
        "product_url": "https://www.heinemann-shop.com/en/global/al-rifai/rifai-mega-omega-mix-of-raw-nuts-raw-seeds-dried-fruits/p/000000000001626379/",
        "brand_name": "Al Rifai",
        "brand_url": "https://www.heinemann-shop.com/en/global/al-rifai/c/BRAND_3164/",
        "product_name": "Rifai Mega Omega Mix of raw nuts, raw seeds & dried fruits",
        "quantity": "0.14\u00a0kg",
        "price": "\u20ac9.90",
        "price_per_quantity": "(\u20ac70.71 / 1 kg)",
        "stock_availability": "In stock",
        "description": "Our Mega Omega mix is a delicious blend of nuts, fruits and seeds. Pecans and almonds provide you with Omega-3 \"heart-healthy\" fatty acids, while the mango and cranberries are a great source of antioxidants. Add a dash of protein and vitamin B rich pumpkin seeds with brazil nuts & dried mini fig and you've got an on-the-go healthy snack.",
        "primary_image": "https://www.heinemann-shop.com/medias/527Wx527H-null?context=bWFzdGVyfGltYWdlc3w1NzczMnxpbWFnZS9qcGVnfGFESXpMMmd5TWk4eE1UTTVOVFk1TVRrM01EVTVNQzgxTWpkWGVEVXlOMGhmYm5Wc2JBfDRlYTJhYTcwYTllZGU5ZmJhNTUwYjY0N2JkZWUyYjcxMzc0MTA0ZWVkMGI3YTdiZGM4ZjI5ODNiOTI3MmYxZjM&v=1731361658973",
        "images": []
    },
    {
        "product_url": "https://www.heinemann-shop.com/en/global/anthon-berg/anthon-berg-marzipan-bar-baileys-7x33g/p/000000000001621319/",
        "brand_name": "Anthon Berg",
        "brand_url": "https://www.heinemann-shop.com/en/global/anthon-berg/c/BRAND_0604/",
        "product_name": "Anthon Berg Marzipan Bar Baileys 7x33g",
        "quantity": "0.231\u00a0kg",
        "price": "\u20ac10.50",
        "price_per_quantity": "(\u20ac45.45 / 1 kg)",
        "stock_availability": "In stock, immediately available",
        "description": "The perfect match of Anthon Berg marzipan and the taste of Baileys cream liqueur. Covered in milk chocolate, with a swirl of dark chocolate as decoration.",
        "primary_image": "https://www.heinemann-shop.com/medias/527Wx527H-null?context=bWFzdGVyfGltYWdlc3w1ODQzM3xpbWFnZS9qcGVnfGFEZzBMMmhrWVM4eE1ESTFPREEzTnpZeE5ERXhNQzgxTWpkWGVEVXlOMGhmYm5Wc2JBfGExMmY2NjY1NDQ4ZTc3ZjI0ZTQ3Y2ZmYWJjZjg1YWNjYzIyZDAwMDdmYTQyNDcyYmM4YTZmMGMwM2NkNGFiNDI&v=1706221620761",
        "images": []
    },
    {
        "product_url": "https://www.heinemann-shop.com/en/global/katjes/collection-with-3-bags-of-katjes-vegan-foam-fruitgum-and-fruitgum-made-with-no-animal-gelatine-no-artificial-colouring-or-flavouring/p/000000000001638094/",
        "brand_name": "Katjes",
        "brand_url": "https://www.heinemann-shop.com/en/global/katjes/c/BRAND_0494/",
        "product_name": "Collection with 3 bags of Katjes vegan foam fruitgum and fruitgum \u2013 Made with no animal gelatine, no artificial colouring or flavouring",
        "quantity": "0.525\u00a0kg",
        "price": "",
        "price_per_quantity": "(\u20ac19.98 / 1 kg)",
        "stock_availability": "",
        "description": "Discover the best of Katjes in our exclusive Katjes Journeys Collection. This unique compilation features our most beloved treats for the ultimate moment of indulgence: Better Bunny, Peace & Love, and Wunderland Sour.",
        "primary_image": "https://www.heinemann-shop.com/medias/527Wx527H-null?context=bWFzdGVyfGltYWdlc3w5MDI1MHxpbWFnZS9qcGVnfGFETmtMMmhtT0M4eE1URXdNVGt6TnpjNU5URXdNaTgxTWpkWGVEVXlOMGhmYm5Wc2JBfDg5OWVmYjlhMmU1MDYxNWMwODdlMmRiMDIzYzUzNjI4ZWU0ZTRjZTViOTQ5NDIxMmJkNjA4Y2VhYzBjMGJmMTQ&v=1725569142087",
        "images": []
    },
    {
        "product_url": "https://www.heinemann-shop.com/en/global/cloetta/cloetta-oh-so-soft-vanilla-fudge-180-g/p/000000000001628887/",
        "brand_name": "Cloetta",
        "brand_url": "https://www.heinemann-shop.com/en/global/cloetta/c/BRAND_1266/",
        "product_name": "Cloetta - Oh So Soft Vanilla Fudge 180 g",
        "quantity": "0.18\u00a0kg",
        "price": "\u20ac4.90",
        "price_per_quantity": "(\u20ac27.22 / 1 kg)",
        "stock_availability": "In stock, immediately available",
        "description": "Oh So Soft Fudge Vanilla is made with natural flavors and with no artificial colors.",
        "primary_image": "https://www.heinemann-shop.com/medias/527Wx527H-null?context=bWFzdGVyfGltYWdlc3w3MzYzMnxpbWFnZS9qcGVnfGFEZ3lMMmcyTnk4eE1USTROalF3TWpneU5qSTNNQzgxTWpkWGVEVXlOMGhmYm5Wc2JBfDgyNDcyMzQ2ZjkwNjcyZWJiMjhlNzBkODNjMzg1ZjgxNGE3OWRlZTM3YWQyNjI1ZGE1NWFhNDg5ZTI1MWNiZGM&v=1729324689768",
        "images": []
    },
    {
        "product_url": "https://www.heinemann-shop.com/en/global/lindt/lindt-gold-bar-milk-pretzel-300g/p/000000000001435669/",
        "brand_name": "Lindt",
        "brand_url": "https://www.heinemann-shop.com/en/global/lindt/c/BRAND_1486/",
        "product_name": "Lindt Gold Bar Milk Pretzel 300g",
        "quantity": "0.3\u00a0kg",
        "price": "\u20ac16.90",
        "price_per_quantity": "(\u20ac56.33 / 1 kg)",
        "stock_availability": "In stock, immediately available",
        "description": "The limited LINDT Gold Bar 300g Milk Pretzel combines finest Swiss milk chocolate with salted biscuit pieces. It offers an impressive, exquisite and highest quality chocolate experience. Presented in a golden premium packaging, it is the perfect gift for any occasion, as well as an extra-special treat to buy for oneself.",
        "primary_image": "https://www.heinemann-shop.com/medias/527Wx527H-null?context=bWFzdGVyfGltYWdlc3wzMjQ5MXxpbWFnZS9qcGVnfGFHWTFMMmczT1M4eE1USTROVGcyTXpJek5UWXhOQzgxTWpkWGVEVXlOMGhmYm5Wc2JBfDFhMTBkYmRiODE2ZjU4NGJmOTgzZDFjNGU4NTVmM2EyNzhiODJjY2FkMTA5ZGYyMGUyNWIxOTVmNmVkYjk0M2E&v=1729320005527",
        "images": []
    },
    {
        "product_url": "https://www.heinemann-shop.com/en/global/niederegger/niederegger-marzipan-cake-in-easter-tin-travel-retail/p/000000000001422094/",
        "brand_name": "Niederegger",
        "brand_url": "https://www.heinemann-shop.com/en/global/niederegger/c/BRAND_1439/",
        "product_name": "Niederegger Marzipan cake in Easter tin Travel Retail",
        "quantity": "0.185\u00a0kg",
        "price": "\u20ac12.50",
        "price_per_quantity": "(\u20ac67.57 / 1 kg)",
        "stock_availability": "",
        "description": "The gift box in unique Travel Retails Easter design are popular gifts and souvenirs.",
        "primary_image": "https://www.heinemann-shop.com/medias/527Wx527H-null?context=bWFzdGVyfGltYWdlc3w3MDQwMnxpbWFnZS9qcGVnfGFEWmtMMmcyTWk4eE1UYzRPVGc0T1RZMk56RXdNaTgxTWpkWGVEVXlOMGhmYm5Wc2JBfGM2ZjE0ZWEzYTdlZmNkM2I2ZTExZWVjZWZiYTBhZDRmY2U1OTBjYTJjYjQyNTVjODYxMWI1NjkyYTNlMmU1Yzg&v=1740000606013",
        "images": []
    },
    {
        "product_url": "https://www.heinemann-shop.com/en/global/cote-d-or/cote-d-or-milk-chocolate-400g/p/000000000000657310/",
        "brand_name": "C\u00f4te d'Or",
        "brand_url": "https://www.heinemann-shop.com/en/global/cote-d-or/c/BRAND_1343/",
        "product_name": "C\u00f4te d'Or Milk Chocolate 400g",
        "quantity": "0.4\u00a0kg",
        "price": "\u20ac11.90",
        "price_per_quantity": "(\u20ac29.75 / 1 kg)",
        "stock_availability": "In stock, immediately available",
        "description": "Belgian superior whole-milk chocolate. Contains 2 x 200g tablets, ideal for sharing. C\u00f4te d' Or \u2013 The popular Belgian chocolate brand!",
        "primary_image": "https://www.heinemann-shop.com/medias/527Wx527H-null?context=bWFzdGVyfGltYWdlc3w0ODU3M3xpbWFnZS9qcGVnfGFHRmhMMmhsWlM4eE1ESTROVGMxTmpJNE5EazFPQzgxTWpkWGVEVXlOMGhmYm5Wc2JBfDI4OTU0YmZmYzEyNzU5MWJjYzM0YjEyZjFhMzUxYzdiZjkwYWU0YjRjNGYyNDMzYzdmNDVkODlkMWUxYmVlOTQ&v=1706910754426",
        "images": []
    },
    {
        "product_url": "https://www.heinemann-shop.com/en/global/leschanz/leschanz-organic-dark-chocolate/p/000000000001477053/",
        "brand_name": "Leschanz",
        "brand_url": "https://www.heinemann-shop.com/en/global/leschanz/c/BRAND_2332/",
        "product_name": "Leschanz Organic Dark Chocolate",
        "quantity": "0.2\u00a0kg",
        "price": "\u20ac13.99",
        "price_per_quantity": "(\u20ac69.95 / 1 kg)",
        "stock_availability": "",
        "description": "Dark Organic Chocolate - 64% & 70% cocoa - exquisite  taste and design - the best for all chocoholics!",
        "primary_image": "https://www.heinemann-shop.com/medias/1477053-527Wx527H?context=bWFzdGVyfGltYWdlc3w2MjkyOXxpbWFnZS9qcGVnfGFESmhMMmc0WkM4NU5qazBNRFU0TWpFM05UQXlMekUwTnpjd05UTmZOVEkzVjNnMU1qZEl8M2ZiMjE2ODliODg5N2UwNmI1NmNiNmNlMjU0MmNlYjE3MTRiNWJiMTZiZTI3NTRmZjI0YWRkYzMxMzkxNjc0ZQ&v=1657314046921",
        "images": []
    },
    {
        "product_url": "https://www.heinemann-shop.com/en/global/ritter-sport/ritter-sport-pistachio-tower-milk-chocolate-bar-with-roasted-and-salted-pistachio-pieces/p/000000000001658706/",
        "brand_name": "Ritter Sport",
        "brand_url": "https://www.heinemann-shop.com/en/global/ritter-sport/c/BRAND_0476/",
        "product_name": "Ritter Sport Pistachio Tower milk chocolate bar with roasted and salted pistachio pieces",
        "quantity": "0.5\u00a0kg",
        "price": "\u20ac21.50",
        "price_per_quantity": "(\u20ac43.00 / 1 kg)",
        "stock_availability": "In stock, immediately available",
        "description": "Opposites attract: crunchy, salty pistachio pieces meet deliciously sweet milk chocolate to create a unique flavour combination in our nut selection!",
        "primary_image": "https://www.heinemann-shop.com/medias/527Wx527H-null?context=bWFzdGVyfGltYWdlc3w3MTc5NXxpbWFnZS9qcGVnfGFEazBMMmd5Tnk4eE1USTROVE14T1RJMU5EQTBOaTgxTWpkWGVEVXlOMGhmYm5Wc2JBfGMxNTM2OTZiNTk1N2VhMTViOGRmNDI0NjdjZWYwYjFmYjgzM2ZlNDA0MzQ2YzRmNGRkZjk1ZDYyYWIyZjIzNmM&v=1729310899100",
        "images": []
    },
    {
        "product_url": "https://www.heinemann-shop.com/en/global/cloetta/fudge-caramel-sea-salt/p/000000000001564289/",
        "brand_name": "Cloetta",
        "brand_url": "https://www.heinemann-shop.com/en/global/cloetta/c/BRAND_1266/",
        "product_name": "Fudge Caramel & sea salt",
        "quantity": "0.18\u00a0kg",
        "price": "\u20ac4.90",
        "price_per_quantity": "(\u20ac27.22 / 1 kg)",
        "stock_availability": "In stock, immediately available",
        "description": "Oh So Soft Fudge Sea Salt is made with natural flavors and with no artificial colors. The chunky bites are also palm oil free and gluten free.",
        "primary_image": "https://www.heinemann-shop.com/medias/527Wx527H-null?context=bWFzdGVyfGltYWdlc3w3NDQ0NXxpbWFnZS9qcGVnfGFETmhMMmd6TkM4eE1USTROakkyTnpjNE9UTTBNaTgxTWpkWGVEVXlOMGhmYm5Wc2JBfDE1ZDE2ZDg0Nzk0ODM1ZjUxMDI0ZDA1YjllOTk2MzBhMzU4Y2IyNTQ4NDIyODMxMWJkZDc4YjY0ODNiNDVkYzU&v=1729322567593",
        "images": []
    },
    {
        "product_url": "https://www.heinemann-shop.com/en/global/konditorei-groissboeck/groissboeck-punch-cake-240g/p/000000000001490739/",
        "brand_name": "Konditorei Groissb\u00f6ck",
        "brand_url": "https://www.heinemann-shop.com/en/global/konditorei-groissboeck/c/BRAND_3779/",
        "product_name": "Groissb\u00f6ck punch cake 240g",
        "quantity": "0.24\u00a0kg",
        "price": "\u20ac14.99",
        "price_per_quantity": "(\u20ac62.46 / 1 kg)",
        "stock_availability": "",
        "description": "Punschkrapfen is a typical austrian sweet dish.",
        "primary_image": "https://www.heinemann-shop.com/medias/527Wx527H-null?context=bWFzdGVyfGltYWdlc3wzMzM4OXxpbWFnZS9qcGVnfGFERXlMMmc1T0M4eE1UYzVOVFkyTURBM09URXpOQzgxTWpkWGVEVXlOMGhmYm5Wc2JBfDlmOWUzYmNhYjM1YWM5MmEzOWU0ZThkMjI2NWU1YzZmMzU2ZDIzZDFmZWJkNDUwYzNkOTQ0ODZhMDQwMjNhOTU&v=1740087133598",
        "images": []
    },
    {
        "product_url": "https://www.heinemann-shop.com/en/global/guylian/guylian-chocolate-seashells-dark-praline-luxe-gift-box-225g/p/000000000001617932/",
        "brand_name": "Guylian",
        "brand_url": "https://www.heinemann-shop.com/en/global/guylian/c/BRAND_1409/",
        "product_name": "Guylian chocolate seashells dark praline luxe gift box 225g",
        "quantity": "0.225\u00a0kg",
        "price": "\u20ac14.90",
        "price_per_quantity": "(\u20ac66.22 / 1 kg)",
        "stock_availability": "In stock, immediately available",
        "description": "A new Guylian iconic product, an intense variation of our classic recipe, now in a new luxury copper box, perfect for gifting in any of your travels, in an exclusive traveler's edition format.",
        "primary_image": "https://www.heinemann-shop.com/medias/527Wx527H-null?context=bWFzdGVyfGltYWdlc3w0NDQzMXxpbWFnZS9qcGVnfGFHRTVMMmhpTnk4eE1UYzROak01TlRnME5EWXpPQzgxTWpkWGVEVXlOMGhmYm5Wc2JBfDgzMDY5ZTcwN2UxZmQ3ZGVhZTZhNzhiODc4YjM5OWQ2ODFhNjc0MTExNzg2N2RmNDRhMzU4YWU4NWU0MWI0Zjc&v=1739915164842",
        "images": []
    },
    {
        "product_url": "https://www.heinemann-shop.com/en/global/original-sacher/original-sacher-cubes-3-pack-300-g/p/000000000001232000/",
        "brand_name": "Original Sacher",
        "brand_url": "https://www.heinemann-shop.com/en/global/original-sacher/c/BRAND_2477/",
        "product_name": "Original Sacher cubes 3 pack 300 g",
        "quantity": "0.18\u00a0kg",
        "price": "\u20ac27.99",
        "price_per_quantity": "(\u20ac155.50 / 1 kg)",
        "stock_availability": "",
        "description": "The Original Sacher-Torte has been the most famous cake in the world since 1832 and the original recipe remains a well-kept secret of our hotel. Only the Original Sacher-Torte is produced according to this original recipe. The basis of the entire confection is a chocolate cake, thinly coated by hand with best-quality apricot jam. The cocolate icing on top of it is the crowning glory. It tastes best with a portion of unsweetened whipped cream.",
        "primary_image": "https://www.heinemann-shop.com/medias/1232000-527Wx527H?context=bWFzdGVyfGltYWdlc3w1NTM4OHxpbWFnZS9qcGVnfGFHVTJMMmhoWVM4NU5UazJNalkwTVRJd016VXdMekV5TXpJd01EQmZOVEkzVjNnMU1qZEl8ODk2NzJjYjdhYmEwNDNjNDRjZWQyZjFhYmEzM2YzMWVjYmY5ODM4NDlhMGFlNjJhNTFhY2MyMjA1ZTQwNDdiOA&v=1621349410137",
        "images": [
            "https://www.heinemann-shop.com/medias/1232000-527Wx527H?context=bWFzdGVyfGltYWdlc3w1NTM4OHxpbWFnZS9qcGVnfGFHVTJMMmhoWVM4NU5UazJNalkwTVRJd016VXdMekV5TXpJd01EQmZOVEkzVjNnMU1qZEl8ODk2NzJjYjdhYmEwNDNjNDRjZWQyZjFhYmEzM2YzMWVjYmY5ODM4NDlhMGFlNjJhNTFhY2MyMjA1ZTQwNDdiOA&v=1621349410137",
            "https://www.heinemann-shop.com/medias/1232000-1-527Wx527H?context=bWFzdGVyfGltYWdlc3w0Mjc2MnxpbWFnZS9qcGVnfGFHUmtMMmcyTWk4NU5UazJNamMyTnpNMk1ETXdMekV5TXpJd01EQmZNVjgxTWpkWGVEVXlOMGd8MGRmOTM4NGEyNTZiM2U3YTE2MWExNGQyZWEzNDI1NWFjZmY3ODM4ZDdiYmE3ZTEzMzZkMjhjOGMyYWE0NDMyYw&v=1621349586120"
        ]
    },
    {
        "product_url": "https://www.heinemann-shop.com/en/global/baratti-milano/baratti-milano-ballotin-assorted-pralines-hex-150g/p/000000000001564670/",
        "brand_name": "Baratti & Milano",
        "brand_url": "https://www.heinemann-shop.com/en/global/baratti-milano/c/BRAND_2506/",
        "product_name": "Baratti & Milano Ballotin assorted pralines HEX 150g",
        "quantity": "0.15\u00a0kg",
        "price": "\u20ac14.90",
        "price_per_quantity": "(\u20ac99.33 / 1 kg)",
        "stock_availability": "In stock, immediately available",
        "description": "Elegant ballottin containing a delicious assortment of twist wrapped pralines, with unique soft fillings: milk, dark and pistachio for a refined pleasure.",
        "primary_image": "https://www.heinemann-shop.com/medias/527Wx527H-null?context=bWFzdGVyfGltYWdlc3w1OTM0MnxpbWFnZS9qcGVnfGFHVXpMMmcxTUM4NU9EQXhPVFF3TWpjeE1UTTBMelV5TjFkNE5USTNTRjl1ZFd4c3w1OWZlNjcyZjM3ZDUyMjI0YTcyMjk4YWZkZGJmNWU1YTBmNjU5ODFkMTI0NTVlMjdhZDNmMjE4ODRiNzQwYzU2&v=1691622342859",
        "images": []
    },
    {
        "product_url": "https://www.heinemann-shop.com/en/global/niederegger/niederegger-classic-of-the-year-2025-zimtschnecke-100g/p/000000000001688009/",
        "brand_name": "Niederegger",
        "brand_url": "https://www.heinemann-shop.com/en/global/niederegger/c/BRAND_1439/",
        "product_name": "Niederegger Classic of the year 2025 \"Zimtschnecke\" 100g",
        "quantity": "0.1\u00a0kg",
        "price": "",
        "price_per_quantity": "(\u20ac64.90 / 1 kg)",
        "stock_availability": "",
        "description": "Our Classic\u00ae of the Year 2025 \u00bbCinnamon Roll\u00ab delights with a combination of juicy marzipan and the finest pastry notes, refined with a pinch of cinnamon and covered in tenderly melting milk chocolate.",
        "primary_image": "https://www.heinemann-shop.com/medias/527Wx527H-null?context=bWFzdGVyfGltYWdlc3w0NjYyMXxpbWFnZS9qcGVnfGFEUTFMMmcwWmk4eE1UWTVNVFE0TXpRek1EazBNaTgxTWpkWGVEVXlOMGhmYm5Wc2JBfDJiNDBiMGY0YmY2OTY0NDhiMTA2Nzk4MWVkM2NhMWI2NTliYWQwNWEwNWE3OGNmNzkzMTAyOTVlNzIzZjVkYWE&v=1738013103878",
        "images": []
    },
    {
        "product_url": "https://www.heinemann-shop.com/en/global/simply-chocolate/simply-chocolate-hand-luggage-bar-40g/p/000000000001533300/",
        "brand_name": "Simply Chocolate",
        "brand_url": "https://www.heinemann-shop.com/en/global/simply-chocolate/c/BRAND_5522/",
        "product_name": "Simply Chocolate Hand-Luggage bar 40g",
        "quantity": "0.04\u00a0kg",
        "price": "\u20ac2.90",
        "price_per_quantity": "(\u20ac72.50 / 1 kg)",
        "stock_availability": "",
        "description": "Exlusive protien bar for travellers with Premium dark chocolate60%, almonds, caramel and passion fruit. All natural.",
        "primary_image": "https://www.heinemann-shop.com/medias/527Wx527H-null?context=bWFzdGVyfGltYWdlc3wzMzMyOHxpbWFnZS9qcGVnfGFEYzNMMmhrTkM4NU9EQXhNakl5TmpFNU1UWTJMelV5TjFkNE5USTNTRjl1ZFd4c3w2Y2EyZTg1MjJhZGI0OGEzNDMzNzJmYmUxNzMxOTQ1ZGNlZThjMDUxZDdhZTM1ZjhkZjliMmIwZWMxNDc3NTZj&v=1691507715259",
        "images": []
    },
    {
        "product_url": "https://www.heinemann-shop.com/en/global/stuehmer/stuehmer-caramel-milk-chocolate-dessert-130g/p/000000000001395802/",
        "brand_name": "St\u00fchmer",
        "brand_url": "https://www.heinemann-shop.com/en/global/stuehmer/c/BRAND_4385/",
        "product_name": "St\u00fchmer Caramel milk chocolate dessert 130g",
        "quantity": "0.13\u00a0kg",
        "price": "\u20ac7.99",
        "price_per_quantity": "(\u20ac61.46 / 1 kg)",
        "stock_availability": "In stock",
        "description": "Marzipan snack with caramel coated in fine milk chocolate",
        "primary_image": "",
        "images": []
    },
    {
        "product_url": "https://www.heinemann-shop.com/en/global/confiserie-felicitas/confiserie-felicitas-chocolate-box-of-4-pcs-berlin-59g/p/000000000001267793/",
        "brand_name": "Confiserie Felicitas",
        "brand_url": "https://www.heinemann-shop.com/en/global/confiserie-felicitas/c/BRAND_2939/",
        "product_name": "Confiserie Felicitas, chocolate box of 4 pcs. Berlin 59g",
        "quantity": "0.059\u00a0kg",
        "price": "\u20ac10.50",
        "price_per_quantity": "(\u20ac177.97 / 1 kg)",
        "stock_availability": "In stock",
        "description": "Finest Belgian chocolate, filled with nougat and created by the caring hand of our chocolatier - enjoy these unique chocolates with typical Berlin motives from our local manufacture. You are lucky: These are original Felicitas specialties!",
        "primary_image": "https://www.heinemann-shop.com/medias/1267793-527Wx527H?context=bWFzdGVyfGltYWdlc3w3MjQ3MnxpbWFnZS9qcGVnfGFEaGhMMmhpWlM4NU5qa3hPRGs1T1RVek1UZ3lMekV5TmpjM09UTmZOVEkzVjNnMU1qZEl8MDg5N2EwODA4ZDAzZDBiMTgzMThkZjEwZDFiNTUxNTVkODlhZWQzYTE5YzJmZDc4NTMzZGMyMWI4ZDE2ZTEwOA&v=1656459932707",
        "images": []
    },
    {
        "product_url": "https://www.heinemann-shop.com/en/global/baratti-milano/baratti-milano-ballottin-cremini-180g/p/000000000001408736/",
        "brand_name": "Baratti & Milano",
        "brand_url": "https://www.heinemann-shop.com/en/global/baratti-milano/c/BRAND_2506/",
        "product_name": "Baratti & Milano Ballottin Cremini 180g",
        "quantity": "0.18\u00a0kg",
        "price": "\u20ac14.90",
        "price_per_quantity": "(\u20ac82.78 / 1 kg)",
        "stock_availability": "In stock, immediately available",
        "description": "\"Cremini\" classic and dark ballottin: a three layers pralin\u00e8s, the classic version with two layers of Gianduia chocolate embracing the soft hazelnut cream layer and the dark version with two layers of dark chocolate embracing dark hazelnut cream layer in the middle.",
        "primary_image": "https://www.heinemann-shop.com/medias/527Wx527H-null?context=bWFzdGVyfGltYWdlc3w3NTM2MnxpbWFnZS9qcGVnfGFHWTJMMmcwTXk4NU56WXhNVFk0TWpZeE1UVXdMelV5TjFkNE5USTNTRjl1ZFd4c3wxM2RlNjc1MzM5MTU0OWU0MTJiMTRjZjA3NWRkOTViNzg0OGEwZGY3MGU0MGIxYWUzNDc0ODExZjcwMzUyOTYw&v=1683175815246",
        "images": []
    },
    {
        "product_url": "https://www.heinemann-shop.com/en/global/ohde/ohde-rixdorfer-cube-collection-80g/p/000000000001433342/",
        "brand_name": "Ohde",
        "brand_url": "https://www.heinemann-shop.com/en/global/ohde/c/BRAND_8377/",
        "product_name": "OHDE Rixdorfer cube collection 80g",
        "quantity": "0.08\u00a0kg",
        "price": "\u20ac10.90",
        "price_per_quantity": "(\u20ac136.25 / 1 kg)",
        "stock_availability": "",
        "description": "Berlin marzipan with a special appreciation for premium quality, a high content of almonds, less sugar, purity of ingredients and creative design. Enjoy OHDE marzipan in a fresh and contemporary way!",
        "primary_image": "",
        "images": []
    },
    {
        "product_url": "https://www.heinemann-shop.com/en/global/bortolotti/coarse-grained-salami-produced-with-pork-meats/p/000000000001506549/",
        "brand_name": "Bortolotti",
        "brand_url": "https://www.heinemann-shop.com/en/global/bortolotti/c/BRAND_0170/",
        "product_name": "Coarse-grained Salami produced with pork meats",
        "quantity": "0.35\u00a0kg",
        "price": "\u20ac15.90",
        "price_per_quantity": "(\u20ac45.43 / 1 kg)",
        "stock_availability": "In stock, immediately available",
        "description": "Coarse-grained Salami produced with pork meats, Made with fresh pork meats, Raw seasoned, stuffed in collato gut (edible).Color Shining red, uniform, pleasant perfume of truffle, Solid and homogeneous slice.",
        "primary_image": "https://www.heinemann-shop.com/medias/527Wx527H-null?context=bWFzdGVyfGltYWdlc3w0MjkwNHxpbWFnZS9qcGVnfGFEVTJMMmhsTVM4eE1EZzJORGczT1RVNU9UWTBOaTgxTWpkWGVEVXlOMGhmYm5Wc2JBfGUwY2IxZTI2OWJmNTE4MThmNWRmMWVjMDViNjYyMzQxY2Y0ZTQzMjE5NmVlZTQwNDEyOTMwN2E0Njk3YzQyMjg&v=1720643385098",
        "images": [
            "https://www.heinemann-shop.com/medias/527Wx527H-null?context=bWFzdGVyfGltYWdlc3w0MjkwNHxpbWFnZS9qcGVnfGFEVTJMMmhsTVM4eE1EZzJORGczT1RVNU9UWTBOaTgxTWpkWGVEVXlOMGhmYm5Wc2JBfGUwY2IxZTI2OWJmNTE4MThmNWRmMWVjMDViNjYyMzQxY2Y0ZTQzMjE5NmVlZTQwNDEyOTMwN2E0Njk3YzQyMjg&v=1720643385098",
            "https://www.heinemann-shop.com/medias/527Wx527H-null?context=bWFzdGVyfGltYWdlc3w3NTY2MHxpbWFnZS9qcGVnfGFETXhMMmhsTlM4eE1EZzJORGc0TnpVNU5UQXpPQzgxTWpkWGVEVXlOMGhmYm5Wc2JBfDc1OWYwM2YzZjA1YTVkMTMxOGZiNjUwYjNjMjcwMWQ3MWM2YmFjNjRiOTk0OTlhYjA5NDg3MDE3NDU3YmUzOGY&v=1720643734233"
        ]
    },
    {
        "product_url": "https://www.heinemann-shop.com/en/global/adler/adler-black-forest-ham-500g-gift-box/p/000000000000226537/",
        "brand_name": "Adler",
        "brand_url": "https://www.heinemann-shop.com/en/global/adler/c/BRAND_4157/",
        "product_name": "Adler Black Forest ham 500g gift box",
        "quantity": "0.5\u00a0kg",
        "price": "\u20ac16.99",
        "price_per_quantity": "(\u20ac33.98 / 1 kg)",
        "stock_availability": "In stock",
        "description": "\"ADLER's ham is made of selected gammon. Finely seasoned according to traditional recipes and salted by hand,",
        "primary_image": "https://www.heinemann-shop.com/medias/527Wx527H-null?context=bWFzdGVyfGltYWdlc3w1NDQzOXxpbWFnZS9qcGVnfGFERmtMMmcwTlM4eE1EYzVNREF5TVRRMk5EQTVOQzgxTWpkWGVEVXlOMGhmYm5Wc2JBfDBmZTI3ODcxM2FmYzM3MWE4MDViNTJkMTg3Y2M0Y2E4MjM3OTk4ZWYxMTFlNjJmZTdlZDJhYTU3ZTBkZmE4ZTk&v=1718915361128",
        "images": []
    },
    {
        "product_url": "https://www.heinemann-shop.com/en/global/toblerone/tone-504g-tiny-milk-bag-10ca/p/000000000001594803/",
        "brand_name": "Toblerone",
        "brand_url": "https://www.heinemann-shop.com/en/global/toblerone/c/BRAND_0485/",
        "product_name": "Tone 504g Tiny Milk Bag 10CA",
        "quantity": "0.504\u00a0kg",
        "price": "\u20ac17.90",
        "price_per_quantity": "(\u20ac35.52 / 1 kg)",
        "stock_availability": "In stock, immediately available",
        "description": "The iconic milk chocolate with honey and almond nougat! Travel exclusive bag of 63 individually wrapped snack-sized pieces. Perfect to share with your loved ones",
        "primary_image": "https://www.heinemann-shop.com/medias/527Wx527H-null?context=bWFzdGVyfGltYWdlc3w1NjI1NHxpbWFnZS9qcGVnfGFEVTFMMmc0TlM4eE1ETXlNakE0T0RVMU9EWXlNaTgxTWpkWGVEVXlOMGhmYm5Wc2JBfDA1OTQyYTg5NDdiMDRhZmVlYThlYTAxNDk1OTJjMDNhNzRlOTBhOTQ2ODE1MzEyMGE0OTJkOWE0ZjhkNjVjYTI&v=1707774892438",
        "images": []
    },
    {
        "product_url": "https://www.heinemann-shop.com/en/global/mussini/mussini-aceto-balsamico-di-modena-i-g-p-5-coins-250ml-gold-box/p/000000000000502069/",
        "brand_name": "Mussini",
        "brand_url": "https://www.heinemann-shop.com/en/global/mussini/c/BRAND_4398/",
        "product_name": "Mussini Aceto Balsamico di Modena I.G.P. 5 Coins 250ml Gold Box",
        "quantity": "0.25\u00a0l",
        "price": "",
        "price_per_quantity": "(\u20ac111.60 / 1 l)",
        "stock_availability": "",
        "description": "Bitter-sweet flavour, balanced and pleasantly characteristic.",
        "primary_image": "https://www.heinemann-shop.com/medias/527Wx527H-null?context=bWFzdGVyfGltYWdlc3w2NjMyN3xpbWFnZS9qcGVnfGFEYzNMMmd3Tnk4eE1EazFNRFkxT0RVNE9EY3dNaTgxTWpkWGVEVXlOMGhmYm5Wc2JBfGRkNDMyOWQ0ZGQwMTZmM2ZhYmUyYWYxODkxMmQ4MDJhYjEyM2FjM2U2N2E4OGMyNjMyZDMwOGQzYzU5N2EyYjU&v=1722631689457",
        "images": [
            "https://www.heinemann-shop.com/medias/527Wx527H-null?context=bWFzdGVyfGltYWdlc3w2NjMyN3xpbWFnZS9qcGVnfGFEYzNMMmd3Tnk4eE1EazFNRFkxT0RVNE9EY3dNaTgxTWpkWGVEVXlOMGhmYm5Wc2JBfGRkNDMyOWQ0ZGQwMTZmM2ZhYmUyYWYxODkxMmQ4MDJhYjEyM2FjM2U2N2E4OGMyNjMyZDMwOGQzYzU5N2EyYjU&v=1722631689457",
            "https://www.heinemann-shop.com/medias/527Wx527H-null?context=bWFzdGVyfGltYWdlc3w3NDYxOXxpbWFnZS9qcGVnfGFHSTVMMmd4Tnk4eE1EazFNRFkyTVRJM05UWTNPQzgxTWpkWGVEVXlOMGhmYm5Wc2JBfDRhMjEwZjZkMWQzYTY1ZDllNjIwMDNmMDJmMDllMWRmZjU5N2Y5MWFhMzkzYTZlMTVlNzRmNzMwZTQyOWZmNmU&v=1722631804415",
            "https://www.heinemann-shop.com/medias/527Wx527H-null?context=bWFzdGVyfGltYWdlc3w0NjU5NHxpbWFnZS9qcGVnfGFHVXdMMmd4WlM4eE1EazFNRFkyTVRBME5qTXdNaTgxTWpkWGVEVXlOMGhmYm5Wc2JBfDk0MzBlM2E3YzJjYzI0ZGE5Y2NkYzI0OWU3OGRmM2JiYWIyNjc4YTJiYTk1OTU2YmU5OTkwOGM4Y2E1YmRkMzU&v=1722631795885"
        ]
    },
    {
        "product_url": "https://www.heinemann-shop.com/en/global/lindt/lindt-captain-cocoa-and-captain-skyla-napolitains-in-a-mini-bag-format-114g/p/000000000001618348/",
        "brand_name": "Lindt",
        "brand_url": "https://www.heinemann-shop.com/en/global/lindt/c/BRAND_1486/",
        "product_name": "Lindt Captain Cocoa and Captain Skyla Napolitains in a mini bag format 114g",
        "quantity": "0.114\u00a0kg",
        "price": "",
        "price_per_quantity": "(\u20ac78.07 / 1 kg)",
        "stock_availability": "",
        "description": "Embark on a playful chocolate journey with Lindt Captain Cocoa and Captain Skyla featuring a mini bag format to snack on-the-go. Discover the ideal travel treat to enchant even the youngest chocolate lovers you know with the finest Swiss Milk Chocolate created bythe Lindt Master Chocolatiers, wrapped in playful travel-themed wrappers.",
        "primary_image": "https://www.heinemann-shop.com/medias/527Wx527H-null?context=bWFzdGVyfGltYWdlc3w4NzQ3NXxpbWFnZS9qcGVnfGFEZzBMMmhsWWk4eE1USTROakk0TURZMk56RTJOaTgxTWpkWGVEVXlOMGhmYm5Wc2JBfGYyMjQ2NzM2YmU5MTI4NTFhNGVhMWQ4NzU2NzBjMDQzNWVmYWM2ZmU3MmVjZjIwYjNjMmZlMTRlMDNlZWJmZTA&v=1729323364225",
        "images": []
    },
    {
        "product_url": "https://www.heinemann-shop.com/en/global/meinl/julius-meinl-instant-coffee-100g/p/000000000001133904/",
        "brand_name": "Meinl",
        "brand_url": "https://www.heinemann-shop.com/en/global/meinl/c/BRAND_3394/",
        "product_name": "Julius Meinl Instant coffee 100g",
        "quantity": "0.1\u00a0kg",
        "price": "\u20ac8.49",
        "price_per_quantity": "(\u20ac84.90 / 1 kg)",
        "stock_availability": "",
        "description": "Julius Meinl Instant Coffee is made from 100% Premium Arabica coffee beans.",
        "primary_image": "https://www.heinemann-shop.com/medias/1133904-527Wx527H?context=bWFzdGVyfGltYWdlc3w1NTE0NnxpbWFnZS9qcGVnfGFXMWhaMlZ6TDJnellpOW9OVGN2T1RNek56azNNakUyTWpVNU1DNXFjR2N8OTBhYzE1NjU5ZDNjZDAyYTM5NWVmOTdiNDBlZDZlYjVjYjIyN2Q2MDRmMTgxOTdlYmIxOGIxYjgxZDdhMGIyYQ&v=1576753025173",
        "images": []
    },
    {
        "product_url": "https://www.heinemann-shop.com/en/global/demmer-tee/demmer-vienna-forever-bag-100g/p/000000000001028422/",
        "brand_name": "Demmer Tee",
        "brand_url": "https://www.heinemann-shop.com/en/global/demmer-tee/c/BRAND_6198/",
        "product_name": "DEMMER Vienna Forever Bag 100g",
        "quantity": "0.1\u00a0kg",
        "price": "\u20ac8.49",
        "price_per_quantity": "(\u20ac84.90 / 1 kg)",
        "stock_availability": "",
        "description": "Teabag with elegant label with nostalgic Vienna motif. Filled with 100g flavoured Fruit Infusion \"Berry Cocktail\", a delicious blend of hibiscus, currants, elderberries, raisins and rose blossom refined with tropical, fruity flavourings.",
        "primary_image": "https://www.heinemann-shop.com/medias/1028422-527Wx527H?context=bWFzdGVyfGltYWdlc3w1MDU1N3xpbWFnZS9qcGVnfGFXMWhaMlZ6TDJnMVlTOW9Oakl2T1RNek9EVTFNREU1TURFeE1DNXFjR2N8NDkzNGQ2M2E1YTY1YmI5MDgyNDkwMjQ3ZDg5Mzc1MjdlODQxYTNhNDc4ZWY5NzY2NDQyOTFhMWQ0NGUxNjlmYg&v=1576761010071",
        "images": []
    },
    {
        "product_url": "https://www.heinemann-shop.com/en/global/borgo-de-medici/borgo-de-medici-extra-virgin-olive-oil-in-old-style-yellow-paper-750ml-l/p/000000000000550249/",
        "brand_name": "Borgo de' Medici",
        "brand_url": "https://www.heinemann-shop.com/en/global/borgo-de-medici/c/BRAND_5792/",
        "product_name": "Borgo de Medici extra virgin olive oil in \"old style\" yellow paper 750ml l",
        "quantity": "0.75\u00a0l",
        "price": "\u20ac26.90",
        "price_per_quantity": "(\u20ac35.87 / 1 l)",
        "stock_availability": "In stock, immediately available",
        "description": "The highest quality rating oil, denoting oil with a perfect flavour and aroma. Obtained solely by mechanical measures, without the use of any chemicals, and processed under thermal conditions which do not lead to changes in the oil. Borgo de Medici extra virgin oil is \"cold pressed.\" Simply enjoy it on toast, added to bread slices in the oven or over a BBQ grill and add sliced tomato for real Tuscan bruschetta!",
        "primary_image": "https://www.heinemann-shop.com/medias/527Wx527H-null?context=bWFzdGVyfGltYWdlc3wzODgzN3xpbWFnZS9qcGVnfGFEUmhMMmcwWkM4NU9EQXdOekl4TmpZeE9UZ3lMelV5TjFkNE5USTNTRjl1ZFd4c3wzNDc4Y2YyNmY5ZTc2NjczOGE1YTE3ZGVkMTQ3ZTJjMmJlNjhjMzYwMWRkYThkZDY2MzhkZWRkZjg3YzEwYzhj&v=1691448328674",
        "images": []
    },
    {
        "product_url": "https://www.heinemann-shop.com/en/global/dalla-costa/dalla-costa-spaghetti-all-aglio-0-5kg/p/000000000000502080/",
        "brand_name": "Dalla Costa",
        "brand_url": "https://www.heinemann-shop.com/en/global/dalla-costa/c/BRAND_4395/",
        "product_name": "Dalla Costa Spaghetti all Aglio 0.5kg",
        "quantity": "0.5\u00a0kg",
        "price": "\u20ac6.50",
        "price_per_quantity": "(\u20ac13.00 / 1 kg)",
        "stock_availability": "In stock",
        "description": "At Dalla Costa we strive to interpret the evolution and trends in the consumption of pasta products. Our response is to produce a wide range of flavours of outstanding quality to satisfy expectations in Italy and internationally.",
        "primary_image": "https://www.heinemann-shop.com/medias/527Wx527H-null?context=bWFzdGVyfGltYWdlc3w0OTE3NnxpbWFnZS9qcGVnfGFEVTRMMmc1TlM4eE1ERTROemsyTlRNMk5qTXdNaTgxTWpkWGVEVXlOMGhmYm5Wc2JBfDI0NmVjNDE1Njk4MTA1MWVjNDgwODBiNTY1Mzg3ODdlYjc1MjdjNjZhOTM5ZWYwN2Y2NmQyOTM4MmUxZmY4MmU&v=1704492334090",
        "images": []
    },
    {
        "product_url": "https://www.heinemann-shop.com/en/global/kusmi-tea/kusmi-tea-rooibos-lemon-balm-and-verbena-natural-mango-flavor-for-infusion/p/000000000001618485/",
        "brand_name": "Kusmi Tea",
        "brand_url": "https://www.heinemann-shop.com/en/global/kusmi-tea/c/BRAND_5562/",
        "product_name": "kusmi tea, Rooibos, lemon balm and verbena, natural mango flavor for infusion",
        "quantity": "0.036\u00a0kg",
        "price": "",
        "price_per_quantity": "(\u20ac275.00 / 1 kg)",
        "stock_availability": "",
        "description": "Find calm and restorative sleep with our Sleep Ritual, a fruity organic herbal tea with clinically proven benefits! By combining science with the riches of nature, Kusmi Tea continues to innovate with this healthy infusion. Its promise? Enjoy 2 cups a day of this mango-flavored organic rooibos for deep relaxation and restorative sleep. Its secret? Lemon balm, rich in rosmarinic acid, an active ingredient recognized for its relaxing and soothing effects. And to concentrate the benefits of this plant, Sleep Ritual has been enriched with a lemon balm extract containing just the right dose of active ingredient, thanks to an innovative scientific process. We should shout it from the rooftops: sleep is a pillar of our well-being. In France, one in three people suffers from a sleep disorder, and almost half of 25- to 45-year-olds think they sleep less than they need to [1]. With Rituel Sommeil, pamper yourself with gourmet rooibos, refreshing verbena and velvety mango notes. Shorten the time it takes to fall asleep and get a restorative sleep... Kusmi Tea's Sleep Ritual will help you get a good night's sleep and wake up smoothly!Infusion available in loose tea or in tea bags, to make both your life and sleep easier. For a lasting improvement in sleep, we recommend 2 cups a day over a course of several weeks. And for occasional relaxation, 2 cups a day will be effective from day one. Tried and tested!",
        "primary_image": "https://www.heinemann-shop.com/medias/527Wx527H-null?context=bWFzdGVyfGltYWdlc3w1MzMyNnxpbWFnZS9qcGVnfGFHSm1MMmhtTUM4eE1EazROemswTnpBek1qWXdOaTgxTWpkWGVEVXlOMGhmYm5Wc2JBfDlkNWM3M2ZmOTNiMDQwYTg0NDg3NTViNjk0NWRlMDkzN2RhMDlmNmMwZmE3OWY1YmI5NzRhNTEzMzQxNjIxMDk&v=1723580506773",
        "images": []
    },
    {
        "product_url": "https://www.heinemann-shop.com/en/global/kusmi-tea/kusmi-tea-mate-green-tea-acerola-cherry-natural-orange-and-tropical-fruit-flavors/p/000000000001618483/",
        "brand_name": "Kusmi Tea",
        "brand_url": "https://www.heinemann-shop.com/en/global/kusmi-tea/c/BRAND_5562/",
        "product_name": "kusmi tea, Mate, green tea, acerola cherry, natural orange and tropical fruit flavors",
        "quantity": "0.036\u00a0kg",
        "price": "\u20ac9.99",
        "price_per_quantity": "(\u20ac277.50 / 1 kg)",
        "stock_availability": "In stock",
        "description": "Boost your immune system with a vitamin-rich organic green tea with clinically proven benefits! With this healthy tea, Kusmi Tea pushes the boundaries of inventiveness and lets science do the work. What's the goal? Boost your immune system every day by enjoying our organic green tea with fruity notes of orange, tropical fruit, and blackcurrant. Its secret? Acerola cherries: a fruit that is especially high in vitamin C. Because vitamin C is essential to our health. It boosts our defenses, preserves our vitality, and stimulates the production of antibodies! That's why we've come up with yet another innovation to deliver these benefits enjoyably. Our organic green tea leaves are enriched with acerola extract, which contains just the right amount of vitamin C, thanks to a novel avant-garde process. Just three cups a day of our Immune Defense Ritual provides 100% of the recommended daily intake of vitamin C. And that's not all! Our green tea is also high in antioxidants, making it an excellent companion. Keep your immunity strong with this organic tea infused with creativity to boost your energy and vitality! Because it's good for the planet, it can be purchased as loose tea or in convenient on-the-go teabags. Rebalancing your immune system takes time, so be patient! It takes at least four weeks for your body to regain its full vitality. Of course, you can drink the tea as often as you want, but you'll benefit most by drinking it consistently over time.",
        "primary_image": "https://www.heinemann-shop.com/medias/527Wx527H-null?context=bWFzdGVyfGltYWdlc3w1NTUyMnxpbWFnZS9qcGVnfGFHWTJMMmhpTmk4eE1EazROemswTmpVM016ZzFOQzgxTWpkWGVEVXlOMGhmYm5Wc2JBfDJjNGExZDU4YzQzMmQxYmY5M2YwZjU3OWIyODQyNmQ0NThmNGVhZTFhMmU3YTg0NDUzOWRmYjNkMjkyZWM3YWY&v=1723580485504",
        "images": []
    },
    {
        "product_url": "https://www.heinemann-shop.com/en/global/mussini/mussini-balsamic-glaze-raspberry-150ml/p/000000000000502106/",
        "brand_name": "Mussini",
        "brand_url": "https://www.heinemann-shop.com/en/global/mussini/c/BRAND_4398/",
        "product_name": "Mussini Balsamic Glaze Raspberry 150ml",
        "quantity": "0.15\u00a0l",
        "price": "\u20ac9.50",
        "price_per_quantity": "(\u20ac63.33 / 1 l)",
        "stock_availability": "In stock",
        "description": "Bitter-sweet flavour, balanced and pleasantly characteristic. Very versatile product. Great for decoration.",
        "primary_image": "https://www.heinemann-shop.com/medias/527Wx527H-null?context=bWFzdGVyfGltYWdlc3w0MDgwN3xpbWFnZS9qcGVnfGFHVTNMMmhpTkM4eE1ERXlOVGMwTlRVMU16UXpPQzgxTWpkWGVEVXlOMGhmYm5Wc2JBfGRkNWYyYjVhNmNhMjU2OTEwNjlhMTliZmQ1MDdlZGYzZTZlZjI2NWEwODkyZTc5NTljNDBlOGQ3YWEzNGY1Y2M&v=1702942990255",
        "images": []
    },
    {
        "product_url": "https://www.heinemann-shop.com/en/global/chili-trade/chili-trade-extra-hot-chili-oil-100ml/p/000000000001176458/",
        "brand_name": "Chili Trade",
        "brand_url": "https://www.heinemann-shop.com/en/global/chili-trade/c/BRAND_4102/",
        "product_name": "Chili Trade Extra hot chili oil 100ml",
        "quantity": "0.1\u00a0kg",
        "price": "\u20ac13.99",
        "price_per_quantity": "(\u20ac139.90 / 1 kg)",
        "stock_availability": "In stock",
        "description": "Our cold pressed paprikaoil are made from hot chili peppers grown in the Kalocsa region, without colouring agents.",
        "primary_image": "https://www.heinemann-shop.com/medias/527Wx527H-null?context=bWFzdGVyfGltYWdlc3wzNzY1OHxpbWFnZS9qcGVnfGFEZ3lMMmcxT1M4NU56SXdNekF4T1RFeU1EazBMelV5TjFkNE5USTNTRjl1ZFd4c3w5NDRjMTEwZGYyZTFkNDBkZmYwOTc2NWYwOWUwMDE0NDViMzM0MzRiNzc2NTg5MWFlOWFjYmVmYjE2ZGFmMmUw&v=1668721170306",
        "images": []
    },
    {
        "product_url": "https://www.heinemann-shop.com/en/global/dalla-costa/dalla-costa-spaghetti-di-seppia-0-5kg/p/000000000000502081/",
        "brand_name": "Dalla Costa",
        "brand_url": "https://www.heinemann-shop.com/en/global/dalla-costa/c/BRAND_4395/",
        "product_name": "Dalla Costa Spaghetti di seppia 0.5kg",
        "quantity": "0.5\u00a0kg",
        "price": "\u20ac6.50",
        "price_per_quantity": "(\u20ac13.00 / 1 kg)",
        "stock_availability": "In stock",
        "description": "At Dalla Costa we strive to interpret the evolution and trends in the consumption of pasta products. Our response is to produce a wide range of flavours of outstanding quality to satisfy expectations in Italy and internationally.",
        "primary_image": "https://www.heinemann-shop.com/medias/527Wx527H-null?context=bWFzdGVyfGltYWdlc3w1OTI0MnxpbWFnZS9qcGVnfGFEVTVMMmczTUM4eE1ERXlOVGMwTnpjNE1UWTJNaTgxTWpkWGVEVXlOMGhmYm5Wc2JBfDBlYjVmMWE2NzFjNmZlNDNmZWYzZWFiZjUzMGIwNjhiY2YyNTJkNWY5OTQxNDQ3MjNkNDljMmE3NjZjMDg0ZWQ&v=1702943084749",
        "images": []
    },
    {
        "product_url": "https://www.heinemann-shop.com/en/global/meinl/meinl-klimt-tin-coffee-500g/p/000000000000840524/",
        "brand_name": "Meinl",
        "brand_url": "https://www.heinemann-shop.com/en/global/meinl/c/BRAND_3394/",
        "product_name": "Meinl Klimt Tin + Coffee,500g",
        "quantity": "0.5\u00a0kg",
        "price": "\u20ac17.99",
        "price_per_quantity": "(\u20ac35.98 / 1 kg)",
        "stock_availability": "",
        "description": "Gustav Klimt was an early 20th century Viennese Art Deco painter. This elegant container for storing coffee shows the famous paintings \"The Kiss\" and \"Expectation\". It is filled with 500 gram Jubilee Blend ground coffee. Medium-light roast, medium-delicate taste. Perfect with some milk.",
        "primary_image": "https://www.heinemann-shop.com/medias/840524-527Wx527H?context=bWFzdGVyfGltYWdlc3w3MTk5MXxpbWFnZS9qcGVnfGFXMWhaMlZ6TDJnMllpOW9aVEl2T1RNek9EWXlNekU1TnpJeE5DNXFjR2N8MDQyM2IzODk0M2I0MTAwYzZkNTBhOTc5ZjcxYmFlODEzZGY4NjIyY2FjMGY4Y2ZhNzc5MDdmM2FmNDA0ZjNhMQ&v=1576762200766",
        "images": []
    },
    {
        "product_url": "https://www.heinemann-shop.com/en/global/twinings/twinings-english-breakfast-50x2g/p/000000000000927568/",
        "brand_name": "Twinings",
        "brand_url": "https://www.heinemann-shop.com/en/global/twinings/c/BRAND_0366/",
        "product_name": "Twinings English Breakfast 50x2g",
        "quantity": "0.1\u00a0kg",
        "price": "\u20ac6.50",
        "price_per_quantity": "(\u20ac65.00 / 1 kg)",
        "stock_availability": "In stock, immediately available",
        "description": "-Rich & Balanced- A traditional blend of black teas, creating a satisfying, rich taste. Found on breakfast tables throughout the world, Twinings English Breakfast is renowned for its full and rich taste. While the invigoratingly full flavour provides the perfect start to the morning, it\u2019s far too good to be confined to breakfast-time \u2013 enjoy this satisfying blend of black teas throughout your day.",
        "primary_image": "https://www.heinemann-shop.com/medias/527Wx527H-null?context=bWFzdGVyfGltYWdlc3w0NzgwMnxpbWFnZS9qcGVnfGFESmpMMmcyTVM4eE1UY3lNamMwTXpVM09EWTFOQzgxTWpkWGVEVXlOMGhmYm5Wc2JBfDdjNDIyZmUzMzY4NmJkZTJiOTdkYzYyYjAwMjM2MTdlZjQyY2IyNTNiMzc4ZmNhN2JmN2NhNTA3NzFmMDAyMGY&v=1738626401653",
        "images": []
    },
    {
        "product_url": "https://www.heinemann-shop.com/en/global/twinings/twinings-lady-grey-in-tins-500g/p/000000000000555030/",
        "brand_name": "Twinings",
        "brand_url": "https://www.heinemann-shop.com/en/global/twinings/c/BRAND_0366/",
        "product_name": "Twinings Lady Grey in tins 500g",
        "quantity": "0.5\u00a0kg",
        "price": "\u20ac22.90",
        "price_per_quantity": "(\u20ac45.80 / 1 kg)",
        "stock_availability": "",
        "description": "-Citrus & Fragrant- Aromatic black tea blend, infused with orange, lemon & citrus flavours. Created by Twinings\u2019 master blenders, Twinings Lady Grey became an instant classic. Subtly aromatic black teas are infused with orange, lemon and bergamot flavours to produce a light, fresh citrus taste. The result is a deliciously refreshing and revitalising tasting tea at any time of day.",
        "primary_image": "https://www.heinemann-shop.com/medias/527Wx527H-null?context=bWFzdGVyfGltYWdlc3w2NzQ5MHxpbWFnZS9qcGVnfGFESm1MMmhsWVM4eE1UY3lNak0zTURNNE16a3dNaTgxTWpkWGVEVXlOMGhmYm5Wc2JBfGY1MWZjZTk1Mjk3NTA3ZDg1YjQ5OWU2ZTdjZDIwNmE0Mzc1MjQ4MjJjODIzYzFhZjgzM2I1ODE0OTkyNzJmNTc&v=1738625366100",
        "images": []
    },
    {
        "product_url": "https://www.heinemann-shop.com/en/global/bergwild/bergwild-deer-sausage-180g/p/000000000001186481/",
        "brand_name": "Bergwild",
        "brand_url": "https://www.heinemann-shop.com/en/global/bergwild/c/BRAND_6202/",
        "product_name": "Bergwild deer sausage 180g",
        "quantity": "0.18\u00a0kg",
        "price": "\u20ac12.49",
        "price_per_quantity": "(\u20ac69.39 / 1 kg)",
        "stock_availability": "",
        "description": "The venison sausage of Bergwild is a specialty of the Alps . High quality deer meat from the southern mountain regions of Austria gives the product its final touch.",
        "primary_image": "https://www.heinemann-shop.com/medias/527Wx527H-null?context=bWFzdGVyfGltYWdlc3w2MzgxN3xpbWFnZS9qcGVnfGFHWm1MMmcxT1M4NU9EQXdPRGszT0RnNE1qZzJMelV5TjFkNE5USTNTRjl1ZFd4c3xmMjQ5NzVmMjIwMzEyY2IwM2JjNDAxZTBhNGE2N2IwZWQxMTI3OTg4YWE2ZjY3YWY4NmMwOWE0OTVkZjY1OWFi&v=1691472975875",
        "images": []
    },
    {
        "product_url": "https://www.heinemann-shop.com/en/global/borgo-de-medici/borgo-de-medici-italian-salt-selection-chilli-pepper-truffle-tuscan-herbs-3x100g/p/000000000001307842/",
        "brand_name": "Borgo de' Medici",
        "brand_url": "https://www.heinemann-shop.com/en/global/borgo-de-medici/c/BRAND_5792/",
        "product_name": "Borgo de' Medici - Italian Salt Selection (Chilli Pepper; Truffle; Tuscan Herbs) - 3x100g",
        "quantity": "0.3\u00a0kg",
        "price": "\u20ac7.75",
        "price_per_quantity": "(\u20ac25.83 / 1 kg)",
        "stock_availability": "",
        "description": "The finest Italian Sea Salt selection declined in three variations that won't never let be bored your dishes. All wrapped in the typical Florentine Paper design.",
        "primary_image": "https://www.heinemann-shop.com/medias/527Wx527H-null?context=bWFzdGVyfGltYWdlc3w3MzYyOXxpbWFnZS9qcGVnfGFEazJMMmczWkM4NU9EQXdPVE0yTnpVeE1UTTBMelV5TjFkNE5USTNTRjl1ZFd4c3xkZDk2ZTI0N2RhYWMwMTM4MTk5ODk3YWQyMDRhYTM2NGJjZGU1OGY1MmE1NzQzZGNkYzk0YjQyMGVlMDI3OGEw&v=1691482840098",
        "images": []
    },
    {
        "product_url": "https://www.heinemann-shop.com/en/global/cartwright-butler/it-s-time-for-tea-240g/p/000000000001259567/",
        "brand_name": "Cartwright & Butler",
        "brand_url": "https://www.heinemann-shop.com/en/global/cartwright-butler/c/BRAND_6725/",
        "product_name": "It's time for tea 240g",
        "quantity": "0.24\u00a0kg",
        "price": "\u20ac20.99",
        "price_per_quantity": "(\u20ac87.46 / 1 kg)",
        "stock_availability": "In stock",
        "description": "The perfect breakfast duo. Includes our classic recipe shortbread made with butter and packed with salted caramel pieces paired with a full-bodied English breakfast tea.",
        "primary_image": "https://www.heinemann-shop.com/medias/527Wx527H-null?context=bWFzdGVyfGltYWdlc3w1MTU1NHxpbWFnZS9qcGVnfGFEQTNMMmczTkM4NU56VTVOVEEwTURNNU9UWTJMelV5TjFkNE5USTNTRjl1ZFd4c3w3NmVkNDYzYWY0MDMyNmYzOTlkYzI3YWM0Nzc0ODJiOTAyZGI5N2Y1ZWIzNmExZGMxYmMyMDRhNWIzM2JmNDJj&v=1682637983162",
        "images": []
    },
    {
        "product_url": "https://www.heinemann-shop.com/en/global/twinings/twinings-english-breakfast-in-tin-200g/p/000000000000648981/",
        "brand_name": "Twinings",
        "brand_url": "https://www.heinemann-shop.com/en/global/twinings/c/BRAND_0366/",
        "product_name": "Twinings English Breakfast in tin 200g",
        "quantity": "0.2\u00a0kg",
        "price": "\u20ac9.90",
        "price_per_quantity": "(\u20ac49.50 / 1 kg)",
        "stock_availability": "In stock, immediately available",
        "description": "-Rich & Balanced- A traditional blend of black teas, creating a satisfying, rich taste. Found on breakfast tables throughout the world, Twinings English Breakfast is renowned for its full and rich taste. While the invigoratingly full flavour provides the perfect start to the morning, it\u2019s far too good to be confined to breakfast-time \u2013 enjoy this satisfying blend of black teas throughout your day.",
        "primary_image": "https://www.heinemann-shop.com/medias/527Wx527H-null?context=bWFzdGVyfGltYWdlc3w1MzgzMHxpbWFnZS9qcGVnfGFEWmhMMmd6T0M4eE1UY3lNak0zTWpZME5EZzVOQzgxTWpkWGVEVXlOMGhmYm5Wc2JBfGYxYzZhMWQ5NTdhYTYwMmE4ZWY1ZThmYWVlNDcxNmRmYjQ4ZTAxNjRhMTkwMmM0MzgxNWQ2YTI4ODliOWE5NjM&v=1738625575702",
        "images": []
    },
    {
        "product_url": "https://www.heinemann-shop.com/en/global/toblerone/toblerone-milk-bundle-4x100-g/p/000000000001476324/",
        "brand_name": "Toblerone",
        "brand_url": "https://www.heinemann-shop.com/en/global/toblerone/c/BRAND_0485/",
        "product_name": "Toblerone Milk Bundle 4x100 g",
        "quantity": "0.4\u00a0kg",
        "price": "\u20ac9.90",
        "price_per_quantity": "(\u20ac24.75 / 1 kg)",
        "stock_availability": "In stock, immediately available",
        "description": "Four 100g bars of Iconic Toblerone milk chocolate with honey and almond nougat in a travel exclusive bundle pack - a great gift to share with chocolate lovers!",
        "primary_image": "https://www.heinemann-shop.com/medias/527Wx527H-null?context=bWFzdGVyfGltYWdlc3wzNDEzOHxpbWFnZS9qcGVnfGFHWTJMMmcwWkM4eE1UUTBNemcxTmprek1qZzVOQzgxTWpkWGVEVXlOMGhmYm5Wc2JBfDU2NGM2N2QwYzVlZjc1NzkyMWRjODM5NWQ4MmFkNmNiMjRhZmE0ZWZiNjI4OGYyMzE2MmJhMDUxMDkyNzJlN2Y&v=1732655215010",
        "images": []
    },
    {
        "product_url": "https://www.heinemann-shop.com/en/global/wolf/wolf-nuernberger-grilled-sausage-cabbage-salad-300g/p/000000000000221564/",
        "brand_name": "Wolf",
        "brand_url": "https://www.heinemann-shop.com/en/global/wolf/c/BRAND_4140/",
        "product_name": "Wolf N\u00fcrnberger grilled Sausage+cabbage salad, 300g",
        "quantity": "0.3\u00a0kg",
        "price": "",
        "price_per_quantity": "(\u20ac23.00 / 1 kg)",
        "stock_availability": "",
        "description": "The Original Nuremeberg Sausages / Bratwurst, manufactured according to a traditional recipe, savoury, in natural casing. 6  Sausages, pregrilled an 200g Sauerkraut ready-to-serve, in alupack.",
        "primary_image": "https://www.heinemann-shop.com/medias/527Wx527H-null?context=bWFzdGVyfGltYWdlc3w5NTk3OHxpbWFnZS9qcGVnfGFEVTFMMmhoWkM4eE1EUTJOakUyTXpjNE5UYzFPQzgxTWpkWGVEVXlOMGhmYm5Wc2JBfDI0ZWE3NzJkMzU5MTdlYTA0MTg2NTk4YjIxZDhiNjMzNjM1NzAzNTk5MGZjNDQ2ODM1NjU0MDA1YmVlNWY1YTY&v=1711054946197",
        "images": []
    },
    {
        "product_url": "https://www.heinemann-shop.com/en/global/meica/meica-frankfurter-sausage-in-a-jar-250g/p/000000000000226553/",
        "brand_name": "Meica",
        "brand_url": "https://www.heinemann-shop.com/en/global/meica/c/BRAND_5375/",
        "product_name": "Meica Frankfurter Sausage in a jar, 250g",
        "quantity": "0.25\u00a0kg",
        "price": "",
        "price_per_quantity": "(\u20ac39.60 / 1 kg)",
        "stock_availability": "",
        "description": "Meicas Sausages Frankfurter variety made of genuine original recipe with a strong blend of spices. They give them a unique aromatic taste.",
        "primary_image": "https://www.heinemann-shop.com/medias/527Wx527H-null?context=bWFzdGVyfGltYWdlc3w2OTE2MXxpbWFnZS9qcGVnfGFEUTBMMmhsTkM4eE1EZzBOalUyTmpjME5EQTVOQzgxTWpkWGVEVXlOMGhmYm5Wc2JBfDBiYzhiOTNmNDQzZTA3YjhhYjY4OWVlN2Q1MGM2NDU5NTIyMDJhOWQwOGQ2ZDIzOGFjOWZiOGE4NjA1MDFkNjM&v=1720211882990",
        "images": []
    },
    {
        "product_url": "https://www.heinemann-shop.com/en/global/lindt/lindt-captain-cocoa-easy-to-carry-gift-box-filled-with-lindt-napolitains-250g/p/000000000001618601/",
        "brand_name": "Lindt",
        "brand_url": "https://www.heinemann-shop.com/en/global/lindt/c/BRAND_1486/",
        "product_name": "Lindt Captain Cocoa easy-to-carry gift box filled with Lindt Napolitains 250g",
        "quantity": "0.25\u00a0kg",
        "price": "",
        "price_per_quantity": "(\u20ac67.60 / 1 kg)",
        "stock_availability": "",
        "description": "Embark on a playful chocolate journey with Lindt Captain Cocoa featuring an easy-to-carry gift box filled with exquisite Lindt Napolitains. Discover the ideal travel gift to enchant even the youngest chocolate lovers you know with the finest Swiss Milk Chocolate created by the Lindt Master Chocolatiers, wrapped in playful travel-themed wrappers.",
        "primary_image": "https://www.heinemann-shop.com/medias/527Wx527H-null?context=bWFzdGVyfGltYWdlc3w2MDE4OHxpbWFnZS9qcGVnfGFESXpMMmhtTlM4eE1USTROakk0TlRReE9EVXlOaTgxTWpkWGVEVXlOMGhmYm5Wc2JBfGYzZWYyOThkMzBhM2UyOWIzNzM2YjViYzRkNDgyZjcxZTIzNTIwM2E4OWNhZWFlZjBiMDJlMzMzMTRmYjRhN2Y&v=1729323617847",
        "images": []
    },
    {
        "product_url": "https://www.heinemann-shop.com/en/global/toblerone/tiny-clc-mix-10ca/p/000000000001594796/",
        "brand_name": "Toblerone",
        "brand_url": "https://www.heinemann-shop.com/en/global/toblerone/c/BRAND_0485/",
        "product_name": "Tiny Clc Mix 10CA",
        "quantity": "0.504\u00a0kg",
        "price": "\u20ac17.90",
        "price_per_quantity": "(\u20ac35.52 / 1 kg)",
        "stock_availability": "In stock, immediately available",
        "description": "The assortment of iconic triangular milk, white and dark chocolates with honey and almond nougat! Travel exclusive bag of 63 individually wrapped snack-sized pieces. Perfect to share with your loved ones.",
        "primary_image": "https://www.heinemann-shop.com/medias/527Wx527H-null?context=bWFzdGVyfGltYWdlc3w2MDQxN3xpbWFnZS9qcGVnfGFEazBMMmhoTlM4eE1Ea3hPRFExTkRNMk1qRTBNaTgxTWpkWGVEVXlOMGhmYm5Wc2JBfDE0ZDczYTI0YjliMjViYjkwNjFiZWQ0OTE3ODlmN2E5ZTc5ZmZiOTAxYWYzZWQ0NDYwZDAwNDkyNzJiMTM0M2M&v=1721852369293",
        "images": []
    },
    {
        "product_url": "https://www.heinemann-shop.com/en/global/twinings/twinings-earl-grey-in-tins-500g/p/000000000000649021/",
        "brand_name": "Twinings",
        "brand_url": "https://www.heinemann-shop.com/en/global/twinings/c/BRAND_0366/",
        "product_name": "Twinings Earl Grey in tins 500g",
        "quantity": "0.5\u00a0kg",
        "price": "\u20ac22.90",
        "price_per_quantity": "(\u20ac45.80 / 1 kg)",
        "stock_availability": "In stock, immediately available",
        "description": "-Refreshing & Fragrant- Aromatic black tea blend, scented with a citrus bergamot flavour. The glorious combination of zesty bergamot flavouring with fine black tea gives Twinings Earl Grey it\u2019s wonderfully light and aromatic taste. It\u2019s not wonder this exquisite blend captivated the 19th century Earl Grey from the moment he first tasted it.",
        "primary_image": "https://www.heinemann-shop.com/medias/527Wx527H-null?context=bWFzdGVyfGltYWdlc3w2MzczNHxpbWFnZS9qcGVnfGFHWTJMMmhrWmk4eE1UY3lNak0zTURBNE9EazVNQzgxTWpkWGVEVXlOMGhmYm5Wc2JBfDg0NzBiZDU2MDg3NTMxZTllZDBlNzA2OGRkMTU2OGZlMTM2ZjU4OWUxOGZmNzJhY2E2ZDZlZjBiYTI1YmNkOTQ&v=1738625345103",
        "images": [
            "https://www.heinemann-shop.com/medias/527Wx527H-null?context=bWFzdGVyfGltYWdlc3w2MzczNHxpbWFnZS9qcGVnfGFHWTJMMmhrWmk4eE1UY3lNak0zTURBNE9EazVNQzgxTWpkWGVEVXlOMGhmYm5Wc2JBfDg0NzBiZDU2MDg3NTMxZTllZDBlNzA2OGRkMTU2OGZlMTM2ZjU4OWUxOGZmNzJhY2E2ZDZlZjBiYTI1YmNkOTQ&v=1738625345103",
            "https://www.heinemann-shop.com/medias/527Wx527H-null?context=bWFzdGVyfGltYWdlc3w2NDk5OHxpbWFnZS9qcGVnfGFEaGhMMmcxWVM4eE1UY3lNamN6TlRJMU5UVTRNaTgxTWpkWGVEVXlOMGhmYm5Wc2JBfDM4NmE3NDdjZjJhMjc4MWViMzFkZmNlODcwMTAzMTQ3OWY4OTZhY2I0MGY3ZmJlMTJkODVjNWJmZjhhYjQ5NjE&v=1738625758756"
        ]
    },
    {
        "product_url": "https://www.heinemann-shop.com/en/global/twinings/twinings-earl-grey-in-tin-200g/p/000000000000648971/",
        "brand_name": "Twinings",
        "brand_url": "https://www.heinemann-shop.com/en/global/twinings/c/BRAND_0366/",
        "product_name": "Twinings Earl Grey in tin 200g",
        "quantity": "0.2\u00a0kg",
        "price": "\u20ac9.90",
        "price_per_quantity": "(\u20ac49.50 / 1 kg)",
        "stock_availability": "",
        "description": "-Refreshing & Fragrant- Aromatic black tea blend, scented with a citrus bergamot flavour The glorious combination of zesty bergamot flavouring with fine black tea gives Twinings Earl Grey it\u2019s wonderfully light and aromatic taste. It\u2019s not wonder this exquisite blend captivated the 19th century Earl Grey from the moment he first tasted it.",
        "primary_image": "https://www.heinemann-shop.com/medias/527Wx527H-null?context=bWFzdGVyfGltYWdlc3w1MTY5M3xpbWFnZS9qcGVnfGFEazRMMmc1WlM4eE1UY3lNak0zTVRjMk1ERTFPQzgxTWpkWGVEVXlOMGhmYm5Wc2JBfDg3MjUxZTRkYjg2MGQ2NzA1ZjA1NWMwODMyNmJkMmJiYmEyOGNlZTNmYTYxNjkyNTg2NzlkYTQ3NDJjMmZiNDU&v=1738625507363",
        "images": []
    },
    {
        "product_url": "https://www.heinemann-shop.com/en/global/twinings/twinings-gunpowder-loose-green-tea-is-a-full-bodied-green-tea-with-a-mellow-aromatic-taste/p/000000000001623394/",
        "brand_name": "Twinings",
        "brand_url": "https://www.heinemann-shop.com/en/global/twinings/c/BRAND_0366/",
        "product_name": "Twinings Gunpowder loose green tea is a full bodied green tea with a mellow aromatic taste",
        "quantity": "0.5\u00a0kg",
        "price": "\u20ac22.99",
        "price_per_quantity": "(\u20ac45.98 / 1 kg)",
        "stock_availability": "In stock",
        "description": "Twinings Gunpowder Green Tea is a top-grade green tea with intensely fragrant leaves that are rolled into small pellets. This tea is deliciously aromatic and offers a bold, robust and smooth taste. Its gunpowder green tea provides a unique balance of smokiness and sweetness. The tea is sourced from farms around the world, giving it a unique flavour that is sure to please.",
        "primary_image": "https://www.heinemann-shop.com/medias/527Wx527H-null?context=bWFzdGVyfGltYWdlc3w2NzA5NXxpbWFnZS9qcGVnfGFHWmxMMmhrTVM4eE1UY3lNamMwTkRjNU1UQTNNQzgxTWpkWGVEVXlOMGhmYm5Wc2JBfDAyM2Q3ZTIyODNmOTgyMjhjZjVhYTQzMzcwN2IyMzQzYWY5YjQ4YWJjOWYwNTNmNDI0M2UwZjI3YWI4YjE1Y2M&v=1738626525004",
        "images": []
    },
    {
        "product_url": "https://www.heinemann-shop.com/en/global/twinings/twinings-english-breakfast-in-tin-500g/p/000000000000649031/",
        "brand_name": "Twinings",
        "brand_url": "https://www.heinemann-shop.com/en/global/twinings/c/BRAND_0366/",
        "product_name": "Twinings English Breakfast in tin 500g",
        "quantity": "0.5\u00a0kg",
        "price": "\u20ac22.90",
        "price_per_quantity": "(\u20ac45.80 / 1 kg)",
        "stock_availability": "",
        "description": "-Rich & Balanced- A traditional blend of black teas, creating a satisfying, rich taste. Found on breakfast tables throughout the world, Twinings English Breakfast is renowned for its full and rich taste. While the invigoratingly full flavour provides the perfect start to the morning, it\u2019s far too good to be confined to breakfast-time \u2013 enjoy this satisfying blend of black teas throughout your day.",
        "primary_image": "https://www.heinemann-shop.com/medias/527Wx527H-null?context=bWFzdGVyfGltYWdlc3w2NjU5M3xpbWFnZS9qcGVnfGFESXlMMmhqWmk4eE1UY3lNamMwTURreU5EUTBOaTgxTWpkWGVEVXlOMGhmYm5Wc2JBfGQ4NGJjZmQ2Y2IzYjRiNWU4Y2U0ZWVmYTllZjI0ZDJiNDE3MjNiMzYyMTRiMzJmNjQ4NTcxNzAzY2Y5NGNjN2I&v=1738626161575",
        "images": []
    },
    {
        "product_url": "https://www.heinemann-shop.com/en/global/meinl/meinl-elisabeth-tin-coffee-500g/p/000000000000840422/",
        "brand_name": "Meinl",
        "brand_url": "https://www.heinemann-shop.com/en/global/meinl/c/BRAND_3394/",
        "product_name": "Meinl Elisabeth Tin + Coffee, 500g",
        "quantity": "0.5\u00a0kg",
        "price": "\u20ac17.99",
        "price_per_quantity": "(\u20ac35.98 / 1 kg)",
        "stock_availability": "",
        "description": "A lovely Elisabeth coffee container in royal blue. Medium-light roast, this premium Julius Meinl coffee is a genuine Viennese blend from the best highland coffees of the world. Central American coffees are blended with coffees from Papua New Guinea to give Jubilee its fine acidity and full-bodied aromatic taste.",
        "primary_image": "https://www.heinemann-shop.com/medias/840422-527Wx527H?context=bWFzdGVyfGltYWdlc3w1OTIwMXxpbWFnZS9qcGVnfGFXMWhaMlZ6TDJnNE9DOW9NRFl2T1RNek9EVTJOVGd5TURRME5pNXFjR2N8MTFkMDAzZTYzNDUxMzY2MGVhZWM0NTI0MmEzOWI1MmRhMjE5NDIwMDdlMDk5MmI0ZWRmZjcyNDhlNzliMTcyZA&v=1576761233508",
        "images": []
    },
    {
        "product_url": "https://www.heinemann-shop.com/en/global/twinings/twinings-skyline-tea-collection-a-collection-of-earl-grey-english-breakfast-and-lady-grey-tea/p/000000000001155781/",
        "brand_name": "Twinings",
        "brand_url": "https://www.heinemann-shop.com/en/global/twinings/c/BRAND_0366/",
        "product_name": "Twinings Skyline Tea Collection. A collection of Earl Grey, English Breakfast and Lady Grey Tea.",
        "quantity": "0.3\u00a0kg",
        "price": "\u20ac22.90",
        "price_per_quantity": "(\u20ac76.33 / 1 kg)",
        "stock_availability": "",
        "description": "Twinings London Skyline Tea Collection - Celebrating London and Britishness.  A collection of three caddies in red (filled with Earl Grey Tea), white (with English Breakfast) and blue (filled with Lady Grey Tea).",
        "primary_image": "https://www.heinemann-shop.com/medias/527Wx527H-null?context=bWFzdGVyfGltYWdlc3wzNDUyNnxpbWFnZS9qcGVnfGFHRTBMMmcyWVM4eE1UY3lNamMwTXpnd09EQXpNQzgxTWpkWGVEVXlOMGhmYm5Wc2JBfDZlNmVmMjdkZDljYmM1OGY5MDczMjFiNjgyNWI5ZTI1NDNkNDU0NTA5NWI1NTdjMTU4MDE0MmYxN2RiNDA2Y2Y&v=1738626436258",
        "images": []
    },
    {
        "product_url": "https://www.heinemann-shop.com/en/global/twinings/twinings-earl-grey-50x2g/p/000000000000927567/",
        "brand_name": "Twinings",
        "brand_url": "https://www.heinemann-shop.com/en/global/twinings/c/BRAND_0366/",
        "product_name": "Twinings Earl Grey 50x2g",
        "quantity": "0.1\u00a0kg",
        "price": "\u20ac6.50",
        "price_per_quantity": "(\u20ac65.00 / 1 kg)",
        "stock_availability": "In stock, immediately available",
        "description": "-Refreshing & Fragrant- Aromatic black tea blend, scented with a citrus bergamot flavour.The glorious combination of zesty bergamot flavouring with fine black tea gives Twinings Earl Grey it\u2019s wonderfully light and aromatic taste. It\u2019s not wonder this exquisite blend captivated the 19th century Earl Grey from the moment he first tasted it.",
        "primary_image": "https://www.heinemann-shop.com/medias/527Wx527H-null?context=bWFzdGVyfGltYWdlc3w0NDkzNXxpbWFnZS9qcGVnfGFEQTFMMmcxWVM4eE1UY3lNamMwTXpNME9USTNPQzgxTWpkWGVEVXlOMGhmYm5Wc2JBfGM0MjZhMTk0M2FhZDRkMjEwM2Q0MzZjMDZjMDU1MzYwYmE0MzgxMDlmYWRmMGVmODk5NjM4Y2M1NTMyNGRiODA&v=1738626367048",
        "images": []
    },
    {
        "product_url": "https://www.heinemann-shop.com/en/global/reypenaer/wyngaard-chevre-gris1-32-240g/p/000000000001263348/",
        "brand_name": "Reypenaer",
        "brand_url": "https://www.heinemann-shop.com/en/global/reypenaer/c/BRAND_6522/",
        "product_name": "Wyngaard Ch\u00e8vre Gris1/32, 240g",
        "quantity": "0.24\u00a0kg",
        "price": "",
        "price_per_quantity": "(\u20ac70.42 / 1 kg)",
        "stock_availability": "",
        "description": "The Wyngaard Ch\u00e8vre Gris is a goat cheese ripened for 10 months. The Wyngaard Ch\u00e8vre Gris defines itself by a soft, deep and complexe taste of wood, walnut, sea salt and spices. A little creamy with some crystals, a little bit sour and even a little parmesan. The selection of the small cheese factory plus the ripening in special caves results in this taste. Very special cheese.",
        "primary_image": "https://www.heinemann-shop.com/medias/527Wx527H-null?context=bWFzdGVyfGltYWdlc3w0Mzk2MnxpbWFnZS9qcGVnfGFHSmlMMmc0WkM4NU9EQXdPVEUxTlRVd01qTTRMelV5TjFkNE5USTNTRjl1ZFd4c3w3NDU3YTIwOWM1ZjhjYjk5MzJjNTA5NDlkOWY4ZmEyMmI5MDA0NmFlYjQ0OGNmNmQ5ZWNhY2JlZTA5YmYxM2Zi&v=1691477115375",
        "images": []
    },
    {
        "product_url": "https://www.heinemann-shop.com/en/global/lindt/lindt-captain-skyla-easy-to-carry-gift-box-filled-with-lindt-napolitains-250g/p/000000000001618660/",
        "brand_name": "Lindt",
        "brand_url": "https://www.heinemann-shop.com/en/global/lindt/c/BRAND_1486/",
        "product_name": "Lindt Captain Skyla easy-to-carry gift box filled with Lindt Napolitains 250g",
        "quantity": "0.25\u00a0kg",
        "price": "",
        "price_per_quantity": "(\u20ac67.60 / 1 kg)",
        "stock_availability": "",
        "description": "Embark on a playful chocolate journey with Lindt Captain Skyla featuring an easy-to-carry gift box filled with exquisite Lindt Napolitains. Discover the ideal travel gift to enchant even the youngest chocolate lovers you know with the finest Swiss Milk Chocolate created by the Lindt Master Chocolatiers, wrapped in playful travel-themed wrappers.",
        "primary_image": "https://www.heinemann-shop.com/medias/527Wx527H-null?context=bWFzdGVyfGltYWdlc3w1NzM5OHxpbWFnZS9qcGVnfGFHSmpMMmcwTUM4eE1USTROakk0TnpFNE56azVPQzgxTWpkWGVEVXlOMGhmYm5Wc2JBfDM5YTlhZjgyYzM3MWEwOWVhMjliYmYzMDkwYjY5M2FlYTU2YWRjMDQ2NWE3ZjU4YTZkOWFiNmNkMDY3NTViZDk&v=1729323711910",
        "images": []
    },
    {
        "product_url": "https://www.heinemann-shop.com/en/global/chili-trade/set-of-paprika-with-doll-head/p/000000000001264518/",
        "brand_name": "Chili Trade",
        "brand_url": "https://www.heinemann-shop.com/en/global/chili-trade/c/BRAND_4102/",
        "product_name": "Set of paprika with doll head",
        "quantity": "0.1\u00a0kg",
        "price": "\u20ac11.99",
        "price_per_quantity": "(\u20ac119.90 / 1 kg)",
        "stock_availability": "In stock",
        "description": "Our paprikapowder made from hot and sweet peppers grown in the Kalocsa region, without any raising or colouring agents.",
        "primary_image": "https://www.heinemann-shop.com/medias/527Wx527H-null?context=bWFzdGVyfGltYWdlc3w3NDYxOHxpbWFnZS9qcGVnfGFHWXdMMmd5TXk4NU56YzBOVGt6TVRFME1UUXlMelV5TjFkNE5USTNTRjl1ZFd4c3wxNWRiY2VhYzk5MDE0MjczZWUyYTI3MmRlMTNmOGIwNTM1NTdiZWNmMjRmODk3MjdiZTg1MTViZTA4YmQ5ZTdi&v=1686776420665",
        "images": []
    },
    {
        "product_url": "https://www.heinemann-shop.com/en/global/borgo-de-medici/borgo-de-medici-80g-truffle-butter/p/000000000001244834/",
        "brand_name": "Borgo de' Medici",
        "brand_url": "https://www.heinemann-shop.com/en/global/borgo-de-medici/c/BRAND_5792/",
        "product_name": "Borgo de' Medici - 80g Truffle Butter",
        "quantity": "0.08\u00a0kg",
        "price": "\u20ac15.70",
        "price_per_quantity": "(\u20ac196.25 / 1 kg)",
        "stock_availability": "In stock, immediately available",
        "description": "Black Truffle Butter (Butter & Black Truffle) is made with butter and Black Truffle. The \u201cdiamond\u201d of nature meets butter for Perfect with eggs, hot baked potatoes, mashed potatoes, and french fries, this special butter is extremely versatile. Try to add a spoonful on your hot steak for having an explosion of truffle flavor. Put it on toasted bread with grated Parmesan cheese and serve as a tasty appetizer. Try it as a sauce for pasta or add it into your risotto recipe. Use it as your butter for popcorn and WOW everyone with special Truffle popcorn!",
        "primary_image": "https://www.heinemann-shop.com/medias/527Wx527H-null?context=bWFzdGVyfGltYWdlc3w0OTA5MnxpbWFnZS9qcGVnfGFEWmhMMmd4WkM4eE1Ea3pPVE16TkRRNU1qRTVNQzgxTWpkWGVEVXlOMGhmYm5Wc2JBfDZhOGY4NmU3YWRiMGM5MjdlNGY5NTUxYWYwZDlkM2M1NTIyYmVkMDg4NWJmOGIxYTkwYzZlOGZmMmYyYWQyYTA&v=1722369975364",
        "images": [
            "https://www.heinemann-shop.com/medias/527Wx527H-null?context=bWFzdGVyfGltYWdlc3w0OTA5MnxpbWFnZS9qcGVnfGFEWmhMMmd4WkM4eE1Ea3pPVE16TkRRNU1qRTVNQzgxTWpkWGVEVXlOMGhmYm5Wc2JBfDZhOGY4NmU3YWRiMGM5MjdlNGY5NTUxYWYwZDlkM2M1NTIyYmVkMDg4NWJmOGIxYTkwYzZlOGZmMmYyYWQyYTA&v=1722369975364",
            "https://www.heinemann-shop.com/medias/527Wx527H-null?context=bWFzdGVyfGltYWdlc3w3Njg1OHxpbWFnZS9qcGVnfGFERm1MMmc1TlM4eE1Ea3pPVE16Tnprd01EQTJNaTgxTWpkWGVEVXlOMGhmYm5Wc2JBfDMzYjY3NzUzNjBiNTMyZjdjOWE2M2EzYWJjMmRlZmQ2YTVjMzMxMWFiZGE1MjVhMTgwNzVlM2EyODIzZjRmMWY&v=1722370101044"
        ]
    },
    {
        "product_url": "https://www.heinemann-shop.com/en/global/la-collina-toscana/la-collina-toscana-food-grade-rock-salt-610g/p/000000000001505522/",
        "brand_name": "La Collina Toscana",
        "brand_url": "https://www.heinemann-shop.com/en/global/la-collina-toscana/c/BRAND_6972/",
        "product_name": "La Collina Toscana food grade rock salt 610g",
        "quantity": "0.61\u00a0kg",
        "price": "",
        "price_per_quantity": "(\u20ac52.30 / 1 kg)",
        "stock_availability": "",
        "description": "Big Grinder with Pink Food Grade  Rock Salt. The grinder is with an inner aluminium rust-free bar. It's a refilable grinder with adjustable grinding from fine to coarse. The mechanism is in ceramic. Store in a cool and dry place away.",
        "primary_image": "https://www.heinemann-shop.com/medias/527Wx527H-null?context=bWFzdGVyfGltYWdlc3wzNjA4OHxpbWFnZS9qcGVnfGFEa3lMMmhqTkM4NU56WXpNak0wT0RRd05qQTJMelV5TjFkNE5USTNTRjl1ZFd4c3xlNjlmZGUzMWI0ZDk2YzIwNmI1OTEwZjQ1N2Y1Mjk5NjVhZjIzOTE1NWUzNDgwY2NmNjgwNDUxMWQ3ZmExNGNm&v=1683792016344",
        "images": []
    },
    {
        "product_url": "https://www.heinemann-shop.com/en/global/toblerone/toblerone-256g-crunchy-almonds-mix-27ca/p/000000000001594797/",
        "brand_name": "Toblerone",
        "brand_url": "https://www.heinemann-shop.com/en/global/toblerone/c/BRAND_0485/",
        "product_name": "Toblerone 256g Crunchy Almonds Mix 27CA",
        "quantity": "0.256\u00a0kg",
        "price": "\u20ac13.90",
        "price_per_quantity": "(\u20ac54.30 / 1 kg)",
        "stock_availability": "In stock, immediately available",
        "description": "The assortment of milk, dark and crunchy almonds chocolates with honey and almond nougat in miniature 8g bars. Travel exclusive bag of individually wrapped snack-sized pieces. Perfect to share with your loved ones.",
        "primary_image": "https://www.heinemann-shop.com/medias/527Wx527H-null?context=bWFzdGVyfGltYWdlc3w1Nzg1OXxpbWFnZS9qcGVnfGFHRmhMMmhrTkM4eE1ERTVOemMxT1RneE9UZ3dOaTgxTWpkWGVEVXlOMGhmYm5Wc2JBfDBjMzFjNjAwNDEzNGFhNjRlYjhkNWJjNTk2MmE4ZTBjOWIwZmU3MTEwMWRmYWFiMzlkN2Y0NjE1ZWYyYjY5ODY&v=1704749081195",
        "images": []
    },
    {
        "product_url": "https://www.heinemann-shop.com/en/global/toblerone/toblerone-256g-tiny-milk-bag-27ca/p/000000000001594802/",
        "brand_name": "Toblerone",
        "brand_url": "https://www.heinemann-shop.com/en/global/toblerone/c/BRAND_0485/",
        "product_name": "Toblerone 256g Tiny Milk Bag 27CA",
        "quantity": "0.256\u00a0kg",
        "price": "\u20ac13.90",
        "price_per_quantity": "(\u20ac54.30 / 1 kg)",
        "stock_availability": "In stock, immediately available",
        "description": "Toblerone Tiny - the iconic milk chocolate with honey and almond nougat - offered in a shiny, travel exclusive golden bag of 32 individually wrapped perfectly snack-sized pieces.",
        "primary_image": "https://www.heinemann-shop.com/medias/527Wx527H-null?context=bWFzdGVyfGltYWdlc3w1Mjk4MHxpbWFnZS9qcGVnfGFEZ3hMMmczWlM4eE1ERTVOemMxTlRjNE9UTTBNaTgxTWpkWGVEVXlOMGhmYm5Wc2JBfDhhYjY4MzVmNzcxN2ZkYzlhOGQ0Y2QwZDk2MzU2NTY1Zjg1YTBmMzFkNDNiMWE3ODZhNDJhOTE2OTRlOTZhMTQ&v=1704748648938",
        "images": []
    },
    {
        "product_url": "https://www.heinemann-shop.com/en/global/toblerone/tone-256g-tiny-crunchy-almond-27ca/p/000000000001594798/",
        "brand_name": "Toblerone",
        "brand_url": "https://www.heinemann-shop.com/en/global/toblerone/c/BRAND_0485/",
        "product_name": "Tone 256g Tiny Crunchy Almond 27CA",
        "quantity": "0.256\u00a0kg",
        "price": "\u20ac13.90",
        "price_per_quantity": "(\u20ac54.30 / 1 kg)",
        "stock_availability": "In stock, immediately available",
        "description": "Toblerone Tiny Crunchy Almonds \u2013 The iconic triangular milk chocolate with honey and almond nougat enriched with crunchy caramelized almonds and a drop of salt. Perfect to share with your loved ones.",
        "primary_image": "https://www.heinemann-shop.com/medias/527Wx527H-null?context=bWFzdGVyfGltYWdlc3w1NTQzN3xpbWFnZS9qcGVnfGFHVmxMMmd5Tnk4eE1ERTVOemMyTURBME9URTRNaTgxTWpkWGVEVXlOMGhmYm5Wc2JBfDI1MjMxODhlYzFjYzkyZThiZTgzZmVmYTQxNzI1NTU0ZGJjZjgwN2I3N2ZmZWQxYTRjMzVmZmU2OTBlZjE5OWY&v=1704749111908",
        "images": []
    },
    {
        "product_url": "https://www.heinemann-shop.com/en/global/toblerone/tone-256g-tiny-dark-bag-27ca/p/000000000001594801/",
        "brand_name": "Toblerone",
        "brand_url": "https://www.heinemann-shop.com/en/global/toblerone/c/BRAND_0485/",
        "product_name": "Tone 256g Tiny Dark Bag 27CA",
        "quantity": "0.256\u00a0kg",
        "price": "\u20ac13.90",
        "price_per_quantity": "(\u20ac54.30 / 1 kg)",
        "stock_availability": "In stock, immediately available",
        "description": "Toblerone Tiny Dark - delicious dark chocolate with honey and almond nougat - offered in a shiny, travel exclusive black bag of 32 individually wrapped snack-sized pieces. Dainty and decadent!",
        "primary_image": "https://www.heinemann-shop.com/medias/527Wx527H-null?context=bWFzdGVyfGltYWdlc3w1MTI2NnxpbWFnZS9qcGVnfGFEWTRMMmc0T1M4eE1ERTVOemMxTlRReU9EZzVOQzgxTWpkWGVEVXlOMGhmYm5Wc2JBfGE1ODkwZjAzMGE0NGQwMTFlM2RjMDFlNGYwOTgxYTQ5NGE4YWU0MTNlZTQ1YzgzYjg1YTUyYTE2MzZjODNiZWE&v=1704748622299",
        "images": []
    },
    {
        "product_url": "https://www.heinemann-shop.com/en/global/toblerone/toblerone-256g-tiny-mix-bag-27ca/p/000000000001594800/",
        "brand_name": "Toblerone",
        "brand_url": "https://www.heinemann-shop.com/en/global/toblerone/c/BRAND_0485/",
        "product_name": "Toblerone 256g Tiny Mix Bag 27CA",
        "quantity": "0.256\u00a0kg",
        "price": "\u20ac13.90",
        "price_per_quantity": "(\u20ac54.30 / 1 kg)",
        "stock_availability": "In stock, immediately available",
        "description": "32 individually wrapped pieces of delicious Toblerone Milk, White and Dark Chocolate with honey and almond nougat in miniature 8g bars - a travel exclusive bag that's great for sharing or as a gift.",
        "primary_image": "https://www.heinemann-shop.com/medias/527Wx527H-null?context=bWFzdGVyfGltYWdlc3w1NjY3MXxpbWFnZS9qcGVnfGFHUm1MMmc1TWk4eE1ERTVOemMxTlRFNU9UVXhPQzgxTWpkWGVEVXlOMGhmYm5Wc2JBfGUzYjg3YmU1ODI3ZmI1OTEwZjExMjNlZTlmNzEwNmUzMzY5MGI0MzliNGFiM2E1MzViYTNmNmI0ZDEwNTlkNzY&v=1704748588995",
        "images": []
    },
    {
        "product_url": "https://www.heinemann-shop.com/en/global/al-rifai/al-rifai-cashew-truffles-150g/p/000000000001188584/",
        "brand_name": "Al Rifai",
        "brand_url": "https://www.heinemann-shop.com/en/global/al-rifai/c/BRAND_3164/",
        "product_name": "Al Rifai Cashew Truffles 150g",
        "quantity": "0.15\u00a0kg",
        "price": "\u20ac10.90",
        "price_per_quantity": "(\u20ac72.67 / 1 kg)",
        "stock_availability": "In stock, immediately available",
        "description": "Cashews roasted to perfection and seasoned with a fine truffles flavor. A gourmet kernel that can be enjoyed with pleasure.",
        "primary_image": "https://www.heinemann-shop.com/medias/527Wx527H-null?context=bWFzdGVyfGltYWdlc3wzNjEzNXxpbWFnZS9qcGVnfGFETmpMMmd5TlM4eE1UTTVOVFk0TXprd09UWTJNaTgxTWpkWGVEVXlOMGhmYm5Wc2JBfDI3YmE3MTk0OTNkMWRjMGQwMjAxMTU5YWEwM2IyMDhjYzI1YzI1OGU1ZjY5N2VjYWI3NWNiODI3OTRjN2I3MjU&v=1731361086475",
        "images": []
    },
    {
        "product_url": "https://www.heinemann-shop.com/en/global/toblerone/toblerone-bundle-fruit-collection-4-x-100-g/p/000000000001476325/",
        "brand_name": "Toblerone",
        "brand_url": "https://www.heinemann-shop.com/en/global/toblerone/c/BRAND_0485/",
        "product_name": "Toblerone Bundle Fruit Collection 4 x 100 g",
        "quantity": "0.4\u00a0kg",
        "price": "\u20ac9.90",
        "price_per_quantity": "(\u20ac24.75 / 1 kg)",
        "stock_availability": "",
        "description": "Assortment of 4 Swiss Milk Chocolate bars 100 gwith honey & almond nougat: 2x Toblerone Milk, 1x Toblerone Crunchy Almonds and 1x Toblerone Fruit and Nut. A great travel exclusive gift to share with chocolate lovers!",
        "primary_image": "https://www.heinemann-shop.com/medias/527Wx527H-null?context=bWFzdGVyfGltYWdlc3wzNzcxMXxpbWFnZS9qcGVnfGFHUmhMMmd3TXk4eE1UUTBNemcxTnpJeU56Z3dOaTgxTWpkWGVEVXlOMGhmYm5Wc2JBfGIwMWQyODE4NjBjN2EyNmVhOTJiNjcxZjk2ODI2MjQ0Njg3NGFlOWJmZWVjYzcyZDVmNzJjYzBmYmY4OGJjNDA&v=1732655233705",
        "images": []
    },
    {
        "product_url": "https://www.heinemann-shop.com/en/global/la-collina-toscana/la-collina-toscana-grinder-mixed-pepper-210g/p/000000000001304223/",
        "brand_name": "La Collina Toscana",
        "brand_url": "https://www.heinemann-shop.com/en/global/la-collina-toscana/c/BRAND_6972/",
        "product_name": "La Collina Toscana Grinder Mixed pepper 210g",
        "quantity": "0.21\u00a0kg",
        "price": "",
        "price_per_quantity": "(\u20ac151.90 / 1 kg)",
        "stock_availability": "",
        "description": "Big Grinder with Mixed Peppercorns. The grinder is with an inner aluminium rust-free bar. It's a refilable grinder with adjustable grinding from fine to coarse. The mechanism is in ceramic. Ideal for butter based sauce and grilled meats.",
        "primary_image": "https://www.heinemann-shop.com/medias/527Wx527H-null?context=bWFzdGVyfGltYWdlc3wzNjM5MnxpbWFnZS9qcGVnfGFEa3pMMmhrTWk4NU56WXpNakE1TlRFd09UUXlMelV5TjFkNE5USTNTRjl1ZFd4c3xlNDViZDg4OGU0MGJkYTZhNGFlYWFkY2FkZDE1Yzk0MmZmNDljNDY1YzBiNmYwYjJmZGViMDBjODUzYzY5ZjY5&v=1683784224200",
        "images": []
    },
    {
        "product_url": "https://www.heinemann-shop.com/en/global/la-collina-toscana/la-collina-toscana-grinder-black-pepper-280g/p/000000000001314361/",
        "brand_name": "La Collina Toscana",
        "brand_url": "https://www.heinemann-shop.com/en/global/la-collina-toscana/c/BRAND_6972/",
        "product_name": "La Collina Toscana Grinder Black pepper 280g",
        "quantity": "0.28\u00a0kg",
        "price": "",
        "price_per_quantity": "(\u20ac113.93 / 1 kg)",
        "stock_availability": "",
        "description": "Big Grinder with Black Peppercorns. The grinder is with an inner aluminium rust-free bar. It's a refilable grinder with adjustable grinding from fine to coarse. The mechanism is in ceramic. Ideal for any kind of dish.",
        "primary_image": "https://www.heinemann-shop.com/medias/527Wx527H-null?context=bWFzdGVyfGltYWdlc3wzNDcxMnxpbWFnZS9qcGVnfGFHUTNMMmcxWlM4NU56WXpNakV4T0Rjd01qTTRMelV5TjFkNE5USTNTRjl1ZFd4c3xkN2ExMDJjYjY4MzE3MjlkMjFlNTZjY2IzMDIxNWE4YjNjNjIyN2E3MWQ2NjZiNzVkNGI0MTJjYmIyNTQ3ODMy&v=1683784531415",
        "images": []
    },
    {
        "product_url": "https://www.heinemann-shop.com/en/global/la-collina-toscana/la-collina-toscana-grinder-peperoncino-160g/p/000000000001304221/",
        "brand_name": "La Collina Toscana",
        "brand_url": "https://www.heinemann-shop.com/en/global/la-collina-toscana/c/BRAND_6972/",
        "product_name": "La Collina Toscana Grinder Peperoncino 160g",
        "quantity": "0.16\u00a0kg",
        "price": "",
        "price_per_quantity": "(\u20ac199.38 / 1 kg)",
        "stock_availability": "",
        "description": "Big Grinder with Chili Pepper. The grinder is with an inner aluminium rust-free bar. It's a refilable grinder with adjustable grinding from fine to coarse. The mechanism is in ceramic. Ideal for meat, fish, cheeses and cocoa.",
        "primary_image": "https://www.heinemann-shop.com/medias/527Wx527H-null?context=bWFzdGVyfGltYWdlc3wzNjkzMHxpbWFnZS9qcGVnfGFERmpMMmhqT1M4NU56WXpNakE1TWpneE5UWTJMelV5TjFkNE5USTNTRjl1ZFd4c3w1NTk3MDU1NzA2YjBmOTZlMjY0YzQwNjgwODY1YWIzMmY3OWE2NjIyN2QyZGFlYjQ0MTMzOWI4YmM4MWRlNjYy&v=1683784219939",
        "images": []
    },
    {
        "product_url": "https://www.heinemann-shop.com/en/global/demmer-tee/demmer-sisis-favorite-tea-bag-100g/p/000000000001192915/",
        "brand_name": "Demmer Tee",
        "brand_url": "https://www.heinemann-shop.com/en/global/demmer-tee/c/BRAND_6198/",
        "product_name": "DEMMER Sisis Favorite Tea Bag 100g",
        "quantity": "0.1\u00a0kg",
        "price": "\u20ac8.49",
        "price_per_quantity": "(\u20ac84.90 / 1 kg)",
        "stock_availability": "",
        "description": "Teabag with popular motiv of the empress Elisabeth. Filled with 100g Flavoured Green Tea \"Green Kimono\", a blend of Chinese Sencha with pineapple pieces and refreshing pineapple-ginger-flavourings.",
        "primary_image": "",
        "images": []
    },
    {
        "product_url": "https://www.heinemann-shop.com/en/global/bergwild/bergwild-speckchips-40g/p/000000000001327166/",
        "brand_name": "Bergwild",
        "brand_url": "https://www.heinemann-shop.com/en/global/bergwild/c/BRAND_6202/",
        "product_name": "Bergwild Speckchips 40g",
        "quantity": "0.04\u00a0kg",
        "price": "\u20ac7.99",
        "price_per_quantity": "(\u20ac199.75 / 1 kg)",
        "stock_availability": "",
        "description": "CHRUNCHY SNACK WITH ONLY 8% FAT! Lean ham is rubbed with herbs according to a traditional recipe, lightly smoked over beech wood and dried in fresh mountain air.",
        "primary_image": "https://www.heinemann-shop.com/medias/1327166-527Wx527H?context=bWFzdGVyfGltYWdlc3w3NDMzMnxpbWFnZS9qcGVnfGFEUmtMMmhsTmk4NU5qYzFORGt6Tmpjd09UUXlMekV6TWpjeE5qWmZOVEkzVjNnMU1qZEl8OTBiYzIwYmM0NzRjNWQ1MTFjNmRhOTg2MDkzMjg5ZDhkNDNiMGJhYWYwYmU2ODkzYTcxYzg1NjQ1YjlmZmI4NQ&v=1650768642072",
        "images": []
    },
    {
        "product_url": "https://www.heinemann-shop.com/en/global/borgo-de-medici/truffle-condiments-gift-230g/p/000000000001215754/",
        "brand_name": "Borgo de' Medici",
        "brand_url": "https://www.heinemann-shop.com/en/global/borgo-de-medici/c/BRAND_5792/",
        "product_name": "Truffle Condiments Gift 230g",
        "quantity": "0.23\u00a0kg",
        "price": "\u20ac14.90",
        "price_per_quantity": "(\u20ac64.78 / 1 kg)",
        "stock_availability": "",
        "description": "Classic Truffle condiments set containing two special products for enriching your dishes.",
        "primary_image": "https://www.heinemann-shop.com/medias/527Wx527H-null?context=bWFzdGVyfGltYWdlc3w5NDY1OHxpbWFnZS9qcGVnfGFEVXhMMmczWmk4NU9EQXdPVEEzT0RneU5USTJMelV5TjFkNE5USTNTRjl1ZFd4c3xiOTE1YWY2NjI0ZDQxY2NlNWZlZjQxZTg0NDMzZTdjZDZkNzU3NDJkNjE1ZTU3NjNkYjE0Y2JjNWFlYWY4NWUz&v=1691475059830",
        "images": []
    },
    {
        "product_url": "https://www.heinemann-shop.com/en/global/bergwild/crisp-wiener-sausages-a-typical-wiener-original/p/000000000001331081/",
        "brand_name": "Bergwild",
        "brand_url": "https://www.heinemann-shop.com/en/global/bergwild/c/BRAND_6202/",
        "product_name": "Crisp Wiener sausages! A typical Wiener Original!",
        "quantity": "0.21\u00a0kg",
        "price": "\u20ac6.99",
        "price_per_quantity": "(\u20ac33.29 / 1 kg)",
        "stock_availability": "",
        "description": "Only lean, selected pork and beef from Austria are the ingredients of the Wiener sausages. Hand-made according to the old family recipe the sausages are gently cooked. This gives the Wiener sausages their unmistakably crisp bite and lovely spicy taste.",
        "primary_image": "https://www.heinemann-shop.com/medias/1331081-527Wx527H?context=bWFzdGVyfGltYWdlc3w2MzY1NXxpbWFnZS9qcGVnfGFXMWhaMlZ6TDJoaE9TOW9NbU12T1RNME1EVXhNakUwTVRNME1pNXFjR2N8NTg0ZDBhNzQ2NjI3NjgwNTMyZDU2MWY1NDVjNmJhYzU4MmU0YWNmNmVlMzI2OWQzOTA3ZDgzZGY0MzE3YjM3Ng&v=1576787661049",
        "images": []
    },
    {
        "product_url": "https://www.heinemann-shop.com/en/global/maisto/maisto-tech-r-c-ferrari-laferrari/p/000000000001513684/",
        "brand_name": "Maisto",
        "brand_url": "https://www.heinemann-shop.com/en/global/maisto/c/BRAND_3538/",
        "product_name": "Maisto Tech R/C, Ferrari LaFerrari",
        "quantity": "\n        ",
        "price": "\u20ac29.90",
        "price_per_quantity": "",
        "stock_availability": "Low stock",
        "description": "The RC 1:24 Ferrari LaFerrari (RTR) from Maisto Tech R/C with rear-wheel drive and front-wheel steering guarantees maximum racing action for young and old. The red car features an easy-to-use pistol controller, a frequency of 2.4 GHz and a control range of 35 meters. With its top speed of approx. 5.8 km/h, the car can be effortlessly controlled by drivers aged 5 years and older. Batteries included. (2x AA for the vehicle and 2x AAA for the remote control).",
        "primary_image": "https://www.heinemann-shop.com/medias/1513684-527Wx527H?context=bWFzdGVyfGltYWdlc3w0NDI0NHxpbWFnZS9qcGVnfGFETTRMMmhsWlM4NU56QXdORFk0T0RFM09UVXdMekUxTVRNMk9EUmZOVEkzVjNnMU1qZEl8NTg4ZTRhM2NjMWZkN2E3NWE5NTQ2M2QxMzJlMDVmN2I4M2ZkNGE4NjJkODAzOGM5Njk3ZDQ5YzJkMjI0MTMxZA&v=1660594403203",
        "images": [
            "https://www.heinemann-shop.com/medias/1513684-527Wx527H?context=bWFzdGVyfGltYWdlc3w0NDI0NHxpbWFnZS9qcGVnfGFETTRMMmhsWlM4NU56QXdORFk0T0RFM09UVXdMekUxTVRNMk9EUmZOVEkzVjNnMU1qZEl8NTg4ZTRhM2NjMWZkN2E3NWE5NTQ2M2QxMzJlMDVmN2I4M2ZkNGE4NjJkODAzOGM5Njk3ZDQ5YzJkMjI0MTMxZA&v=1660594403203",
            "https://www.heinemann-shop.com/medias/1513684-1-527Wx527H?context=bWFzdGVyfGltYWdlc3wzODgyM3xpbWFnZS9qcGVnfGFERmpMMmc0TkM4NU56QXdORGMxT1RJNE5qQTJMekUxTVRNMk9EUmZNVjgxTWpkWGVEVXlOMGd8NjM2NDJjMWMxMTk1MTk1NGNiOTFjYjQxOGQ0MzVmMDkxYTJmOWNmMDczODYzYzJjZDM1OGE0ZjQ4YmZjNTRhMg&v=1660594535990"
        ]
    },
    {
        "product_url": "https://www.heinemann-shop.com/en/global/maisto/maisto-fresh-metal-volvo-construction-vehicles-play-set/p/000000000001436557/",
        "brand_name": "Maisto",
        "brand_url": "https://www.heinemann-shop.com/en/global/maisto/c/BRAND_3538/",
        "product_name": "Maisto, Fresh Metal, volvo construction vehicles play-set",
        "quantity": "\n        ",
        "price": "\u20ac18.90",
        "price_per_quantity": "",
        "stock_availability": "Low stock",
        "description": "Maisto's Volvo Construction Vehicles Set offers highly detailed toy cars as well as a variety of construction site accessories, such as pylons and signs. The model cars have a length of approx. 8 cm",
        "primary_image": "https://www.heinemann-shop.com/medias/527Wx527H-null?context=bWFzdGVyfGltYWdlc3w2OTAyMHxpbWFnZS9qcGVnfGFEQTRMMmczWWk4eE1EVTNNakk0TURrNE56WTNPQzgxTWpkWGVEVXlOMGhmYm5Wc2JBfDA5ODc5NDhmYzU3ZjFjYmY3NGMyYTNhYjI2ZTZlMDg5ZGZjMzA1NTIwMzk2MDQ3YjU1MzE2NDBiNjFmYzAzYjk&v=1713386192726",
        "images": [
            "https://www.heinemann-shop.com/medias/527Wx527H-null?context=bWFzdGVyfGltYWdlc3w2OTAyMHxpbWFnZS9qcGVnfGFEQTRMMmczWWk4eE1EVTNNakk0TURrNE56WTNPQzgxTWpkWGVEVXlOMGhmYm5Wc2JBfDA5ODc5NDhmYzU3ZjFjYmY3NGMyYTNhYjI2ZTZlMDg5ZGZjMzA1NTIwMzk2MDQ3YjU1MzE2NDBiNjFmYzAzYjk&v=1713386192726",
            "https://www.heinemann-shop.com/medias/527Wx527H-null?context=bWFzdGVyfGltYWdlc3wzNzE5M3xpbWFnZS9qcGVnfGFHTXhMMmhrWlM4eE1EVTNNalF4TlRVNU9EWXlNaTgxTWpkWGVEVXlOMGhmYm5Wc2JBfDhlNmE0YTJkMTAyY2I3MDZkMjM5MmQxOTFmMDI0ZTk4OTBjY2EyZDhjNmQ1N2ZkMzhlYWVkZWNhNzEyMzgzNjQ&v=1713386324864",
            "https://www.heinemann-shop.com/medias/527Wx527H-null?context=bWFzdGVyfGltYWdlc3wzNjE3OHxpbWFnZS9qcGVnfGFHVXhMMmhrTVM4eE1EVTNNalF4TlRreU5qTXdNaTgxTWpkWGVEVXlOMGhmYm5Wc2JBfGFjMTcwNzJjZTg1ODI2ZTIyOTUyOWZkYmYxNTAwMjQ1MjdjMDc2M2U0NDU0NjRmNzE0Y2U1MDdhMjdhOTk3M2I&v=1713386332242",
            "https://www.heinemann-shop.com/medias/527Wx527H-null?context=bWFzdGVyfGltYWdlc3wzMTk3OXxpbWFnZS9qcGVnfGFHSTNMMmc0TWk4eE1EVTNNalF4TmpFNE9EUTBOaTgxTWpkWGVEVXlOMGhmYm5Wc2JBfGNiOTAxMGJjNDA3M2YxNmIxZDQ3YzAyMDA3NjU2ZTAzMzg2YzVkNWQwOThiYTA0ZDk5MzUwZmM4NzZlZjAwNmU&v=1713386339717",
            "https://www.heinemann-shop.com/medias/527Wx527H-null?context=bWFzdGVyfGltYWdlc3wzNTU0NHxpbWFnZS9qcGVnfGFHUTJMMmczT0M4eE1EVTNNalF4TmpRMU1EVTVNQzgxTWpkWGVEVXlOMGhmYm5Wc2JBfGI2ZDNhYjNjOTNiNzRmYWUyODJkOGQ4MzlmMDVlOGYzZTQ5ODMxNjgwZWFjNmFjM2IyODVlZjllNDkxNWE5YjY&v=1713386347281",
            "https://www.heinemann-shop.com/medias/527Wx527H-null?context=bWFzdGVyfGltYWdlc3wzNDc0N3xpbWFnZS9qcGVnfGFEQTRMMmcyWmk4eE1EVTNNalF4TmpjeE1qY3pOQzgxTWpkWGVEVXlOMGhmYm5Wc2JBfGMzZTA4MzFmZTM4NzA4MDZiODNlZWQyZmUyYzRkYjViZGYwZWRkNDc3NzkyMDcyNWE2ZjlhOTE4NmY5MDM2M2M&v=1713386354746",
            "https://www.heinemann-shop.com/medias/527Wx527H-null?context=bWFzdGVyfGltYWdlc3wzNzU5MHxpbWFnZS9qcGVnfGFEaGhMMmcyTnk4eE1EVTNNalF4TmprM05EZzNPQzgxTWpkWGVEVXlOMGhmYm5Wc2JBfGE5MmUzMDg3ODNiNDc5ZjhkYTFiM2RhMzM1MjE1NjExMTE5YWY0OTZmYWQ1YTIzNTA5NTM2NzZjZWQzOWVkY2E&v=1713386362320"
        ]
    },
    {
        "product_url": "https://www.heinemann-shop.com/en/global/m-m/m-m-s-mini-choco-milk-chocolate-lentils-in-a-sugar-shell/p/000000000001626540/",
        "brand_name": "M&M",
        "brand_url": "https://www.heinemann-shop.com/en/global/m-m/c/BRAND_2969/",
        "product_name": "M&M'S Mini Choco milk chocolate lentils in a sugar shell",
        "quantity": "0.31\u00a0kg",
        "price": "\u20ac8.50",
        "price_per_quantity": "(\u20ac27.42 / 1 kg)",
        "stock_availability": "In stock, immediately available",
        "description": "These world famous chocolates in a colorful candy shell are instantly recognizable all over the globe. M&M'S Choco is made of delicious milk chocolate.",
        "primary_image": "https://www.heinemann-shop.com/medias/527Wx527H-null?context=bWFzdGVyfGltYWdlc3w5MjAzMnxpbWFnZS9qcGVnfGFEQXdMMmd6TVM4eE1EWTBNRFk1TXpFd01EVTNOQzgxTWpkWGVEVXlOMGhmYm5Wc2JBfGM2YmIwMTE1ZWM0NTQ4ZTYwNDlhYzE3NTU3YmUxMjczZDg1MDhjYmUxMGYzYzc5NTUwOWNhYWY2NWIzNDYzODM&v=1715186731240",
        "images": []
    },
    {
        "product_url": "https://www.heinemann-shop.com/en/global/toblerone/tone-256g-tiny-white-bag-27ca/p/000000000001594799/",
        "brand_name": "Toblerone",
        "brand_url": "https://www.heinemann-shop.com/en/global/toblerone/c/BRAND_0485/",
        "product_name": "Tone 256g Tiny White Bag 27CA",
        "quantity": "0.256\u00a0kg",
        "price": "\u20ac13.90",
        "price_per_quantity": "(\u20ac54.30 / 1 kg)",
        "stock_availability": "In stock, immediately available",
        "description": "Toblerone Tiny White - the iconic white chocolate with honey and almond nougat - offered in a shiny, travel exclusive white bag of 32 individually wrapped snack-sized pieces - a convenient treat for white chocolate lovers.",
        "primary_image": "https://www.heinemann-shop.com/medias/527Wx527H-null?context=bWFzdGVyfGltYWdlc3w0NjMzMHxpbWFnZS9qcGVnfGFESTBMMmd6TlM4eE1ERTVOemMyTURRd09UWXpNQzgxTWpkWGVEVXlOMGhmYm5Wc2JBfDkxYjU5NmFlZTU2YWIxNWZkNzZhNDUwZTA5YzcyNGFlZGI4ZDM0NGRiN2ZiMTRiMzFhNmZiYzgwMjZhYzRkNGE&v=1704749141695",
        "images": []
    },
    {
        "product_url": "https://www.heinemann-shop.com/en/global/m-m/m-ms-peanut-gift-passport-milk-chocolate-covered-peanuts-in-a-sugar-shell-315g/p/000000000001626529/",
        "brand_name": "M&M",
        "brand_url": "https://www.heinemann-shop.com/en/global/m-m/c/BRAND_2969/",
        "product_name": "M&M\u2019S Peanut Gift Passport milk chocolate covered peanuts in a sugar shell 315g",
        "quantity": "0.315\u00a0kg",
        "price": "\u20ac14.90",
        "price_per_quantity": "(\u20ac47,301.59 / 1000 kg)",
        "stock_availability": "",
        "description": "These world famous chocolates in a colorful candy shell are instantly recognizable all over the globe. M&M'S Peanut has a deliciouspeanut center surrounded by milk chocolate.",
        "primary_image": "https://www.heinemann-shop.com/medias/527Wx527H-null?context=bWFzdGVyfGltYWdlc3w3NjQ2NHxpbWFnZS9qcGVnfGFEaGxMMmcyTnk4eE1EUXpOamMxTnpVeU1EUXhOQzgxTWpkWGVEVXlOMGhmYm5Wc2JBfDY0MDdmYmM2MTJlODRkNDVjNjRkYmJiZjRjMzc0MzFiYmY0MWQ3Mjc1ZjdhODFjZTRkMjkzODA3YTBiYjg4OWY&v=1710367602447",
        "images": []
    },
    {
        "product_url": "https://www.heinemann-shop.com/en/global/lindt/lindt-napolitains-in-a-large-resealable-sharing-bag/p/000000000001618650/",
        "brand_name": "Lindt",
        "brand_url": "https://www.heinemann-shop.com/en/global/lindt/c/BRAND_1486/",
        "product_name": "Lindt Napolitains in a large, resealable sharing bag",
        "quantity": "0.665\u00a0kg",
        "price": "",
        "price_per_quantity": "(\u20ac60.00 / 1 kg)",
        "stock_availability": "",
        "description": "Enjoy six premium varieties of exquisite Lindt Napolitains presented in a large, resealable sharing bag format for the perfect treat to share with your loved ones. Treat yourself to the finest Swiss Milk, Milk Hazelnut, LINDOR Milk, Dark, CRESTA Milk and CRESTA White flavours created by the Lindt Master Chocolatiers.",
        "primary_image": "https://www.heinemann-shop.com/medias/527Wx527H-null?context=bWFzdGVyfGltYWdlc3w2NzQzMHxpbWFnZS9qcGVnfGFHSmpMMmhtTlM4eE1USTROakk0TURrMk1qQTNPQzgxTWpkWGVEVXlOMGhmYm5Wc2JBfGNjOTFkNDliNGZhZWJkYjlkYjFmNzk3NDk5MWNjM2FkZWZiMTIwYjEzNWVlY2Q5ZmExODk4ZDMxZmMyMTY4ZGQ&v=1729323382515",
        "images": []
    },
    {
        "product_url": "https://www.heinemann-shop.com/en/global/m-m/m-ms-crispy-passport-milk-chocolate-with-a-rice-centre-in-a-sugar-shell-288g/p/000000000001626528/",
        "brand_name": "M&M",
        "brand_url": "https://www.heinemann-shop.com/en/global/m-m/c/BRAND_2969/",
        "product_name": "M&M\u2019S Crispy Passport milk chocolate with a rice centre in a sugar shell 288g",
        "quantity": "0.288\u00a0kg",
        "price": "\u20ac14.90",
        "price_per_quantity": "(\u20ac51,736.11 / 1000 kg)",
        "stock_availability": "",
        "description": "These world famous chocolates in a colorful candy shell are instantly recognizable all over the globe. M&M'S Crispy has a deliciouscenter of puffed rice surrounded by milk chocolate.",
        "primary_image": "https://www.heinemann-shop.com/medias/527Wx527H-null?context=bWFzdGVyfGltYWdlc3w3OTc4MHxpbWFnZS9qcGVnfGFERXlMMmhqTVM4eE1EUXpOamMzTnpjek9ESTNNQzgxTWpkWGVEVXlOMGhmYm5Wc2JBfDM2NWIwYWNmODIyMTUwMmRmMjAwZWMwOGM3NjhjNWUxNmU1MDE4ODFjMWU0MGM1YjJiNWUwOWUyNDgxNmQyNTI&v=1710368463114",
        "images": []
    },
    {
        "product_url": "https://www.heinemann-shop.com/en/global/hot-wheels/hot-wheels-hot-wheels-car-culturetm-circuit-legendstm-vehicles/p/000000000001441337/",
        "brand_name": "Hot Wheels",
        "brand_url": "https://www.heinemann-shop.com/en/global/hot-wheels/c/BRAND_5969/",
        "product_name": "Hot Wheels, hot wheels\u00ae car culture\u2122 circuit legends\u2122 vehicles",
        "quantity": "",
        "price": "",
        "price_per_quantity": "",
        "stock_availability": "",
        "description": "Fantastic 1:64 scale cars featuring realistic castings and authentic decos. New assortment that\u2019s the perfect opportunity to add to your epic collection.",
        "primary_image": "https://www.heinemann-shop.com/medias/527Wx527H-null?context=bWFzdGVyfGltYWdlc3w0NDgwMnxpbWFnZS9qcGVnfGFETXpMMmhrWmk4eE1UWTBPVFUyTWpNM09ESTNNQzgxTWpkWGVEVXlOMGhmYm5Wc2JBfDIzMzg4ODIxMDJjNTZmY2E5YmQ0ZTQ1ZGNhMmE2ZGExYjUxYjA2ZmQ1YjZkMGMyOGZjOTIwZmYwMzhhZTAxNmQ&v=1737150890984",
        "images": []
    },
    {
        "product_url": "https://www.heinemann-shop.com/en/global/toblerone/toblerone-bundle-classic-collection-4x100g/p/000000000001476321/",
        "brand_name": "Toblerone",
        "brand_url": "https://www.heinemann-shop.com/en/global/toblerone/c/BRAND_0485/",
        "product_name": "Toblerone Bundle Classic Collection\u00a0 4x100g",
        "quantity": "0.4\u00a0kg",
        "price": "\u20ac9.90",
        "price_per_quantity": "(\u20ac24.75 / 1 kg)",
        "stock_availability": "",
        "description": "Assortment of 4 Swiss Chocolate bars 100 g with honey & almond nougat: 2x Toblerone Milk, 1x Toblerone White and 1x Toblerone Dark. A great travel exclusive gift to share with chocolate lovers!",
        "primary_image": "https://www.heinemann-shop.com/medias/527Wx527H-null?context=bWFzdGVyfGltYWdlc3wzNjc2NnxpbWFnZS9qcGVnfGFERmtMMmcxTlM4eE1UUTBNemcxTmpjd016VXhPQzgxTWpkWGVEVXlOMGhmYm5Wc2JBfDAwMjcwMTNiMGIxZjAzNzFjOTRiNTBlMjkwMTllNmQwNWZmYzU3MTA4ZDc0MTZhM2IzZDYzNWY0ZmQyMGM4OWM&v=1732655195920",
        "images": []
    },
    {
        "product_url": "https://www.heinemann-shop.com/en/global/hot-wheels/h-wheel-team-transport-ass/p/000000000001488216/",
        "brand_name": "Hot Wheels",
        "brand_url": "https://www.heinemann-shop.com/en/global/hot-wheels/c/BRAND_5969/",
        "product_name": "H Wheel Team Transport ass.",
        "quantity": "\n        ",
        "price": "\u20ac20.90",
        "price_per_quantity": "",
        "stock_availability": "Low stock",
        "description": "This 1:64 scale Hot Wheels\u00ae transporter model is a must-have for adult collectors and enthusiasts around the world. The Team Transport vehicle can really load and unload and comes with a component car. Featuring realistic castings, hot decos and an abundance of the wheels that aficionados appreciate, the collection features some of the most popular castings ever produced (each sold separately) -- they've been enduring favorites of collectors and racing fans of all ages! Pick your favorites to build a unique collection or collect them all! Each sold separately, subject to availability. Colors and decorations may vary.",
        "primary_image": "https://www.heinemann-shop.com/medias/527Wx527H-null?context=bWFzdGVyfGltYWdlc3w2NTYzOHxpbWFnZS9qcGVnfGFERXpMMmczWmk4eE1UWTBPVFUyTVRZeU5EWXdOaTgxTWpkWGVEVXlOMGhmYm5Wc2JBfDEzMWQ0YTA1ZTZmYzZiYzI5Y2VmYWQwMWQ4ZTk1Y2I5OTU2ZTQ0YzVlYzQwODc5NjkyNGZhNTcwZjc5YWJlMWQ&v=1737150845909",
        "images": [
            "https://www.heinemann-shop.com/medias/527Wx527H-null?context=bWFzdGVyfGltYWdlc3w2NTYzOHxpbWFnZS9qcGVnfGFERXpMMmczWmk4eE1UWTBPVFUyTVRZeU5EWXdOaTgxTWpkWGVEVXlOMGhmYm5Wc2JBfDEzMWQ0YTA1ZTZmYzZiYzI5Y2VmYWQwMWQ4ZTk1Y2I5OTU2ZTQ0YzVlYzQwODc5NjkyNGZhNTcwZjc5YWJlMWQ&v=1737150845909",
            "https://www.heinemann-shop.com/medias/527Wx527H-null?context=bWFzdGVyfGltYWdlc3w2NDE2M3xpbWFnZS9qcGVnfGFEYzBMMmhrTlM4eE1UWTBPVFl6TURnek1EWXlNaTgxTWpkWGVEVXlOMGhmYm5Wc2JBfGYzMjU2MjI3YjU5ZjgxYWMwN2FhZjBmZWEwZjU3NTgwMGExNmViMDM2ZTJjN2MwM2FmM2ZlMzEzZTU0M2Q2Yzg&v=1737151076847",
            "https://www.heinemann-shop.com/medias/527Wx527H-null?context=bWFzdGVyfGltYWdlc3w2NTQ3NXxpbWFnZS9qcGVnfGFHTmlMMmhrWWk4eE1UWTBPVFl6TVRBMU9UazVPQzgxTWpkWGVEVXlOMGhmYm5Wc2JBfDZkMWIyNTcyZmE4Njc3YzRjZTc4NmRmODBhYjM3MDdhYjMyYTUwNDFhMGMyOTgxNTYzZjFiMWUzZWJjN2JmOWM&v=1737151087649"
        ]
    },
    {
        "product_url": "https://www.heinemann-shop.com/en/global/hot-wheels/hot-wheels-hot-wheels-monster-trucks-1-24-die-cast-assortment/p/000000000001357713/",
        "brand_name": "Hot Wheels",
        "brand_url": "https://www.heinemann-shop.com/en/global/hot-wheels/c/BRAND_5969/",
        "product_name": "Hot Wheels, hot wheels monster trucks 1:24 die-cast assortment",
        "quantity": "",
        "price": "",
        "price_per_quantity": "",
        "stock_availability": "",
        "description": "The Hot Wheels\u00ae Monster Trucks 1:24 scale die-cast trucks are THE baddest trucks ever built for competition and ultimate dominance! Ready to square off in head-to-head battles with their oversized body and GIANT wheels! Every truck package provides stats for each monster truck including name, truck type, strength, unique crash attack and motor-vation for great storytelling fun! Each sold separately, subject to availability. Colors and decorations may vary.",
        "primary_image": "https://www.heinemann-shop.com/medias/527Wx527H-null?context=bWFzdGVyfGltYWdlc3w2NTk0NnxpbWFnZS9qcGVnfGFEZzJMMmcxWlM4eE1UYzFORGMxTVRJMk1qYzFNQzgxTWpkWGVEVXlOMGhmYm5Wc2JBfGFlMDFhMDM2Yjk5ODkzMDk2ODExZDEzZjQ2MGJkYjU0OWY0M2E4OGRkYjAwMDYzMDljYTIwMTEyZjY5ZWUzNDI&v=1739308738518",
        "images": []
    },
    {
        "product_url": "https://www.heinemann-shop.com/en/global/hot-wheels/hot-wheels-fast-furious-assort/p/000000000001686512/",
        "brand_name": "Hot Wheels",
        "brand_url": "https://www.heinemann-shop.com/en/global/hot-wheels/c/BRAND_5969/",
        "product_name": "Hot Wheels, fast & furious assort.",
        "quantity": "\n        ",
        "price": "\u20ac11.90",
        "price_per_quantity": "",
        "stock_availability": "Low stock",
        "description": "Drive into a Fast & Furious\u2122 collection of Premium Hot Wheels\u00ae cars with each of these 1:64 scale vehicles. Fans and collectors can get their favorite car inspired by or featured in one of the Fast & Furious\u2122 movies made with premium execution that includes Real Riders\u2122 Tires and Metal/Metal\u2122 body and chassis. Celebrate the high-speed thrills of the blockbuster franchise with modern and vintage cars known for their speed and style. Makes a great gift for Fast fans who will want them all. Each so",
        "primary_image": "https://www.heinemann-shop.com/medias/527Wx527H-null?context=bWFzdGVyfGltYWdlc3w5NDEwN3xpbWFnZS9qcGVnfGFHSXpMMmd5Tmk4eE1UY3pPRGszT0RneE1Ua3pOQzgxTWpkWGVEVXlOMGhmYm5Wc2JBfDk0NTg3NDFmMjUxMGUzMDdhY2E1NTQxMTVkMWJiOWY3NjA2YTBhYjQ5YjE4YWUyNDgzZjQzYTRlOWQ1YTFjMmY&v=1738963271407",
        "images": [
            "https://www.heinemann-shop.com/medias/527Wx527H-null?context=bWFzdGVyfGltYWdlc3w5NDEwN3xpbWFnZS9qcGVnfGFHSXpMMmd5Tmk4eE1UY3pPRGszT0RneE1Ua3pOQzgxTWpkWGVEVXlOMGhmYm5Wc2JBfDk0NTg3NDFmMjUxMGUzMDdhY2E1NTQxMTVkMWJiOWY3NjA2YTBhYjQ5YjE4YWUyNDgzZjQzYTRlOWQ1YTFjMmY&v=1738963271407",
            "https://www.heinemann-shop.com/medias/527Wx527H-null?context=bWFzdGVyfGltYWdlc3wzMDgzOHxpbWFnZS9qcGVnfGFEYzRMMmhoWWk4eE1UY3pPRGs0TURZM09UY3hNQzgxTWpkWGVEVXlOMGhmYm5Wc2JBfGUyNjkyZjkzODhhYWIzNzJjY2E1NjcwNjA4OGQ3MzFhZGNjODc3M2YzMzRjZGY3YWE3MTk3MjhhNzM2ZWE1YTc&v=1738963378008",
            "https://www.heinemann-shop.com/medias/527Wx527H-null?context=bWFzdGVyfGltYWdlc3wzMDI2MXxpbWFnZS9qcGVnfGFEZ3lMMmcxTmk4eE1UY3pPRGs0TVRBME1ERTFPQzgxTWpkWGVEVXlOMGhmYm5Wc2JBfDk1ZGNjMDM5MjQyNDAxY2Y5N2Y0NDI0OTQ3ZGNjNTA2ZjVkYmFhYjRhYTdiYjk2OTU0NGVkODBlOGIzMDIyYTM&v=1738963387912"
        ]
    },
    {
        "product_url": "https://www.heinemann-shop.com/en/global/hot-wheels/hot-wheels-mario-kart-die-cast-assortment/p/000000000001400299/",
        "brand_name": "Hot Wheels",
        "brand_url": "https://www.heinemann-shop.com/en/global/hot-wheels/c/BRAND_5969/",
        "product_name": "Hot Wheels, mario kart die-cast assortment",
        "quantity": "\n        ",
        "price": "\u20ac9.90",
        "price_per_quantity": "",
        "stock_availability": "Low stock",
        "description": "Hot Wheels presents the Die-Cast range with Mario Kart replicas in collaboration with the legendary video game Mario Kart. The perfect gift for younger children who love Mario Kart and want to race with the vehicles from the video game. 1:64 die-cast toy car. Suitable for children from 3 years of age.",
        "primary_image": "https://www.heinemann-shop.com/medias/527Wx527H-null?context=bWFzdGVyfGltYWdlc3w3NDg1NnxpbWFnZS9qcGVnfGFEZGxMMmcwTnk4eE1EVTNNakkyTnpjeE5qWXpPQzgxTWpkWGVEVXlOMGhmYm5Wc2JBfDQzYjQ0Y2Q1OWVlNTNjYjBmOGRhNjVkOTFmMjJhZDcwMDI4M2EwZmQ0N2JhMGNkYjRmMzIxMDc5YTk3YjEwZTY&v=1713385173645",
        "images": [
            "https://www.heinemann-shop.com/medias/527Wx527H-null?context=bWFzdGVyfGltYWdlc3w3NDg1NnxpbWFnZS9qcGVnfGFEZGxMMmcwTnk4eE1EVTNNakkyTnpjeE5qWXpPQzgxTWpkWGVEVXlOMGhmYm5Wc2JBfDQzYjQ0Y2Q1OWVlNTNjYjBmOGRhNjVkOTFmMjJhZDcwMDI4M2EwZmQ0N2JhMGNkYjRmMzIxMDc5YTk3YjEwZTY&v=1713385173645",
            "https://www.heinemann-shop.com/medias/527Wx527H-null?context=bWFzdGVyfGltYWdlc3w4MDc2M3xpbWFnZS9qcGVnfGFERTJMMmd3TUM4eE1EVTNNakkzTVRNeU1URXhPQzgxTWpkWGVEVXlOMGhmYm5Wc2JBfDA4ZTc0YjliMmJlZmFjYjdmNjE0MzJkZTI2NzMwZDRiZDM5NjBmZTkzODVkNDdkMDdmZjQyZjA4ZTg3NDhmZWQ&v=1713385285600",
            "https://www.heinemann-shop.com/medias/527Wx527H-null?context=bWFzdGVyfGltYWdlc3w1MDY0NnxpbWFnZS9qcGVnfGFEWTRMMmd3Tnk4eE1EVTNNakkzTVRVNE16STJNaTgxTWpkWGVEVXlOMGhmYm5Wc2JBfGIyNWRjN2M0ZDE3MTM3ZmQyNTkyZmUxYzZiZWUyZGJlMmZjMjAyZjU4ZTUxNTBhMWRjYWRlYmUxMGQ5NzJiZDE&v=1713385292966",
            "https://www.heinemann-shop.com/medias/527Wx527H-null?context=bWFzdGVyfGltYWdlc3w0NjY5M3xpbWFnZS9qcGVnfGFETTJMMmd4TVM4eE1EVTNNakkzTVRnME5UUXdOaTgxTWpkWGVEVXlOMGhmYm5Wc2JBfGVkZDQ1NGNiNjk3MjU2ZTI0OWE0YWUwY2QxZmQ3OGU1OWNmZDVlOTQ3NWM3ZWU4MGNmZDEwMmY5MDljNzFiNTU&v=1713385300475"
        ]
    },
    {
        "product_url": "https://www.heinemann-shop.com/en/global/matchbox/matchbox-mb-5-pack-asst/p/000000000001041347/",
        "brand_name": "Matchbox",
        "brand_url": "https://www.heinemann-shop.com/en/global/matchbox/c/BRAND_1061/",
        "product_name": "Matchbox, mb 5 pack asst",
        "quantity": "",
        "price": "\u20ac13.90",
        "price_per_quantity": "",
        "stock_availability": "",
        "description": "The classic Matchbox 5 Pack makes a perfect party gift! Packs feature a set of five detailed vehicles with multiple themes to play out whatever you imagine. From the bumper to the fender, each car is loaded with realistic details like rolling wheels and true-to-life decos. Kids will love coming up with their own city, rescue, construction or adventure story. Each sold separately, subject to availability. Not for use with some Matchbox\u2122 sets. Colors and decorations may vary,",
        "primary_image": "https://www.heinemann-shop.com/medias/527Wx527H-null?context=bWFzdGVyfGltYWdlc3wxMjQ4NjB8aW1hZ2UvanBlZ3xhRE5tTDJnME1DOHhNRE0zTURnMk1EQTFOall3Tmk4MU1qZFhlRFV5TjBoZmJuVnNiQXxiYjAxYjFkMGQ1MDNkNmIzZDQ5OWVjZjczZDU5M2FlYWViMGI3M2FmNmFhYWMyYWU3MTNmMjg0MmQyZDZhYjRl&v=1709019385322",
        "images": [
            "https://www.heinemann-shop.com/medias/527Wx527H-null?context=bWFzdGVyfGltYWdlc3wxMjQ4NjB8aW1hZ2UvanBlZ3xhRE5tTDJnME1DOHhNRE0zTURnMk1EQTFOall3Tmk4MU1qZFhlRFV5TjBoZmJuVnNiQXxiYjAxYjFkMGQ1MDNkNmIzZDQ5OWVjZjczZDU5M2FlYWViMGI3M2FmNmFhYWMyYWU3MTNmMjg0MmQyZDZhYjRl&v=1709019385322",
            "https://www.heinemann-shop.com/medias/527Wx527H-null?context=bWFzdGVyfGltYWdlc3wxMTE2Njl8aW1hZ2UvanBlZ3xhRE15TDJoaE5DOHhNRE0zTURnM01EWTNNelF6T0M4MU1qZFhlRFV5TjBoZmJuVnNiQXw1MWRlZjY2ODYyNjU4MTlhNDRiYWM2M2U2NmFjMjA0OWNkMDhlOWNhNTJkMGUxYzU4ZmFiYmYzNTRmMWRjYmQy&v=1709019935580"
        ]
    },
    {
        "product_url": "https://www.heinemann-shop.com/en/global/hot-wheels/hot-wheels-mystery-models/p/000000000001686635/",
        "brand_name": "Hot Wheels",
        "brand_url": "https://www.heinemann-shop.com/en/global/hot-wheels/c/BRAND_5969/",
        "product_name": "Hot Wheels, mystery models",
        "quantity": "",
        "price": "",
        "price_per_quantity": "",
        "stock_availability": "",
        "description": "Each Hot Wheels Mystery Models bag holds a cool 1:64 scale vehicle that's just waiting to be discovered. Open the opaque bag to discover an awesome Hot Wheels car with an authentic casting and eye-catching deco that's perfect for play or display. There are different themed mixes released throughout the year and each package includes a sticker that matches the theme. In every bag, there's a chance for a super rare or rare Hot Wheels vehicle, enhancing the thrill of the search for Hot Wheels fans",
        "primary_image": "https://www.heinemann-shop.com/medias/527Wx527H-null?context=bWFzdGVyfGltYWdlc3w5MTYzNXxpbWFnZS9qcGVnfGFHWm1MMmhpTUM4eE1UWTJNalF3TkRjNE1EQTJNaTgxTWpkWGVEVXlOMGhmYm5Wc2JBfDg1NmNmNWI1YWEyYWRjMGE4MDg2OGYxNGZiOTZkNzNmNDQ1MGU3NjE4ZmQ1NTkyMDg2ZTM4NjFmYTZiZjAyMjU&v=1737408936501",
        "images": [
            "https://www.heinemann-shop.com/medias/527Wx527H-null?context=bWFzdGVyfGltYWdlc3w5MTYzNXxpbWFnZS9qcGVnfGFHWm1MMmhpTUM4eE1UWTJNalF3TkRjNE1EQTJNaTgxTWpkWGVEVXlOMGhmYm5Wc2JBfDg1NmNmNWI1YWEyYWRjMGE4MDg2OGYxNGZiOTZkNzNmNDQ1MGU3NjE4ZmQ1NTkyMDg2ZTM4NjFmYTZiZjAyMjU&v=1737408936501",
            "https://www.heinemann-shop.com/medias/527Wx527H-null?context=bWFzdGVyfGltYWdlc3wzMTc3MHxpbWFnZS9qcGVnfGFHWmxMMmd6Wmk4eE1UWTJNalF3T0RBMU5qZzJNaTgxTWpkWGVEVXlOMGhmYm5Wc2JBfGU3YWM5ZmM2MjdlMjAyNjg1Mzg3MGI0OTI0YjgyMzg3OWQ3ZjUzZWNhZTg3MzM1OWFhNjM0ZGRhMWNjMDdiZjk&v=1737409067681",
            "https://www.heinemann-shop.com/medias/527Wx527H-null?context=bWFzdGVyfGltYWdlc3wzMTk3MnxpbWFnZS9qcGVnfGFETTRMMmhpTXk4eE1UWTJNamMyT0Rnek1qVTBNaTgxTWpkWGVEVXlOMGhmYm5Wc2JBfGY2NzgyZWQzZWNjZjFhM2U0MTMyNjA0OThmZjA3MjE2NDg3MDRlYWU3MmRiODA4ZjJlMjM5MzA4MWIwYTBkMGQ&v=1737409077930"
        ]
    },
    {
        "product_url": "https://www.heinemann-shop.com/en/global/maisto/maisto-tech-r-c-mercedes-g-klasse/p/000000000001513682/",
        "brand_name": "Maisto",
        "brand_url": "https://www.heinemann-shop.com/en/global/maisto/c/BRAND_3538/",
        "product_name": "Maisto Tech R/C, Mercedes G-Klasse",
        "quantity": "\n        ",
        "price": "\u20ac32.90",
        "price_per_quantity": "",
        "stock_availability": "Low stock",
        "description": "The RC 1:24 Mercedes G-Class (RTR) from Maisto Tech R/C with rear-wheel drive and front-wheel steering guarantees maximum racing action for young and old. The car features an easy-to-use pistol controller, a frequency of 2.4 GHz and a control range of 35 meters. With its top speed of approx. 5.8 km/h, the car can be effortlessly controlled by drivers aged 5 years and older. Batteries included. (2x AA for the vehicle and 2x AAA for the remote control).",
        "primary_image": "https://www.heinemann-shop.com/medias/1513682-527Wx527H?context=bWFzdGVyfGltYWdlc3w0NzEyNHxpbWFnZS9qcGVnfGFHTXhMMmhsTkM4NU56QXdORFk0TlRnNE5UYzBMekUxTVRNMk9ESmZOVEkzVjNnMU1qZEl8Mjg4NDc0MmJjMGZjNjc1Njg5N2RhMGQ4ZWQ0ZTEyNzdiMDY2MmI0NzU0YjBjZTNkNDA4NjA2NTk4MTcxZTRjMA&v=1660594397006",
        "images": []
    },
    {
        "product_url": "https://www.heinemann-shop.com/en/global/matchbox/matchbox-skybusters-assort/p/000000000001686634/",
        "brand_name": "Matchbox",
        "brand_url": "https://www.heinemann-shop.com/en/global/matchbox/c/BRAND_1061/",
        "product_name": "Matchbox, skybusters assort.",
        "quantity": "\n        ",
        "price": "\u20ac5.90",
        "price_per_quantity": "",
        "stock_availability": "Low stock",
        "description": "\u200bMatchbox Sky Busters are realistic and detailed toy aircraft that inspire endless high-flying adventures. Some have rolling wheels or spinning propellers \u2013 and some have both \u2013 to enhance the realism and fuel imaginations. Choose from a variety of helicopters, jets, spacecraft, airplanes and more that are officially licensed or Matchbox originals. Kids and collectors will want them all for an elevated collection. Each sold separately, subject to availability. Not for use with some Matchbox sets",
        "primary_image": "https://www.heinemann-shop.com/medias/527Wx527H-null?context=bWFzdGVyfGltYWdlc3w3NDAxMHxpbWFnZS9qcGVnfGFEWm1MMmhoTmk4eE1UWTJNalF3TkRRMU1qTTRNaTgxTWpkWGVEVXlOMGhmYm5Wc2JBfGY2NDBkODhkYzI2OWQwNjM5NzNhNTJjYjA3ZWQ1MzA5NzAwZWRhMWIwZDExNWY4NDU1NTQ3MGI4OGUwZTI4NDc&v=1737408922917",
        "images": [
            "https://www.heinemann-shop.com/medias/527Wx527H-null?context=bWFzdGVyfGltYWdlc3w3NDAxMHxpbWFnZS9qcGVnfGFEWm1MMmhoTmk4eE1UWTJNalF3TkRRMU1qTTRNaTgxTWpkWGVEVXlOMGhmYm5Wc2JBfGY2NDBkODhkYzI2OWQwNjM5NzNhNTJjYjA3ZWQ1MzA5NzAwZWRhMWIwZDExNWY4NDU1NTQ3MGI4OGUwZTI4NDc&v=1737408922917",
            "https://www.heinemann-shop.com/medias/527Wx527H-null?context=bWFzdGVyfGltYWdlc3wyNTY2NXxpbWFnZS9qcGVnfGFHWTVMMmd4T0M4eE1UWTJNalF3TnpVek1qVTNOQzgxTWpkWGVEVXlOMGhmYm5Wc2JBfDM2NTg5MWUzYTAwMmI0NDM4NWJiOTlkOGQ1YTc4MGRmOWMxNzc5OTZjMjFlMmYxNDYzZGNmZjRlMmYyYWY0ZTU&v=1737409047441",
            "https://www.heinemann-shop.com/medias/527Wx527H-null?context=bWFzdGVyfGltYWdlc3wzOTQwM3xpbWFnZS9qcGVnfGFEZGlMMmd4TVM4eE1UWTJNalF3TnpjNU5EY3hPQzgxTWpkWGVEVXlOMGhmYm5Wc2JBfDk1ODBjNzAyMzViYTkwOWE3ODY1OTg3NzE3MDE4M2Y3MTBhMTYzZGU0NWU5ZjI0MmVhZmM2ZThhMDE4YWVmY2I&v=1737409057425"
        ]
    },
    {
        "product_url": "https://www.heinemann-shop.com/en/global/hot-wheels/hot-wheels-hot-wheels-5-car-pack-assortment/p/000000000001133425/",
        "brand_name": "Hot Wheels",
        "brand_url": "https://www.heinemann-shop.com/en/global/hot-wheels/c/BRAND_5969/",
        "product_name": "Hot Wheels, hot wheels\u00ae 5-car pack assortment",
        "quantity": "",
        "price": "",
        "price_per_quantity": "",
        "stock_availability": "",
        "description": "Speed into an instant Hot Wheels\u00ae collection with a race-ready pack that features five highly detailed vehicles. Hot Wheels\u00ae 5-Car packs deliver five times the amped up action and are perfect for car enthusiasts of all ages. With a cool unifying theme, authentic details and eye-catching decos, these packs make a great gift for kids and collectors alike.",
        "primary_image": "https://www.heinemann-shop.com/medias/527Wx527H-null?context=bWFzdGVyfGltYWdlc3w2Njg5MHxpbWFnZS9qcGVnfGFHSTJMMmd6TVM4NU9EQTBNRGN4TURjMU9EY3dMelV5TjFkNE5USTNTRjl1ZFd4c3wwMDU1NjYzYTkzMzc3ZDY0NjBlYmMyMzg0ODdhZDkzMzk1NjJiZTRkMDhmZDU1ZTRiZTBlNGNiNDAyMTUxNmZl&v=1692044930063",
        "images": [
            "https://www.heinemann-shop.com/medias/527Wx527H-null?context=bWFzdGVyfGltYWdlc3w2Njg5MHxpbWFnZS9qcGVnfGFHSTJMMmd6TVM4NU9EQTBNRGN4TURjMU9EY3dMelV5TjFkNE5USTNTRjl1ZFd4c3wwMDU1NjYzYTkzMzc3ZDY0NjBlYmMyMzg0ODdhZDkzMzk1NjJiZTRkMDhmZDU1ZTRiZTBlNGNiNDAyMTUxNmZl&v=1692044930063",
            "https://www.heinemann-shop.com/medias/527Wx527H-null?context=bWFzdGVyfGltYWdlc3w2Mzk0MXxpbWFnZS9qcGVnfGFHWXhMMmd6WVM4NU9EQTBNRGN5TVRJME5EUTJMelV5TjFkNE5USTNTRjl1ZFd4c3xiNmYxYzQ1NTUyNDMyYjQwMWUyNWFjZmQzMDk1MGJlOWQwY2FiOGNjZTFlZTFjNzhiZTIyNDQwY2ZlNzMxMThk&v=1692044970397",
            "https://www.heinemann-shop.com/medias/527Wx527H-null?context=bWFzdGVyfGltYWdlc3w2Mjg1MXxpbWFnZS9qcGVnfGFERTRMMmcwTWk4NU9EQTBNRGN5TXpVek9ESXlMelV5TjFkNE5USTNTRjl1ZFd4c3wwMjVlYjU4Mjc4NTUwZTJiZjU4NzVmMjg5YjYwNjk2NzcwZWI2YTFlODQ2ZTE0NzM5ZDYwZjJmYzI0YmFhYWFm&v=1692044979359",
            "https://www.heinemann-shop.com/medias/527Wx527H-null?context=bWFzdGVyfGltYWdlc3w1Nzc4NXxpbWFnZS9qcGVnfGFEUXdMMmcwT1M4NU9EQTBNRGN5TlRnek1UazRMelV5TjFkNE5USTNTRjl1ZFd4c3w0ODQ5MjI2ZWJiZmYwMzZhMjVkNzk4ZjdjMWY0OTJiNGE2MjY3NjNmYmUzMjUzNjhjMWRjOWQ2MjA1NGY2ZjI3&v=1692044988272",
            "https://www.heinemann-shop.com/medias/527Wx527H-null?context=bWFzdGVyfGltYWdlc3w2MjIwNHxpbWFnZS9qcGVnfGFHSTNMMmcxTWk4NU9EQTBNRGN5T0RFeU5UYzBMelV5TjFkNE5USTNTRjl1ZFd4c3xjMzdmMDI0OWY2ZDAyNGJkYjY5MGViOGViNTA2OGNjNTFjNWFhNmViODcwNjE2NzAxNjUzYzMwMGVjNGU3ZmE2&v=1692044997172",
            "https://www.heinemann-shop.com/medias/527Wx527H-null?context=bWFzdGVyfGltYWdlc3w2MzE5NHxpbWFnZS9qcGVnfGFEZzVMMmhoTVM4NU9EQTBNRGN6TURReE9UVXdMelV5TjFkNE5USTNTRjl1ZFd4c3w0NWRiZWNmYjNjMmY4ODQxZTZhNjI4ODVhNDA0OTk4ZGU3N2U0ODkwMDYzZTMyN2U2YjNkOGUwNjdmYjQ3MTky&v=1692045006093",
            "https://www.heinemann-shop.com/medias/527Wx527H-null?context=bWFzdGVyfGltYWdlc3w2NjU4MXxpbWFnZS9qcGVnfGFHSXhMMmhoT0M4NU9EQTBNRGN6TWpjeE16STJMelV5TjFkNE5USTNTRjl1ZFd4c3xiYjZmMDhmMTIxYzgyZjMzYjRiNGM2YWFjOWY3MWM0YmM2NzFmNTM5NmU1NGUzZjUwODNhYzUyMzk5MzlkYThi&v=1692045014785",
            "https://www.heinemann-shop.com/medias/527Wx527H-null?context=bWFzdGVyfGltYWdlc3w1NjM2N3xpbWFnZS9qcGVnfGFHUTJMMmhpTWk4NU9EQTBNRGN6TlRZMk1qTTRMelV5TjFkNE5USTNTRjl1ZFd4c3wzNzE1M2NhNjhhOTk4ZDhlZDE5YTllY2JlYWY3YzhlNzNjYWQxMjAwZDFkMzBkMmU1MjEzNWEzZGY5NzAwZjVh&v=1692045023697"
        ]
    },
    {
        "product_url": "https://www.heinemann-shop.com/en/global/intex/intex-intex-wet-set-swimming-ring-lively/p/000000000001544741/",
        "brand_name": "Intex",
        "brand_url": "https://www.heinemann-shop.com/en/global/intex/c/BRAND_6735/",
        "product_name": "Intex, Intex-Wet Set, swimming ring Lively",
        "quantity": "\n        ",
        "price": "\u20ac2.90",
        "price_per_quantity": "",
        "stock_availability": "Low stock",
        "description": "The Lively Print Swim Rings from Intex are ideal for splashing around in the water! They are made of durable 0.18 mm vinyl material and have a diameter of 61 cm. The swim rings are available in three different designs: with fun fish, colorful pineapples or summery ice cream and fruit print. Suitable for children aged 6 to 10 years.",
        "primary_image": "https://www.heinemann-shop.com/medias/527Wx527H-null?context=bWFzdGVyfGltYWdlc3w2NTUxOXxpbWFnZS9qcGVnfGFEQXdMMmhpTkM4eE1ERXdNRGt5T0RBeU1EVXhNQzgxTWpkWGVEVXlOMGhmYm5Wc2JBfDFmMmY1YzlkNjU0MjhmZDMyMGIzMWQwOGZiZGU3MzU1MWQ5MDFmOThlYTI2NDM3NjQ1MTNmNGRjYzA2MjAyMjE&v=1702329520865",
        "images": [
            "https://www.heinemann-shop.com/medias/527Wx527H-null?context=bWFzdGVyfGltYWdlc3w2NTUxOXxpbWFnZS9qcGVnfGFEQXdMMmhpTkM4eE1ERXdNRGt5T0RBeU1EVXhNQzgxTWpkWGVEVXlOMGhmYm5Wc2JBfDFmMmY1YzlkNjU0MjhmZDMyMGIzMWQwOGZiZGU3MzU1MWQ5MDFmOThlYTI2NDM3NjQ1MTNmNGRjYzA2MjAyMjE&v=1702329520865",
            "https://www.heinemann-shop.com/medias/527Wx527H-null?context=bWFzdGVyfGltYWdlc3w1OTA5MnxpbWFnZS9qcGVnfGFHRmhMMmhsT1M4eE1ERXdNRGswTURVek56ZzROaTgxTWpkWGVEVXlOMGhmYm5Wc2JBfDNjODZkOTI1ODRlZGVlZGIxMmQzMDQ1OTAxMTE5MTMzMmI4ZjU1YjFmNzJjMjQzZmM0YmVjMzkwZmRiYTU1ZTU&v=1702329917973",
            "https://www.heinemann-shop.com/medias/527Wx527H-null?context=bWFzdGVyfGltYWdlc3w2MTMxNnxpbWFnZS9qcGVnfGFHTTVMMmhrWmk4eE1ERXdNRGswTURnd01EQXpNQzgxTWpkWGVEVXlOMGhmYm5Wc2JBfGU5ZTk4ZGI2NGRhZDIxYzQ2ZjQ5ODk1OTNjNDFiOTZmOTIzZTNiOTY1NzY5NmFjYmM0NTJiYmJiY2NjZTAxOWM&v=1702329926657"
        ]
    },
    {
        "product_url": "https://www.heinemann-shop.com/en/global/herpa/herpa-british-airways-playset-british-airways/p/000000000001592219/",
        "brand_name": "Herpa",
        "brand_url": "https://www.heinemann-shop.com/en/global/herpa/c/BRAND_9978/",
        "product_name": "Herpa, British Airways, playset british airways",
        "quantity": "\n        ",
        "price": "\u20ac25.90",
        "price_per_quantity": "",
        "stock_availability": "Low stock",
        "description": "Endless hours of fun with these play sets.",
        "primary_image": "https://www.heinemann-shop.com/medias/527Wx527H-null?context=bWFzdGVyfGltYWdlc3w1NTkwN3xpbWFnZS9qcGVnfGFHRTVMMmhsTXk4eE1EQXdNVEk0TWpRNU9EVTVNQzgxTWpkWGVEVXlOMGhmYm5Wc2JBfDk1MGQwOWE5ZGEwYzM0OGEyYjljOGE1Yzk2MzNmODc4OWIyNTJkNmU0YjMxYmQ5MjMwNzM4MWU5MmQ0YTgzNmQ&v=1699924142208",
        "images": []
    },
    {
        "product_url": "https://www.heinemann-shop.com/en/global/herpa/herpa-air-force-one-pullback-air-force-one/p/000000000001600368/",
        "brand_name": "Herpa",
        "brand_url": "https://www.heinemann-shop.com/en/global/herpa/c/BRAND_9978/",
        "product_name": "Herpa, Air Force One, pullback air force one",
        "quantity": "\n        ",
        "price": "\u20ac15.90",
        "price_per_quantity": "",
        "stock_availability": "Low stock",
        "description": "Pull it back and watch it go!",
        "primary_image": "https://www.heinemann-shop.com/medias/527Wx527H-null?context=bWFzdGVyfGltYWdlc3wzNTk4MnxpbWFnZS9qcGVnfGFEazJMMmczWmk4eE1EQXdNVE13T1RneU56RXdNaTgxTWpkWGVEVXlOMGhmYm5Wc2JBfDJhMDNhZDFiNGUzODVlMzk4YzU2MTQ1ZjZkYWQyNjI1MzY4Yzc0M2EzNWQ5ZjU0ZTczYzhkNWNlZTc1MmM5OWI&v=1699924287103",
        "images": []
    },
    {
        "product_url": "https://www.heinemann-shop.com/en/global/m-m/milk-chocolate-68vol-in-a-sugar-shell/p/000000000001687773/",
        "brand_name": "M&M",
        "brand_url": "https://www.heinemann-shop.com/en/global/m-m/c/BRAND_2969/",
        "product_name": "Milk chocolate (68%) in a sugar shell.",
        "quantity": "0.8\u00a0kg",
        "price": "\u20ac21.90",
        "price_per_quantity": "(\u20ac27.38 / 1 kg)",
        "stock_availability": "In stock, immediately available",
        "description": "These world famous chocolates in a colorful candy shell are instantly recognizable all over the globe. M&M'S Choco is made of delicious milk chocolate. With this 330g pouch you'll have enough to share with friends and family.",
        "primary_image": "https://www.heinemann-shop.com/medias/527Wx527H-null?context=bWFzdGVyfGltYWdlc3w2MDE5NXxpbWFnZS9qcGVnfGFESXlMMmcyTlM4eE1UYzJNamt4TURBd016SXpNQzgxTWpkWGVEVXlOMGhmYm5Wc2JBfDdiOGY4NzhlZWUwOWNiYzUwMzZhMGQzYWJmZmJjZmVjYjlkMjQ2ZTc1Y2NmMDM3ODE2MDIwOTQxZWRhYjk2NmM&v=1739482840946",
        "images": []
    },
    {
        "product_url": "https://www.heinemann-shop.com/en/global/lindt/lindt-assorted-napolitains-with-salted-caramel/p/000000000001673749/",
        "brand_name": "Lindt",
        "brand_url": "https://www.heinemann-shop.com/en/global/lindt/c/BRAND_1486/",
        "product_name": "Lindt assorted Napolitains with salted caramel",
        "quantity": "0.5\u00a0kg",
        "price": "\u20ac34.90",
        "price_per_quantity": "(\u20ac69.80 / 1 kg)",
        "stock_availability": "In stock, immediately available",
        "description": "Enjoy six premium varieties of exquisite Lindt Napolitains presented in an elegant golden easy-to-carry gift box. Discover the ideal gift to spoil yourself and all chocolate lovers you know with the finest Swiss Milk, Milk Hazelnut, LINDOR Milk, Dark, CRESTA White and the new addition Milk Salted Caramel flavours created by the Lindt Master Chocolatiers. Taste this limited edition flavour with the finest Swiss milk chocolate, a hint of sea salt, and crunchy bits of caramel.",
        "primary_image": "https://www.heinemann-shop.com/medias/527Wx527H-null?context=bWFzdGVyfGltYWdlc3w2NDkyNHxpbWFnZS9qcGVnfGFHSTNMMmcwT0M4eE1UTXdNekF4TVRBMU56WTVOQzgxTWpkWGVEVXlOMGhmYm5Wc2JBfGQ4MmI4MzViZTRmMjhhODY1ZGYxYjc3YTc2OGExMjcwZGRiY2QxMDdhMGU0MDNhZTA4MDJmMDk1YTdiYTZkMTg&v=1729631086573",
        "images": []
    },
    {
        "product_url": "https://www.heinemann-shop.com/en/global/al-rifai/al-rifai-cashew-salted-tin-150g/p/000000000001375443/",
        "brand_name": "Al Rifai",
        "brand_url": "https://www.heinemann-shop.com/en/global/al-rifai/c/BRAND_3164/",
        "product_name": "Al Rifai Cashew Salted Tin 150g",
        "quantity": "0.15\u00a0kg",
        "price": "\u20ac10.90",
        "price_per_quantity": "(\u20ac72.67 / 1 kg)",
        "stock_availability": "In stock, immediately available",
        "description": "Top selected cashews air roasted and seasoned with sea salt without any fats or oil added in the process.",
        "primary_image": "https://www.heinemann-shop.com/medias/527Wx527H-null?context=bWFzdGVyfGltYWdlc3wzNDcyOHxpbWFnZS9qcGVnfGFERmxMMmcxWmk4eE1UTTVOVFk0TWpFM01qazFPQzgxTWpkWGVEVXlOMGhmYm5Wc2JBfGUzMjFjMzNjMzg1MWQ3OGRhM2MyZTdiMDJmYmQyZWNmM2M0YzZmZDliZjQ1MjZlNDMzOGNiY2VkZTU4M2UxZGM&v=1731360986844",
        "images": []
    },
    {
        "product_url": "https://www.heinemann-shop.com/en/global/al-rifai/al-rifai-almond-mix-150g/p/000000000001188583/",
        "brand_name": "Al Rifai",
        "brand_url": "https://www.heinemann-shop.com/en/global/al-rifai/c/BRAND_3164/",
        "product_name": "Al Rifai Almond Mix 150g",
        "quantity": "0.15\u00a0kg",
        "price": "\u20ac8.30",
        "price_per_quantity": "(\u20ac55.33 / 1 kg)",
        "stock_availability": "In stock, immediately available",
        "description": "A mix of fine roasted almonds salted, flavored and packed in a practical tin packaging for a great snack.",
        "primary_image": "https://www.heinemann-shop.com/medias/527Wx527H-null?context=bWFzdGVyfGltYWdlc3w0NDY5NXxpbWFnZS9qcGVnfGFEZ3hMMmc0TVM4eE1UTTVOVFk0T1RBeU1UUTNNQzgxTWpkWGVEVXlOMGhmYm5Wc2JBfDM5NGNlNzZmMzQ5ODQ3ZTI2OWM3MzgzMTE0NjhlYzg0Yzk1ZjQwZTJlZGFhZWJmN2FjMGZlOTU0Mjg5YzY0MmY&v=1731361503262",
        "images": []
    },
    {
        "product_url": "https://www.heinemann-shop.com/en/global/maisto/maisto-tech-r-c-speed-boat-hydro-blaster-34cm/p/000000000001513680/",
        "brand_name": "Maisto",
        "brand_url": "https://www.heinemann-shop.com/en/global/maisto/c/BRAND_3538/",
        "product_name": "Maisto Tech R/C, Speed Boat \"Hydro Blaster\" 34cm",
        "quantity": "",
        "price": "\u20ac45.90",
        "price_per_quantity": "",
        "stock_availability": "",
        "description": "The remote-controlled Speed Boat \"Hydro Blaster\" from Maisto Tech R/C is perfect for swimming lakes and pools. With the easy-to-use gamer controller you have everything under control at all times. The boat can be steered at a top speed of 3.6 km/h. This means that even young drivers can have fun with it. The boat has a range of 20 m and a frequency of 2.4 GHz. Batteries included. (4x AA for the boat and 2x AAA for the remote control).",
        "primary_image": "https://www.heinemann-shop.com/medias/1513680-527Wx527H?context=bWFzdGVyfGltYWdlc3wyODI5NHxpbWFnZS9qcGVnfGFESTNMMmhoWVM4NU56QXhOVGN6TWpZek16a3dMekUxTVRNMk9EQmZOVEkzVjNnMU1qZEl8NmM5ZmI5MGRkMjhmODdmYTE0MDY1NTlhZTA3ZDQyZjhlNjdjNmUzNDhmYjNjZGQwMWY1YTJkOTJjMTAwZTlhMQ&v=1660940126614",
        "images": [
            "https://www.heinemann-shop.com/medias/1513680-527Wx527H?context=bWFzdGVyfGltYWdlc3wyODI5NHxpbWFnZS9qcGVnfGFESTNMMmhoWVM4NU56QXhOVGN6TWpZek16a3dMekUxTVRNMk9EQmZOVEkzVjNnMU1qZEl8NmM5ZmI5MGRkMjhmODdmYTE0MDY1NTlhZTA3ZDQyZjhlNjdjNmUzNDhmYjNjZGQwMWY1YTJkOTJjMTAwZTlhMQ&v=1660940126614",
            "https://www.heinemann-shop.com/medias/1513680-1-527Wx527H?context=bWFzdGVyfGltYWdlc3w0MDkwOXxpbWFnZS9qcGVnfGFEZ3lMMmd4TVM4NU56QXhOVGMyTkRjME5qVTBMekUxTVRNMk9EQmZNVjgxTWpkWGVEVXlOMGd8NGQ4NWQ1MDUzYmUyYmZiNzYzYzBhZjNiYzlkYmNhNjE4MzUzZDE1YjU1OWJhMDM3MDg0OGI5MTI5NDZiMGYwNA&v=1660940191314",
            "https://www.heinemann-shop.com/medias/1513680-2-527Wx527H?context=bWFzdGVyfGltYWdlc3wzMzIwMXxpbWFnZS9qcGVnfGFHSTBMMmd3Tnk4NU56QXhOVGMyTnpNMk56azRMekUxTVRNMk9EQmZNbDgxTWpkWGVEVXlOMGd8MzIxZmNjYTgzZDY2MGJmZjk5NDczZWU1NzYyZTI4N2M3MTFhZTMyNjgxNWU4NWQ0ZTBlN2JmMWIwNzMwNThiNQ&v=1660940195113"
        ]
    },
    {
        "product_url": "https://www.heinemann-shop.com/en/global/kekz/kekz-bibi-und-tina-das-fohlen/p/000000000001595120/",
        "brand_name": "KEKZ",
        "brand_url": "https://www.heinemann-shop.com/en/global/kekz/c/BRAND_9887/",
        "product_name": "KEKZ, BIBI UND TINA - Das Fohlen",
        "quantity": "\n        ",
        "price": "\u20ac10.90",
        "price_per_quantity": "",
        "stock_availability": "Low stock",
        "description": "Bibi is beaming with joy because her favourite horse Sabrina will soon have a foal. There's only one thing to do: go to Martin's farm! During the night, Bibi and Tina wait anxiously for the birth. And then the little black stallion arrives, without any witchcraft. But soon the foal is in danger. Will Bibi and Tina be able to help him?",
        "primary_image": "https://www.heinemann-shop.com/medias/527Wx527H-null?context=bWFzdGVyfGltYWdlc3w2NTc1MHxpbWFnZS9qcGVnfGFHVTVMMmc1WlM4NU9EQTFPVFV4T0RJM09UazRMelV5TjFkNE5USTNTRjl1ZFd4c3w3OTcyY2I3MDIwNTZiMDM0MDFkNjBkYTBlYTI4NGFmMDQ0ZjllZTRlMzJlZjkwZjMxYjE5OGJjYzQ4ZjZmZTIx&v=1692393384381",
        "images": []
    },
    {
        "product_url": "https://www.heinemann-shop.com/en/global/al-rifai/al-rifai-mix-super-extra-150g/p/000000000001188378/",
        "brand_name": "Al Rifai",
        "brand_url": "https://www.heinemann-shop.com/en/global/al-rifai/c/BRAND_3164/",
        "product_name": "Al Rifai Mix Super Extra 150g",
        "quantity": "0.15\u00a0kg",
        "price": "\u20ac6.50",
        "price_per_quantity": "(\u20ac43.33 / 1 kg)",
        "stock_availability": "In stock, immediately available",
        "description": "A traditional mix of kernels and nuts roasted with love and packed with care. Al Rifai Mixes are a great way to enjoy the myriad of savoury products we produce.",
        "primary_image": "https://www.heinemann-shop.com/medias/527Wx527H-null?context=bWFzdGVyfGltYWdlc3w2MDA1M3xpbWFnZS9qcGVnfGFEVmxMMmd6TUM4eE1UTTVOVFk0T0RjNU1qQTVOQzgxTWpkWGVEVXlOMGhmYm5Wc2JBfDczNTlhMzUwMzIyYzRmMGIxODZkMmU1ZDJmMzNjOWYzMzVhZjU4OTRjOTRkMzRmM2Y4ODhmMDM2ZjNkYzUyNjA&v=1731361490872",
        "images": []
    },
    {
        "product_url": "https://www.heinemann-shop.com/en/global/al-rifai/al-rifai-mix-classic-150g/p/000000000001188377/",
        "brand_name": "Al Rifai",
        "brand_url": "https://www.heinemann-shop.com/en/global/al-rifai/c/BRAND_3164/",
        "product_name": "Al Rifai Mix Classic 150g",
        "quantity": "0.15\u00a0kg",
        "price": "\u20ac5.30",
        "price_per_quantity": "(\u20ac35.33 / 1 kg)",
        "stock_availability": "In stock, immediately available",
        "description": "A Classic , yet big on variety. This mix is composed of nuts and kernels that are roasted with love and packed with care. Al Rifai Mixes are a great way to enjoy the myriad of savoury products we produce.",
        "primary_image": "https://www.heinemann-shop.com/medias/527Wx527H-null?context=bWFzdGVyfGltYWdlc3wzNDMxMnxpbWFnZS9qcGVnfGFHSXhMMmd4TkM4eE1UTTVOVFk0TXpRMU1Ea3hNQzgxTWpkWGVEVXlOMGhmYm5Wc2JBfGY4ODlkZjBjNTQ0MjRiOTA3ZjVhMjkyMWJjZTQ5NGE1Y2Q5MGRjMDc5NDdhMzBmZTc0OWNhZWNlNWVjMmEwNDA&v=1731361057382",
        "images": []
    },
    {
        "product_url": "https://www.heinemann-shop.com/en/global/herpa/herpa-boeing-airplane-boeing-b787/p/000000000001422409/",
        "brand_name": "Herpa",
        "brand_url": "https://www.heinemann-shop.com/en/global/herpa/c/BRAND_9978/",
        "product_name": "Herpa, Boeing, airplane boeing b787",
        "quantity": "\n        ",
        "price": "\u20ac15.90",
        "price_per_quantity": "",
        "stock_availability": "Low stock",
        "description": "Entry line models for junior collectors.",
        "primary_image": "https://www.heinemann-shop.com/medias/527Wx527H-null?context=bWFzdGVyfGltYWdlc3wzMTIzMXxpbWFnZS9qcGVnfGFEUmtMMmhsTlM4eE1EVTNNakkzT0RNNU9UQXdOaTgxTWpkWGVEVXlOMGhmYm5Wc2JBfGY1NjliNTFiMDY2Y2UxYjJiYzYwNDBhNzY2Y2QzYzA5NzhjZDU2ZmUzZWI0MzA1MDAyYmU1N2Y0MWU4YmEyNTg&v=1713386076828",
        "images": [
            "https://www.heinemann-shop.com/medias/527Wx527H-null?context=bWFzdGVyfGltYWdlc3wzMTIzMXxpbWFnZS9qcGVnfGFEUmtMMmhsTlM4eE1EVTNNakkzT0RNNU9UQXdOaTgxTWpkWGVEVXlOMGhmYm5Wc2JBfGY1NjliNTFiMDY2Y2UxYjJiYzYwNDBhNzY2Y2QzYzA5NzhjZDU2ZmUzZWI0MzA1MDAyYmU1N2Y0MWU4YmEyNTg&v=1713386076828",
            "https://www.heinemann-shop.com/medias/527Wx527H-null?context=bWFzdGVyfGltYWdlc3w0MDc4MnxpbWFnZS9qcGVnfGFEY3dMMmhpTkM4eE1EVTNNakkzT1RJNE16YzBNaTgxTWpkWGVEVXlOMGhmYm5Wc2JBfDExZDQzYWM5OTZmNWFkMGVhZjFmOGZjMDYwYjFiYjc1NDczNDcxMWJlNDFkOGMxODdjNTQ2OGQ3ZWZjODlmYjQ&v=1713386115748",
            "https://www.heinemann-shop.com/medias/527Wx527H-null?context=bWFzdGVyfGltYWdlc3w1OTA5NHxpbWFnZS9qcGVnfGFHRXlMMmhoWVM4eE1EVTNNakkzT1RVME5UZzROaTgxTWpkWGVEVXlOMGhmYm5Wc2JBfGRiYzc1ZDI4NzBlZGZlMWU5YjQ4MTRhMGRjYjEzZjQ5N2RkNWFkMDk4MTJiNjVmNmE5ZTk0OTlhODg0ZGM5Yjg&v=1713386123476"
        ]
    },
    {
        "product_url": "https://www.heinemann-shop.com/en/global/hot-wheels/hot-wheels-hw-color-shifters-asst/p/000000000001097417/",
        "brand_name": "Hot Wheels",
        "brand_url": "https://www.heinemann-shop.com/en/global/hot-wheels/c/BRAND_5969/",
        "product_name": "Hot Wheels, hw color shifters asst",
        "quantity": "\n        ",
        "price": "\u20ac8.90",
        "price_per_quantity": "",
        "stock_availability": "Low stock",
        "description": "Now you can transform the color of your Hot Wheels\u00ae cars with Color Shifters\u00ae vehicles! It\u2019s simple -- warm water changes your car\u2019s color, and icy water changes it back. Some vehicles even feature a multi-color transformation!",
        "primary_image": "https://www.heinemann-shop.com/medias/527Wx527H-null?context=bWFzdGVyfGltYWdlc3w1MTQ0NHxpbWFnZS9qcGVnfGFEUTVMMmhoTWk4eE1ESTVOalEwT0Rrd09UTTBNaTgxTWpkWGVEVXlOMGhmYm5Wc2JBfDYzMzAwMDI3M2M5OGU3MTQ1YjE0N2UxMzE3MGI3YWMxYzljM2NjMjNhNTBiYmU5MWE2NGExODI3NjM4YWVhODg&v=1707169460102",
        "images": []
    },
    {
        "product_url": "https://www.heinemann-shop.com/en/global/maisto/maisto-ford-ranger/p/000000000001602401/",
        "brand_name": "Maisto",
        "brand_url": "https://www.heinemann-shop.com/en/global/maisto/c/BRAND_3538/",
        "product_name": "Maisto, ford ranger",
        "quantity": "",
        "price": "\u20ac27.90",
        "price_per_quantity": "",
        "stock_availability": "",
        "description": "The SUV from Ford! Maisto has reproduced the Ford Ranger as a metal injection molded model in 1:24 scale with detailed interior as well as movable doors. The yellow collector car is a must for every Ford lover and an eye-catcher for the showcase! As a toy, the model car is suitable for children from 3 years.",
        "primary_image": "https://www.heinemann-shop.com/medias/527Wx527H-null?context=bWFzdGVyfGltYWdlc3w1MTQ4MHxpbWFnZS9qcGVnfGFESTJMMmhtTVM4NU9UUTVNVFEyTnpFd01EUTJMelV5TjFkNE5USTNTRjl1ZFd4c3xjNjFiMGY0NmU4ODYzNmZmNTBiYTA2ZThkZTU1YmJhMTRjYzUwZGE2M2EzYzhjN2NmYTRjMmUxZDQxYjZhZDE3&v=1698352373814",
        "images": []
    },
    {
        "product_url": "https://www.heinemann-shop.com/en/global/maisto/maisto-chevrolet-corvette/p/000000000001602400/",
        "brand_name": "Maisto",
        "brand_url": "https://www.heinemann-shop.com/en/global/maisto/c/BRAND_3538/",
        "product_name": "Maisto, chevrolet corvette",
        "quantity": "\n        ",
        "price": "\u20ac27.90",
        "price_per_quantity": "",
        "stock_availability": "Low stock",
        "description": "The beginning of an American success story! Maisto has recreated the Chevrolet Corvette (1957) as a metal injection molded model in 1:24 scale with detailed interior and movable hood and doors. The turquoise collector car is a must for every Corvette lover and an eye-catcher for the display case! As a toy, the model car is suitable for children from 3 years.",
        "primary_image": "https://www.heinemann-shop.com/medias/527Wx527H-null?context=bWFzdGVyfGltYWdlc3w0MTQ2MXxpbWFnZS9qcGVnfGFEYzJMMmhrWkM4NU9UUTVNVFEyTVRnMU56VTRMelV5TjFkNE5USTNTRjl1ZFd4c3xhODlkYzcyMDY3MjRhYzc4ZjIzYTU0MDc3YjMxYTkyMzJjMzAyYWY3NTI3Y2Q0OTBhNjVhY2E5MjMxYWIxZGU4&v=1698352319212",
        "images": []
    },
    {
        "product_url": "https://www.heinemann-shop.com/en/global/intex/intex-intex-wet-set-swimtire-donut/p/000000000001292048/",
        "brand_name": "Intex",
        "brand_url": "https://www.heinemann-shop.com/en/global/intex/c/BRAND_6735/",
        "product_name": "Intex, Intex-Wet Set, swimtire donut",
        "quantity": "\n        ",
        "price": "\u20ac11.90",
        "price_per_quantity": "",
        "stock_availability": "Low stock",
        "description": "With the 99 x 25 cm \"Sprinkle Donut Tube\" floating tire, the summer can begin. The tire made of 0.25 mm thick vinyl convinces with its photo-realistic donut design including creamy sugar icing and sweet sprinkle details. Whether at the seaside, in the pool or at the swimming lake - with this swim tire, summer fun and relaxation on the water is guaranteed. Included in delivery is a repair patch. Suitable for children from 9 years. Weight limit: 100 kg.",
        "primary_image": "https://www.heinemann-shop.com/medias/527Wx527H-null?context=bWFzdGVyfGltYWdlc3w2Njk2M3xpbWFnZS9qcGVnfGFEYzVMMmcxTUM4eE1ERXdNRGt6TURnd05UYzVNQzgxTWpkWGVEVXlOMGhmYm5Wc2JBfGFmNmMyYWY0MmYwZTk1YTUzZmFhMjZhYTUwNGMzYzU4YTFjZmVhMmUwYTRiZjdjOGMwZDUzNjc3ODQ2ZjQ2Y2U&v=1702329565465",
        "images": []
    },
    {
        "product_url": "https://www.heinemann-shop.com/en/global/greentoys/greentoys-ferry-boat-blue-w-cars/p/000000000001499137/",
        "brand_name": "Greentoys",
        "brand_url": "https://www.heinemann-shop.com/en/global/greentoys/c/BRAND_8945/",
        "product_name": "Greentoys, Ferry Boat blue w/ Cars",
        "quantity": "",
        "price": "\u20ac28.90",
        "price_per_quantity": "",
        "stock_availability": "",
        "description": "Sturdy two-storey ferry with extendible ramp offers enough space for 4 GreenToys Cars. The open top deck has 2 small benches and 11 windows where you can see through to the main deck. Big playing fun in the bathtub, pool, sea or lake. Free from BPA, PVC & phthalates. It is 100 % recycled plastics and dishwasher-proof.",
        "primary_image": "https://www.heinemann-shop.com/medias/527Wx527H-null?context=bWFzdGVyfGltYWdlc3w0NDY5NHxpbWFnZS9qcGVnfGFEa3hMMmc0WlM4NU56UTJORFl5T0RZM05EZzJMelV5TjFkNE5USTNTRjl1ZFd4c3wwYzUzNTlkZTc2NDZjMzI3OTZmNjJkMGU1ZTIzMzA1MGRlOWYzYTgzN2U1ZjdlZjQ5MzUyY2E4ZDdhNmZkZGJj&v=1678915262910",
        "images": [
            "https://www.heinemann-shop.com/medias/527Wx527H-null?context=bWFzdGVyfGltYWdlc3w0NDY5NHxpbWFnZS9qcGVnfGFEa3hMMmc0WlM4NU56UTJORFl5T0RZM05EZzJMelV5TjFkNE5USTNTRjl1ZFd4c3wwYzUzNTlkZTc2NDZjMzI3OTZmNjJkMGU1ZTIzMzA1MGRlOWYzYTgzN2U1ZjdlZjQ5MzUyY2E4ZDdhNmZkZGJj&v=1678915262910",
            "https://www.heinemann-shop.com/medias/527Wx527H-null?context=bWFzdGVyfGltYWdlc3wzOTcyMXxpbWFnZS9qcGVnfGFHRTFMMmc1WkM4NU56UTJOVGs0TnpVMk16Z3lMelV5TjFkNE5USTNTRjl1ZFd4c3w2ZTllNDFiMjZmZTQ2YjM4ODM4YTUxNTE1ZGYyNjgzZjdhNGRhM2UyMzY3YWEyZmQwZGZhMjI4NTc2MzIxOWM3&v=1678915360441"
        ]
    },
    {
        "product_url": "https://www.heinemann-shop.com/en/global/herpa/herpa-british-airways-british-airways-a380/p/000000000001592610/",
        "brand_name": "Herpa",
        "brand_url": "https://www.heinemann-shop.com/en/global/herpa/c/BRAND_9978/",
        "product_name": "Herpa, British Airways, british airways a380",
        "quantity": "\n        ",
        "price": "\u20ac15.90",
        "price_per_quantity": "",
        "stock_availability": "Low stock",
        "description": "Entry line models for junior collectors.",
        "primary_image": "https://www.heinemann-shop.com/medias/527Wx527H-null?context=bWFzdGVyfGltYWdlc3wyMzQ4MnxpbWFnZS9qcGVnfGFEVmxMMmd5TUM4eE1UUXpPVGszTkRRNE1UazFNQzgxTWpkWGVEVXlOMGhmYm5Wc2JBfDliZGRhZThkMjFlZmM1YzhhZTdmOTE4YjE1ZTk5ZjUxNjM3NWM1YmIzOTJlMjk5Mzk4MDQ2ZTcxMGVjN2JhOWI&v=1732571744136",
        "images": [
            "https://www.heinemann-shop.com/medias/527Wx527H-null?context=bWFzdGVyfGltYWdlc3wyMzQ4MnxpbWFnZS9qcGVnfGFEVmxMMmd5TUM4eE1UUXpPVGszTkRRNE1UazFNQzgxTWpkWGVEVXlOMGhmYm5Wc2JBfDliZGRhZThkMjFlZmM1YzhhZTdmOTE4YjE1ZTk5ZjUxNjM3NWM1YmIzOTJlMjk5Mzk4MDQ2ZTcxMGVjN2JhOWI&v=1732571744136",
            "https://www.heinemann-shop.com/medias/527Wx527H-null?context=bWFzdGVyfGltYWdlc3wyOTE5N3xpbWFnZS9qcGVnfGFEQmxMMmhsTnk4eE1UUTBNRFF6T1RVNU1EazBNaTgxTWpkWGVEVXlOMGhmYm5Wc2JBfGZiZWI2NGQyODFhOGJiNWFlOGYwNjkwNTA0ZDI3NzQxNzM5OTI1MTlhZmQ0NDc4OGMwY2M4MGFhYjU0NDk4M2I&v=1732572204342"
        ]
    },
    {
        "product_url": "https://www.heinemann-shop.com/en/global/intex/intex-intex-wet-set-underwater-fish-rings/p/000000000001544737/",
        "brand_name": "Intex",
        "brand_url": "https://www.heinemann-shop.com/en/global/intex/c/BRAND_6735/",
        "product_name": "Intex, Intex-Wet Set, underwater fish rings",
        "quantity": "\n        ",
        "price": "\u20ac9.90",
        "price_per_quantity": "",
        "stock_availability": "Low stock",
        "description": "Colorful diving rings for even more fun in the water. Diving goggles on and - poof! There the diver is already under water again and brings up the next colorful ring in fish shape from the bottom. The diving rings \"Underwater Fish Rings\" from Intex are ideal for diving games and diving exercises. Made of soft, flexible material, the rings are easy to throw, sink quickly to the bottom and are easy to find again thanks to their bright colors. Suitable for children from 6 years.",
        "primary_image": "https://www.heinemann-shop.com/medias/527Wx527H-null?context=bWFzdGVyfGltYWdlc3w0NDEzNHxpbWFnZS9qcGVnfGFHUTVMMmd4T0M4eE1ERXdNRGt5TmpJeE9ESTNNQzgxTWpkWGVEVXlOMGhmYm5Wc2JBfGI0ZmVmNWM1MmRmMzYzZmU3NmFkMzVlY2JjYWI3YzU4NTUyNDAyMzg3YjBkZDg1MDM1OTk4MjI4MWI5ZGNjNWQ&v=1702329492160",
        "images": [
            "https://www.heinemann-shop.com/medias/527Wx527H-null?context=bWFzdGVyfGltYWdlc3w0NDEzNHxpbWFnZS9qcGVnfGFHUTVMMmd4T0M4eE1ERXdNRGt5TmpJeE9ESTNNQzgxTWpkWGVEVXlOMGhmYm5Wc2JBfGI0ZmVmNWM1MmRmMzYzZmU3NmFkMzVlY2JjYWI3YzU4NTUyNDAyMzg3YjBkZDg1MDM1OTk4MjI4MWI5ZGNjNWQ&v=1702329492160",
            "https://www.heinemann-shop.com/medias/527Wx527H-null?context=bWFzdGVyfGltYWdlc3wzNDA5NXxpbWFnZS9qcGVnfGFEaG1MMmcyTkM4eE1ERXdNRGt6T0Rjd01qZzNPQzgxTWpkWGVEVXlOMGhmYm5Wc2JBfGMwNmNlNWViOGE2MTgxMDkyMWQwMGNmM2ZkZWJjMWJhNDg1MjVmNDdkZTUyYjgwMjYyMDAzYTBhNGZkYWUxMzU&v=1702329856958",
            "https://www.heinemann-shop.com/medias/527Wx527H-null?context=bWFzdGVyfGltYWdlc3wzMDU3OHxpbWFnZS9qcGVnfGFERXdMMmcxWkM4eE1ERXdNRGt6T0RrMk5UQXlNaTgxTWpkWGVEVXlOMGhmYm5Wc2JBfDZiOGQyMTg4Nzk0YjE3OWQyY2E2MGY5M2ZjZmFkNmI4Mzc3NWJjMzUyYmU4ZWE1Njg4M2MwN2I2NjMzOGVkNWY&v=1702329865553",
            "https://www.heinemann-shop.com/medias/527Wx527H-null?context=bWFzdGVyfGltYWdlc3wzNDU4MnxpbWFnZS9qcGVnfGFEazJMMmd3WWk4eE1ERXdNRGt6T1RJeU56RTJOaTgxTWpkWGVEVXlOMGhmYm5Wc2JBfDk5NGE4ZDBmNzVmMjc4MzJjNmI4MWI5OThlZDgxYjdlNjFkYjc4YzcwYjg4MTFlMDVjZTI5ZTE5ZmZiYjBhOGY&v=1702329874189",
            "https://www.heinemann-shop.com/medias/527Wx527H-null?context=bWFzdGVyfGltYWdlc3wzMDk1MHxpbWFnZS9qcGVnfGFERTRMMmd3TkM4eE1ERXdNRGt6T1RRNE9UTXhNQzgxTWpkWGVEVXlOMGhmYm5Wc2JBfDg1NGNmOTkwMjkxYzFmNDllZmEzMmNiNTRmNmVlOGVjMzdlNTU2YWMyODZlNDg1NTcyMjMxMTU5MTc0Y2U1NmI&v=1702329882660"
        ]
    },
    {
        "product_url": "https://www.heinemann-shop.com/en/global/dr-karg-s/wholegrain-snack-tomato-herbs-110g/p/000000000001623077/",
        "brand_name": "Dr. Karg's",
        "brand_url": "https://www.heinemann-shop.com/en/global/dr-karg-s/c/BRAND_A088/",
        "product_name": "Wholegrain Snack Tomato & Herbs 110g",
        "quantity": "0.11\u00a0kg",
        "price": "",
        "price_per_quantity": "(\u20ac33.64 / 1 kg)",
        "stock_availability": "",
        "description": "Maximum flavour in a small bite: Dr. Karg\u00b4s Wholegrain Snacks are the perfect little crunchy squares for refuelling on the go or between meals, to share or eat all on your own.",
        "primary_image": "https://www.heinemann-shop.com/medias/527Wx527H-null?context=bWFzdGVyfGltYWdlc3w5MjkzNHxpbWFnZS9qcGVnfGFETXhMMmhqWWk4eE1EUXhNemMzTnpneE16VXpOQzgxTWpkWGVEVXlOMGhmYm5Wc2JBfDlmNWE0YmU0NDg3MTAxNzUyNzJhNThjY2ExOTkxNmIwNTg1NTcwMDIyOTIwYjg0NWYyN2RmODMxNjBkZmZhNWY&v=1709759969812",
        "images": []
    },
    {
        "product_url": "https://www.heinemann-shop.com/en/global/werther-s/werthers-original-salted-caramel-popcorn/p/000000000001628862/",
        "brand_name": "Werther's",
        "brand_url": "https://www.heinemann-shop.com/en/global/werther-s/c/BRAND_5472/",
        "product_name": "Werthers Original Salted Caramel Popcorn",
        "quantity": "0.14\u00a0kg",
        "price": "\u20ac4.30",
        "price_per_quantity": "(\u20ac30.71 / 1 kg)",
        "stock_availability": "In stock, immediately available",
        "description": "Perfectly popped corn covered with rich and creamy Werther\u2019s Original Salted Caramel",
        "primary_image": "",
        "images": []
    },
    {
        "product_url": "https://www.heinemann-shop.com/en/global/dr-karg-s/protein-snack-sesame-linseeds-85g/p/000000000001623078/",
        "brand_name": "Dr. Karg's",
        "brand_url": "https://www.heinemann-shop.com/en/global/dr-karg-s/c/BRAND_A088/",
        "product_name": "Protein Snack Sesame & Linseeds 85g",
        "quantity": "0.085\u00a0kg",
        "price": "",
        "price_per_quantity": "(\u20ac43.53 / 1 kg)",
        "stock_availability": "",
        "description": "Dr. Karg\u00b4s protein snack Sesame & Linseeds is perfect for those who would like to cut down on carbs \u2013 or increase their protein intake.",
        "primary_image": "https://www.heinemann-shop.com/medias/527Wx527H-null?context=bWFzdGVyfGltYWdlc3w4NzExM3xpbWFnZS9qcGVnfGFHTXhMMmcxWmk4eE1EazFNRFkxT1RBME56UTFOQzgxTWpkWGVEVXlOMGhmYm5Wc2JBfDk4YjQ2YTFlNGYyOGI2NTMxN2MwMWRiOTBjOWI2YzY2NTJhNjYzNTZlODNkZjZkMjcxMWRiMmVmZjQ0OGI5NWU&v=1722631715299",
        "images": []
    },
    {
        "product_url": "https://www.heinemann-shop.com/en/global/dr-karg-s/organic-snack-spelt-quinoa-110g/p/000000000001623076/",
        "brand_name": "Dr. Karg's",
        "brand_url": "https://www.heinemann-shop.com/en/global/dr-karg-s/c/BRAND_A088/",
        "product_name": "Organic Snack Spelt & Quinoa 110g",
        "quantity": "0.11\u00a0kg",
        "price": "",
        "price_per_quantity": "(\u20ac33.64 / 1 kg)",
        "stock_availability": "",
        "description": "Maximum flavour in a small bite: Dr. Karg\u00b4s Organic Wholegrain Snacks are the perfect little crunchy squares for refuelling on the go or between meals, to share or eat all on your own.",
        "primary_image": "https://www.heinemann-shop.com/medias/527Wx527H-null?context=bWFzdGVyfGltYWdlc3w5NDYzOXxpbWFnZS9qcGVnfGFHWm1MMmhrTkM4eE1EUXhNemMzTnpVMU1UTTVNQzgxTWpkWGVEVXlOMGhmYm5Wc2JBfDJmMmZjOGRiYjI1YzY2MGY5ZTMzZjNhYjViYTdkNDI4ODc0OTZhZTczNDM1OTE5ZWU0YzBkN2Y4Mzc4YjdmM2M&v=1709759962004",
        "images": []
    },
    {
        "product_url": "https://www.heinemann-shop.com/en/global/stitch/stitch-pocket/p/000000000001632797/",
        "brand_name": "Stitch",
        "brand_url": "https://www.heinemann-shop.com/en/global/stitch/c/BRAND_A175/",
        "product_name": "Stitch, pocket",
        "quantity": "\n        ",
        "price": "\u20ac14.90",
        "price_per_quantity": "",
        "stock_availability": "Low stock",
        "description": "Stitch, a troublemaker, is an experiment and is programmed to destroy, for which reason an extraterrestrial tribunal wants to lock Stich away. He manage to escape and meets Lilo, a little girl. Through her love and unwavering belief in Ohana, the Hawaiian word for family, Lilo and Stitch develop a special friendship and the help each other out of sticky situations along the way. Stitch is positioned as a unique offering across all consumer demographics.",
        "primary_image": "https://www.heinemann-shop.com/medias/527Wx527H-null?context=bWFzdGVyfGltYWdlc3w0MTI3N3xpbWFnZS9qcGVnfGFETXdMMmczWXk4eE1EUXpNekUwTXpjNU9UZ3pPQzgxTWpkWGVEVXlOMGhmYm5Wc2JBfDllNTg3ZmIzNzc2NTg0N2NmYjIyNGE1NzE4MmJjNWNmM2U4MGYyNDBkYjA5NzlmM2IxZTcyMzIxMmI3YzRmNTI&v=1710280176553",
        "images": []
    },
    {
        "product_url": "https://www.heinemann-shop.com/en/global/lindt/lindt-swiss-thins-milk-chocolate/p/000000000001596704/",
        "brand_name": "Lindt",
        "brand_url": "https://www.heinemann-shop.com/en/global/lindt/c/BRAND_1486/",
        "product_name": "Lindt Swiss Thins milk chocolate",
        "quantity": "0.18\u00a0kg",
        "price": "\u20ac15.90",
        "price_per_quantity": "(\u20ac88.33 / 1 kg)",
        "stock_availability": "In stock, immediately available",
        "description": "Experience pure chocolate pleasure with the Lindt Swiss Thins Milk, made from the best quality ingredients. With its delicate and thin shape, this delectable chocolate specialty melts quickly on the tongue to release its delicious taste. Indulge in the smoothest chocolate delight and discover the classic recipe \"Swiss Thins Milk\".",
        "primary_image": "https://www.heinemann-shop.com/medias/527Wx527H-null?context=bWFzdGVyfGltYWdlc3wzNDMwMnxpbWFnZS9qcGVnfGFEWTJMMmhoTXk4eE1USTROakkzT0RJM05URXdNaTgxTWpkWGVEVXlOMGhmYm5Wc2JBfDhlN2Q2YzU4MjdmYTc4OTBmZjM2ODEwN2QwYjhkMmQ3MDIyNGNlMDdlZGMwYzQ3MTE5NGVkZjVkNmRkNWM4NjQ&v=1729323244419",
        "images": []
    },
    {
        "product_url": "https://www.heinemann-shop.com/en/global/intex/intex-intex-wet-set-surfer-joy-rider/p/000000000001544739/",
        "brand_name": "Intex",
        "brand_url": "https://www.heinemann-shop.com/en/global/intex/c/BRAND_6735/",
        "product_name": "Intex, Intex-Wet Set, surfer joy rider",
        "quantity": "\n        ",
        "price": "\u20ac10.90",
        "price_per_quantity": "",
        "stock_availability": "Low stock",
        "description": "With the cool inflatable \"Joy Riders\" from Intex, the summer can begin. The 112 x 62 cm wave riders in cool design have 2 handles, 2 air chambers and are made of 0.25 mm thick vinyl. The features of the surfer ensure sufficient grip and stability while splashing around. Included in delivery is a repair patch. Suitable for children from 6 years. Weight limit: 40 kg.",
        "primary_image": "https://www.heinemann-shop.com/medias/527Wx527H-null?context=bWFzdGVyfGltYWdlc3wzNzk4NXxpbWFnZS9qcGVnfGFEYzVMMmd3Tnk4eE1ERXdNRGt5TmpjME1qVTFPQzgxTWpkWGVEVXlOMGhmYm5Wc2JBfGIzMGQzY2IzYzM2N2E4NzVmZTJiNzBkMmZkNzY4MzRlNzg5Zjc5MGYwNzc3ZTIxMmUyNDI0ZmMwNjIyMTE1YjM&v=1702329494183",
        "images": [
            "https://www.heinemann-shop.com/medias/527Wx527H-null?context=bWFzdGVyfGltYWdlc3wzNzk4NXxpbWFnZS9qcGVnfGFEYzVMMmd3Tnk4eE1ERXdNRGt5TmpjME1qVTFPQzgxTWpkWGVEVXlOMGhmYm5Wc2JBfGIzMGQzY2IzYzM2N2E4NzVmZTJiNzBkMmZkNzY4MzRlNzg5Zjc5MGYwNzc3ZTIxMmUyNDI0ZmMwNjIyMTE1YjM&v=1702329494183",
            "https://www.heinemann-shop.com/medias/527Wx527H-null?context=bWFzdGVyfGltYWdlc3wzNDU4OXxpbWFnZS9qcGVnfGFHTTVMMmd3TlM4eE1ERXdNRGt6T1RjMU1UUTFOQzgxTWpkWGVEVXlOMGhmYm5Wc2JBfDc2Yzk1MGM3MTZiNjE1YTM2NzQ2NjkzZjRlOTM0ZmRiOTQwODhjMzQwMzJjMjc3MzIxM2E4NGQ0YTNhYzJlOWQ&v=1702329891176"
        ]
    },
    {
        "product_url": "https://www.heinemann-shop.com/en/global/benlian/benlian-gluten-free-rocky-rolls-choco-70vol-70g/p/000000000001564719/",
        "brand_name": "Benlian",
        "brand_url": "https://www.heinemann-shop.com/en/global/benlian/c/BRAND_8593/",
        "product_name": "Benlian Gluten Free Rocky Rolls Choco 70% 70g",
        "quantity": "0.07\u00a0kg",
        "price": "\u20ac2.50",
        "price_per_quantity": "(\u20ac35.71 / 1 kg)",
        "stock_availability": "In stock, immediately available",
        "description": "Crispy round rice wafers made from brown rice coated with dark, UTZ certified dark chocolate (70% cocoa ). The delicious wafers are a great taste experience for all ages and free from gluten and palm oil",
        "primary_image": "https://www.heinemann-shop.com/medias/527Wx527H-null?context=bWFzdGVyfGltYWdlc3w4NzM3NXxpbWFnZS9qcGVnfGFEQmpMMmd5T0M4NU56VXdPRFUzT0RReU56RTRMelV5TjFkNE5USTNTRjl1ZFd4c3w0NDI4NmQ2ZDc5ZGI2MTQzOGVmNTMxYzkyZjMxZWM1MTFjNTk2YjQxNjI1YmM5ZWQxYmFhMDhlYTNhMDg0Mzky&v=1680153357530",
        "images": []
    },
    {
        "product_url": "https://www.heinemann-shop.com/en/global/patatas-fritas-torres/torres-selecta-mediterranean-herbs-premium-potato-chips-150g/p/000000000001442598/",
        "brand_name": "Patatas Fritas Torres",
        "brand_url": "https://www.heinemann-shop.com/en/global/patatas-fritas-torres/c/BRAND_8528/",
        "product_name": "Torres Selecta Mediterranean Herbs Premium Potato Chips 150g",
        "quantity": "0.15\u00a0kg",
        "price": "",
        "price_per_quantity": "(\u20ac42.00 / 1 kg)",
        "stock_availability": "",
        "description": "Mediterranean Herbs Premium Potato Chips",
        "primary_image": "https://www.heinemann-shop.com/medias/1442598-527Wx527H?context=bWFzdGVyfGltYWdlc3w2MTI1MXxpbWFnZS9qcGVnfGFEbGtMMmhrTmk4NU5qa3pOVFl3TWpReU1qQTJMekUwTkRJMU9UaGZOVEkzVjNnMU1qZEl8MDVlNmFmODlhYjllOGI1MDc5MTA2NDgxMjlhNTRlNDZiNjY0NzY2ZWQyNmI2NjdjNWMzY2ExMTE5MjI5ZGIzOQ&v=1657141108554",
        "images": []
    },
    {
        "product_url": "https://www.heinemann-shop.com/en/global/herpa/herpa-miniaturmodelle-gmbh-lufthansa-747-8-new-colors-2018/p/000000000001584821/",
        "brand_name": "Herpa",
        "brand_url": "https://www.heinemann-shop.com/en/global/herpa/c/BRAND_9978/",
        "product_name": "Herpa Miniaturmodelle GmbH, Lufthansa 747-8 new colors 2018",
        "quantity": "",
        "price": "\u20ac29.90",
        "price_per_quantity": "",
        "stock_availability": "",
        "description": "Originally designed for inflight sales, the plastic push-fit models of the Herpa Snap-Fit series shine with an attractive finish and a great value for the money. Snap-Fit models are available in the scales 1/100, 1/200 to 1/250, include an elegant display stand, and can be assembled in no time without a drop of glue.",
        "primary_image": "https://www.heinemann-shop.com/medias/527Wx527H-null?context=bWFzdGVyfGltYWdlc3wyNzY2N3xpbWFnZS9qcGVnfGFEazVMMmcyWkM4NU9ERTFOVGd4TnpJd05qQTJMelV5TjFkNE5USTNTRjl1ZFd4c3wwY2RjMGI4NTVjMGVkNmIyNmQ5YWNhMzM0Mjc1YThmZDU0Y2YyOGVjMmZiNTZlNWU0MTExYzU3MTNiMWRkNGNi&v=1694064309534",
        "images": [
            "https://www.heinemann-shop.com/medias/527Wx527H-null?context=bWFzdGVyfGltYWdlc3wyNzY2N3xpbWFnZS9qcGVnfGFEazVMMmcyWkM4NU9ERTFOVGd4TnpJd05qQTJMelV5TjFkNE5USTNTRjl1ZFd4c3wwY2RjMGI4NTVjMGVkNmIyNmQ5YWNhMzM0Mjc1YThmZDU0Y2YyOGVjMmZiNTZlNWU0MTExYzU3MTNiMWRkNGNi&v=1694064309534",
            "https://www.heinemann-shop.com/medias/527Wx527H-null?context=bWFzdGVyfGltYWdlc3wyNjE0MXxpbWFnZS9qcGVnfGFHUXlMMmd3WVM4NU9ERTFOVGd5TlRBM01ETTRMelV5TjFkNE5USTNTRjl1ZFd4c3w3YzM4MjE3YmFkMjViZDM1ZDYxNTNlNTA0ODFmN2I3ZjY5MTI0ZTMwMmNkMGZjZDg1M2Q2ZDQ3NGM1OTEzMzc2&v=1694064338620"
        ]
    },
    {
        "product_url": "https://www.heinemann-shop.com/en/global/intex/intex-intex-wet-set-rideon-unicorn/p/000000000001544738/",
        "brand_name": "Intex",
        "brand_url": "https://www.heinemann-shop.com/en/global/intex/c/BRAND_6735/",
        "product_name": "Intex, Intex-Wet Set, rideon unicorn",
        "quantity": "\n        ",
        "price": "\u20ac26.90",
        "price_per_quantity": "",
        "stock_availability": "Low stock",
        "description": "The 163 x 86 cm Intex wave riding animal \"Magical Unicorn Ride-On\" in unicorn design is the absolute eye-catcher in any pool. Who can say that he rides on the back of a unicorn through the waves. Completely relaxed, you can let yourself drift with it over the surface of the pool or bathing lake or experience lots of swimming fun with friends. The wide base, two air chambers, the mm thick vinyl and two solid handles provide safety and stability. A repair patch is included in the delivery. Suitable for children from 3 years. Weight limit: 40 kg.",
        "primary_image": "https://www.heinemann-shop.com/medias/527Wx527H-null?context=bWFzdGVyfGltYWdlc3wzOTI5NXxpbWFnZS9qcGVnfGFEUTRMMmd4TVM4eE1ERXdNRGt5TmpRNE1EUXhOQzgxTWpkWGVEVXlOMGhmYm5Wc2JBfGY5ZTY0ODdjNDY2NTY0NjkzNDU0OThkYjk3OWJmNjY0OWY0ZmI3Y2UzMWU2YWYyZWY0NTYwZmYxN2ZlZjI5MjM&v=1702329493168",
        "images": []
    },
    {
        "product_url": "https://www.heinemann-shop.com/en/global/herpa/herpa-miniaturmodelle-gmbh-klm-boeing-787-9-dreamliner/p/000000000001584823/",
        "brand_name": "Herpa",
        "brand_url": "https://www.heinemann-shop.com/en/global/herpa/c/BRAND_9978/",
        "product_name": "Herpa Miniaturmodelle GmbH, KLM Boeing 787-9 Dreamliner",
        "quantity": "\n        ",
        "price": "\u20ac29.90",
        "price_per_quantity": "",
        "stock_availability": "Low stock",
        "description": "Originally designed for inflight sales, the plastic push-fit models of the Herpa Snap-Fit series shine with an attractive finish and a great value for the money. Snap-Fit models are available in the scales 1/100, 1/200 to 1/250, include an elegant display stand, and can be assembled in no time without a drop of glue.",
        "primary_image": "https://www.heinemann-shop.com/medias/527Wx527H-null?context=bWFzdGVyfGltYWdlc3wyNzA3N3xpbWFnZS9qcGVnfGFHSTRMMmc0T1M4eE1EVTVOakE0TVRrNU1UY3hNQzgxTWpkWGVEVXlOMGhmYm5Wc2JBfDA2ZDZmM2RhMGFiZWQ4N2RjOTk4OTI4MjIxOTAxODkyZWQ2NTVhMzU0YTFhMjc0MDE1YmY3ZGY3ODIwZDY0NDE&v=1714019139225",
        "images": [
            "https://www.heinemann-shop.com/medias/527Wx527H-null?context=bWFzdGVyfGltYWdlc3wyNzA3N3xpbWFnZS9qcGVnfGFHSTRMMmc0T1M4eE1EVTVOakE0TVRrNU1UY3hNQzgxTWpkWGVEVXlOMGhmYm5Wc2JBfDA2ZDZmM2RhMGFiZWQ4N2RjOTk4OTI4MjIxOTAxODkyZWQ2NTVhMzU0YTFhMjc0MDE1YmY3ZGY3ODIwZDY0NDE&v=1714019139225",
            "https://www.heinemann-shop.com/medias/527Wx527H-null?context=bWFzdGVyfGltYWdlc3wyNzAzNXxpbWFnZS9qcGVnfGFEYzNMMmhpTnk4eE1EVTVOakE0TXpNMk56azJOaTgxTWpkWGVEVXlOMGhmYm5Wc2JBfDVlODQzNTZhZWNhZTEzNTJjNzA2ZWE3MTFmOTgwMDRlNWJhOWVlMWZiMWZhZTFlZmE5YWZkM2JhMzQxNjg2ZjY&v=1714019226096"
        ]
    },
    {
        "product_url": "https://www.heinemann-shop.com/en/global/matchbox/matchbox-cars-with-moveable-parts-assortment/p/000000000001515137/",
        "brand_name": "Matchbox",
        "brand_url": "https://www.heinemann-shop.com/en/global/matchbox/c/BRAND_1061/",
        "product_name": "Matchbox, Cars with moveable parts assortment",
        "quantity": "",
        "price": "",
        "price_per_quantity": "",
        "stock_availability": "",
        "description": "The collection of Matchbox\u2122 1:64 scale cars and trucks have a moving parts feature, like doors, a hood or trunk that open. Featuring reproductions of popular car brands, these die-cast vehicles have exceptional true-to-life decoration and rolling wheels. These cars are great for display or perfect for adventurous play anytime, anywhere! Car lovers ages 3 years and older can collect them all! Each sold separately, subject to availability. Colors and decorations may vary. Not for use with some Matchbox\u2122 sets.",
        "primary_image": "https://www.heinemann-shop.com/medias/527Wx527H-null?context=bWFzdGVyfGltYWdlc3w4MDA1NXxpbWFnZS9qcGVnfGFEWm1MMmczWkM4eE1ETTNNRGcxTmpjME56QXpPQzgxTWpkWGVEVXlOMGhmYm5Wc2JBfGE1OGY1MjRjNmNjZGU5NWVjODQ3ZTQ3MjJkZWZhOWExOTM4ZmJjYTJkZDBkYWVlY2IyMjZmZDdmNGQ5MWQzYTA&v=1709019162747",
        "images": []
    },
    {
        "product_url": "https://www.heinemann-shop.com/en/global/herpa/herpa-airbus-pullback-airbus-a380/p/000000000001422410/",
        "brand_name": "Herpa",
        "brand_url": "https://www.heinemann-shop.com/en/global/herpa/c/BRAND_9978/",
        "product_name": "Herpa, Airbus, pullback airbus a380",
        "quantity": "\n        ",
        "price": "\u20ac15.90",
        "price_per_quantity": "",
        "stock_availability": "Low stock",
        "description": "Pull it back and watch it go!",
        "primary_image": "https://www.heinemann-shop.com/medias/527Wx527H-null?context=bWFzdGVyfGltYWdlc3w0MTE3NHxpbWFnZS9qcGVnfGFEazBMMmhtTVM4eE1EWXpORGMyTXpVd01UVTVPQzgxTWpkWGVEVXlOMGhmYm5Wc2JBfGUxMmM3YjNjNWIyMjNmM2EwMzA3MjA3NTcwZGRjZDU3MjkyZWNhOGYwMzljOTMxZWM1NDY5OTgzZGZiMzFiYjk&v=1715030266295",
        "images": [
            "https://www.heinemann-shop.com/medias/527Wx527H-null?context=bWFzdGVyfGltYWdlc3w0MTE3NHxpbWFnZS9qcGVnfGFEazBMMmhtTVM4eE1EWXpORGMyTXpVd01UVTVPQzgxTWpkWGVEVXlOMGhmYm5Wc2JBfGUxMmM3YjNjNWIyMjNmM2EwMzA3MjA3NTcwZGRjZDU3MjkyZWNhOGYwMzljOTMxZWM1NDY5OTgzZGZiMzFiYjk&v=1715030266295",
            "https://www.heinemann-shop.com/medias/527Wx527H-null?context=bWFzdGVyfGltYWdlc3w4ODE4OHxpbWFnZS9qcGVnfGFEZzNMMmd3TXk4eE1EQXdNRGMzTWpZMk1USTNPQzgxTWpkWGVEVXlOMGhmYm5Wc2JBfGM5ZDIzNTE1ZjI2YjRlODIzYjg1YWM0YWFmYTQ0MjcwNjgxYzA0ZDE3MDI0MGQ3MjU4ZGIxMjI5NzFlZTBiYjk&v=1699915188092",
            "https://www.heinemann-shop.com/medias/527Wx527H-null?context=bWFzdGVyfGltYWdlc3wzNDYxN3xpbWFnZS9qcGVnfGFEUm1MMmhrT1M4eE1EWXpORGMyT0RjME5EUTNPQzgxTWpkWGVEVXlOMGhmYm5Wc2JBfDQwNWU4YzIyMGI0OWNiYjU5NDZjYWFiOGM2NTk1MmIwYTUxMTdhZmY3NGM4NDk2ZGNlOWNmNTFkM2YzNjEwNDg&v=1715030504267",
            "https://www.heinemann-shop.com/medias/527Wx527H-null?context=bWFzdGVyfGltYWdlc3w4ODE4OHxpbWFnZS9qcGVnfGFESTRMMmhrTWk4eE1EWXpORGMyT0RrM016ZzFOQzgxTWpkWGVEVXlOMGhmYm5Wc2JBfDQyNjA0Y2UyZDk3NWM3OTc5MWQyN2FlZTBiOWIxNGQyYmE2MjMzOTkyOGU2OGRhNTMxOGRlY2E2NmVkMmE0MTg&v=1715030512811",
            "https://www.heinemann-shop.com/medias/527Wx527H-null?context=bWFzdGVyfGltYWdlc3wzOTMxOXxpbWFnZS9qcGVnfGFEQTFMMmc0TVM4eE1EWXpORGMyT1RJd016SXpNQzgxTWpkWGVEVXlOMGhmYm5Wc2JBfDAyYmEyOTQ4YzZmMjUzMmFmZTM1MzAzODZjYzQyNmE4ODJkMDc2OWE0NThmY2NhMjUwMmZjNWIwMGM2MzcxNjQ&v=1715030520767",
            "https://www.heinemann-shop.com/medias/527Wx527H-null?context=bWFzdGVyfGltYWdlc3w0NDMwOHxpbWFnZS9qcGVnfGFHUmtMMmczT1M4eE1EWXpORGMyT1RRek1qWXdOaTgxTWpkWGVEVXlOMGhmYm5Wc2JBfGNkMzllMjgyZDNmMjc3ZjdlYTAzMmZmOWI2NWRiMmY2ZDNmZDFhMDQ4OWI2ZGY1OWVlNDYxNTE1MzkzZTYwOTI&v=1715030528743",
            "https://www.heinemann-shop.com/medias/527Wx527H-null?context=bWFzdGVyfGltYWdlc3wzNTY1NHxpbWFnZS9qcGVnfGFHSTRMMmcyWmk4eE1EWXpORGMyT1RjeU56VXhPQzgxTWpkWGVEVXlOMGhmYm5Wc2JBfGQ0YjBiNmRlYjgxMWE0NTY1Yzc0YTRmN2VkMmIyZjNlMmE2ODJmZmI5YTU1YjEwYTIzOWE2YjNmM2NkOTg5YmU&v=1715030536564",
            "https://www.heinemann-shop.com/medias/527Wx527H-null?context=bWFzdGVyfGltYWdlc3w0MTQ2NHxpbWFnZS9qcGVnfGFEa3hMMmcyT0M4eE1EWXpORGMyT1RrMU5qZzVOQzgxTWpkWGVEVXlOMGhmYm5Wc2JBfGIwNTg3YTcyOTg5ZDEyODEzZWI1MTc4ODNhYzcwYTY4NTdjODJiMzMxNDBmZGY3MDYwOGFkMDgyMzRiY2Q4NjI&v=1715030544373",
            "https://www.heinemann-shop.com/medias/527Wx527H-null?context=bWFzdGVyfGltYWdlc3w4MjU1MXxpbWFnZS9qcGVnfGFERTJMMmc1WVM4eE1EWXpORGMzTURNeE56TTBNaTgxTWpkWGVEVXlOMGhmYm5Wc2JBfDNhYmNiZjBjYTMyZjg1NGY3YTU4ZTU5NGZiZmQxZDA5ZTEyZWE3ODFjODhmYjFmZjZkODQ2MzUyMzdjMTk2MDE&v=1715030552186"
        ]
    },
    {
        "product_url": "https://www.heinemann-shop.com/en/global/herpa/herpa-lufthansa-pullback-lufthansa/p/000000000001600367/",
        "brand_name": "Herpa",
        "brand_url": "https://www.heinemann-shop.com/en/global/herpa/c/BRAND_9978/",
        "product_name": "Herpa, Lufthansa, pullback lufthansa",
        "quantity": "\n        ",
        "price": "\u20ac15.90",
        "price_per_quantity": "",
        "stock_availability": "Low stock",
        "description": "Pull it back and watch it go!",
        "primary_image": "https://www.heinemann-shop.com/medias/527Wx527H-null?context=bWFzdGVyfGltYWdlc3wzNzM5NHxpbWFnZS9qcGVnfGFEUXpMMmd4TVM4NU9ERTFOVGczT0Rnd09Ua3dMelV5TjFkNE5USTNTRjl1ZFd4c3xjZGU4Mjg0YzYzNGFjNThlNjhlZTBmZWNhMWU0ODlhZTIzZmQ4NGMyYTU1YjEwMjc4MTFhZTJlMTY3ZWIyYjkw&v=1694065247343",
        "images": [
            "https://www.heinemann-shop.com/medias/527Wx527H-null?context=bWFzdGVyfGltYWdlc3wzNzM5NHxpbWFnZS9qcGVnfGFEUXpMMmd4TVM4NU9ERTFOVGczT0Rnd09Ua3dMelV5TjFkNE5USTNTRjl1ZFd4c3xjZGU4Mjg0YzYzNGFjNThlNjhlZTBmZWNhMWU0ODlhZTIzZmQ4NGMyYTU1YjEwMjc4MTFhZTJlMTY3ZWIyYjkw&v=1694065247343",
            "https://www.heinemann-shop.com/medias/527Wx527H-null?context=bWFzdGVyfGltYWdlc3wzMzEwOHxpbWFnZS9qcGVnfGFERTJMMmhqWkM4NU9ERTFOVGc1TVRreE56RXdMelV5TjFkNE5USTNTRjl1ZFd4c3xkOTcyOThjNTlmZGY5ZDU5NWY1YjRiZTRjOTZkODk3NmZkOGRmYWRjZmIwZTZlMzI4YjMxZmZkOWFmYzQ1YTRk&v=1694065293232"
        ]
    },
    {
        "product_url": "https://www.heinemann-shop.com/en/global/maisto/maisto-lambo-huracan/p/000000000001082565/",
        "brand_name": "Maisto",
        "brand_url": "https://www.heinemann-shop.com/en/global/maisto/c/BRAND_3538/",
        "product_name": "Maisto, Lambo.Huracan",
        "quantity": "\n        ",
        "price": "\u20ac27.90",
        "price_per_quantity": "",
        "stock_availability": "Low stock",
        "description": "Highly detailed replica of the original model, scale 1:24. Opening doors and trunk.",
        "primary_image": "https://www.heinemann-shop.com/medias/1082565-527Wx527H?context=bWFzdGVyfGltYWdlc3wzMjc3NXxpbWFnZS9qcGVnfGFEY3lMMmhrTmk4NU56QXdORFk0TVRJNU9ESXlMekV3T0RJMU5qVmZOVEkzVjNnMU1qZEl8YmZhODIzOTFjYjMxMzgxNDNiOWFkNmY0ZTM2NDJkOWRjZTlmZmM3MDczZWUzM2ZlZTYyNzU1MjgxZTMyYTUyNg&v=1660594384797",
        "images": []
    },
    {
        "product_url": "https://www.heinemann-shop.com/en/global/hot-wheels/hot-wheels-fast-furious-assortment/p/000000000001562620/",
        "brand_name": "Hot Wheels",
        "brand_url": "https://www.heinemann-shop.com/en/global/hot-wheels/c/BRAND_5969/",
        "product_name": "Hot Wheels, fast & furious assortment",
        "quantity": "",
        "price": "",
        "price_per_quantity": "",
        "stock_availability": "",
        "description": "The Hot Wheels\u00ae Fast & Furious\u2122 themed cars deliver a variety of sweet replicas inspired by and seen in the high-speed film franchise. Relive favorite racing moments or put the cars on display. Each 1:64 scale vehicle features elite deco execution to appeal to fans and Hot Wheels\u00ae collectors alike they'll want to collect them all. Each sold separately, subject to availability. Colors and decorations may vary.",
        "primary_image": "https://www.heinemann-shop.com/medias/527Wx527H-null?context=bWFzdGVyfGltYWdlc3w4ODI3MnxpbWFnZS9qcGVnfGFEWTVMMmhtWVM4eE1EVTNPVEkwTVRjek1EQTNPQzgxTWpkWGVEVXlOMGhmYm5Wc2JBfDVhMjFjZTQ4OGE3YWVkMjc0MjM5ZTIyNDZhZDg0ZjFkYzQwOGYxN2EwYzYzMGIxZmU5YjRhYjNlNzQ3YTIyNTY&v=1713560067908",
        "images": [
            "https://www.heinemann-shop.com/medias/527Wx527H-null?context=bWFzdGVyfGltYWdlc3w4ODI3MnxpbWFnZS9qcGVnfGFEWTVMMmhtWVM4eE1EVTNPVEkwTVRjek1EQTNPQzgxTWpkWGVEVXlOMGhmYm5Wc2JBfDVhMjFjZTQ4OGE3YWVkMjc0MjM5ZTIyNDZhZDg0ZjFkYzQwOGYxN2EwYzYzMGIxZmU5YjRhYjNlNzQ3YTIyNTY&v=1713560067908",
            "https://www.heinemann-shop.com/medias/527Wx527H-null?context=bWFzdGVyfGltYWdlc3w4NjE0N3xpbWFnZS9qcGVnfGFHVXhMMmhtTnk4eE1EVTNPVEkwTmpZME5USTNPQzgxTWpkWGVEVXlOMGhmYm5Wc2JBfGVhNmNlYzAxZGYwNjlmZWNkYzI0NmRjYTc5YzQwY2E3NTZiZWU5ZTQxOTA1MjQyYmNmNWU4M2QzYThhYzAzNjY&v=1713560300957",
            "https://www.heinemann-shop.com/medias/527Wx527H-null?context=bWFzdGVyfGltYWdlc3w4NDI2N3xpbWFnZS9qcGVnfGFERXpMMmhsWlM4eE1EVTNPVEkwTmprd056UXlNaTgxTWpkWGVEVXlOMGhmYm5Wc2JBfDM0NjNmZjM3MmY5MTBkNTJiYWU2NzRhODg1YTMyZDE5MWEwNzZkZWJhYmI4ZWQ5N2ZmNmI3YzM4MGRkMTI3OTA&v=1713560309192",
            "https://www.heinemann-shop.com/medias/527Wx527H-null?context=bWFzdGVyfGltYWdlc3w4NDExOHxpbWFnZS9qcGVnfGFHVTVMMmc1WlM4eE1EVTNPVEkwTnpFMk9UVTJOaTgxTWpkWGVEVXlOMGhmYm5Wc2JBfDZmNDQ1NDUyYTU1NzMyNTQwYjk5YWU0ZGMwNjA5ODI0OTQ2NDEyMWU4NTdkOTdiMzAyNWIxZjE3ZWZlZmMyNDY&v=1713560317261",
            "https://www.heinemann-shop.com/medias/527Wx527H-null?context=bWFzdGVyfGltYWdlc3w4MzEzM3xpbWFnZS9qcGVnfGFEQTRMMmc1TlM4eE1EVTNPVEkwTnpRek1UY3hNQzgxTWpkWGVEVXlOMGhmYm5Wc2JBfDU4NjcyY2NlNjFhOGQ2N2YyYjM5ZWZiOTdkNGRmMWRiMzk5ZmRhM2Q5OGVkODU3NzJiOTBmNTJiMTRjZDAxMDU&v=1713560325436"
        ]
    },
    {
        "product_url": "https://www.heinemann-shop.com/en/global/herpa/herpa-boeing-pullback-boeing-747-8/p/000000000001422411/",
        "brand_name": "Herpa",
        "brand_url": "https://www.heinemann-shop.com/en/global/herpa/c/BRAND_9978/",
        "product_name": "Herpa, Boeing, pullback boeing 747-8",
        "quantity": "\n        ",
        "price": "\u20ac15.90",
        "price_per_quantity": "",
        "stock_availability": "Low stock",
        "description": "Pull it back and watch it go!",
        "primary_image": "https://www.heinemann-shop.com/medias/527Wx527H-null?context=bWFzdGVyfGltYWdlc3w0NDE4OXxpbWFnZS9qcGVnfGFEUXlMMmcyTXk4eE1EVTNNakk0TURJNU9UVTFNQzgxTWpkWGVEVXlOMGhmYm5Wc2JBfDc3MTgyZjZhZjJhYTA5YzNlMmI0MWFiN2ZmNDQ1ZTc1ZjMyYjg2ODg5NTY3ZWYxNGNlNDUzMWE2NmIyZDI1OGQ&v=1713386160651",
        "images": [
            "https://www.heinemann-shop.com/medias/527Wx527H-null?context=bWFzdGVyfGltYWdlc3w0NDE4OXxpbWFnZS9qcGVnfGFEUXlMMmcyTXk4eE1EVTNNakk0TURJNU9UVTFNQzgxTWpkWGVEVXlOMGhmYm5Wc2JBfDc3MTgyZjZhZjJhYTA5YzNlMmI0MWFiN2ZmNDQ1ZTc1ZjMyYjg2ODg5NTY3ZWYxNGNlNDUzMWE2NmIyZDI1OGQ&v=1713386160651",
            "https://www.heinemann-shop.com/medias/527Wx527H-null?context=bWFzdGVyfGltYWdlc3w1MTQ1NHxpbWFnZS9qcGVnfGFHWTNMMmhpT1M4eE1EVTNNalF4TkRZeE5UVTRNaTgxTWpkWGVEVXlOMGhmYm5Wc2JBfDk5ZWUwZTAxN2NhODU1NDg4ZmI2MjAzN2YwNTNhMDYzZTA0ZDA5YTNlNjMyMzQwMzQxNzFjNGE1MjdmNGJlODY&v=1713386292608",
            "https://www.heinemann-shop.com/medias/527Wx527H-null?context=bWFzdGVyfGltYWdlc3w4NTU2NnxpbWFnZS9qcGVnfGFEYzFMMmhqTVM4eE1EVTNNalF4TkRnM056Y3lOaTgxTWpkWGVEVXlOMGhmYm5Wc2JBfDBjMmJhNzhkMjBkNTgzM2U0M2YyOTI4MzcyMWM1YTVhOWNiNWQyNjNkZWUyOWUyZDhhNzAyZmU4ODgzMGQ2Y2U&v=1713386300011"
        ]
    },
    {
        "product_url": "https://www.heinemann-shop.com/en/global/pringles/original-40g/p/000000000000547583/",
        "brand_name": "Pringles",
        "brand_url": "https://www.heinemann-shop.com/en/global/pringles/c/BRAND_3809/",
        "product_name": "Original 40g",
        "quantity": "0.04\u00a0kg",
        "price": "\u20ac1.79",
        "price_per_quantity": "(\u20ac44.75 / 1 kg)",
        "stock_availability": "In stock",
        "description": "A classic flavour for a classic crisp, Pringles Original crisps, with their iconic appearance and instantly recognisable shape. These delectable crisps are perfect for any party, get together, or afternoon snack. Enjoy the unique texture and the light, crisp, salty taste. Enjoy a mind popping experience with Pringles Original crisps.",
        "primary_image": "https://www.heinemann-shop.com/medias/527Wx527H-null?context=bWFzdGVyfGltYWdlc3w3MDI4MnxpbWFnZS9qcGVnfGFEZGhMMmhtWXk4eE1UYzRNalkwTlRJMU1qRXlOaTgxTWpkWGVEVXlOMGhmYm5Wc2JBfDcxN2RlMjgwOGE1ODQwYWEwMmMyNDRiOTc4NzYxNDlmYTc3MGIzZjA0ODkzNGY0ZmJmZDY4NmRmNDkyNWI4YTU&v=1739831725041",
        "images": []
    },
    {
        "product_url": "https://www.heinemann-shop.com/en/global/al-rifai/al-rifai-roasted-cashews-with-black-pepper-and-salt/p/000000000001443850/",
        "brand_name": "Al Rifai",
        "brand_url": "https://www.heinemann-shop.com/en/global/al-rifai/c/BRAND_3164/",
        "product_name": "Al Rifai roasted cashews with black pepper and salt",
        "quantity": "0.15\u00a0kg",
        "price": "\u20ac10.90",
        "price_per_quantity": "(\u20ac72.67 / 1 kg)",
        "stock_availability": "In stock, immediately available",
        "description": "Premium dry roasted cashews without any fats or oil added in the process, and seasoned with a generous black pepper flavor",
        "primary_image": "https://www.heinemann-shop.com/medias/527Wx527H-null?context=bWFzdGVyfGltYWdlc3w2Mjc1MXxpbWFnZS9qcGVnfGFHRTJMMmcxTlM4eE1UTTVOVFk0TWpRd01qTXpOQzgxTWpkWGVEVXlOMGhmYm5Wc2JBfDg1ZDE1ODNlNWNiNmE0OTQyNGM4Mzk4NDJiOTNjYTUyMTRiMzdkMzY0ZTlhNDQ1ZDlmYTQ3YjVlMWZjNjg0ODE&v=1731360999797",
        "images": []
    },
    {
        "product_url": "https://www.heinemann-shop.com/en/global/al-rifai/al-rifai-roasted-cashews-with-thyme/p/000000000001443851/",
        "brand_name": "Al Rifai",
        "brand_url": "https://www.heinemann-shop.com/en/global/al-rifai/c/BRAND_3164/",
        "product_name": "Al Rifai roasted cashews with thyme",
        "quantity": "0.15\u00a0kg",
        "price": "\u20ac10.90",
        "price_per_quantity": "(\u20ac72.67 / 1 kg)",
        "stock_availability": "In stock, immediately available",
        "description": "Premium handpicked cashews dry roasted to a golden color and flavored with traditional Mediterranean thyme herbs",
        "primary_image": "https://www.heinemann-shop.com/medias/527Wx527H-null?context=bWFzdGVyfGltYWdlc3w2MDA1MXxpbWFnZS9qcGVnfGFEa3lMMmhoTUM4eE1UTTVOVFk0TmpneU5qQXhOQzgxTWpkWGVEVXlOMGhmYm5Wc2JBfDhmYzk2MzNhODc3ZTgyMjc4Yzk0MDQxMzQ1MWMxMGZiNzIzZDE1ODU3MWJjMDQ4NmE2OTNjZjAzYzYwNmI3YTM&v=1731361393733",
        "images": []
    },
    {
        "product_url": "https://www.heinemann.com.au/en/sydt1/antinori/antinori-tignanello-toscana-igp-dry-red-0-75l/p/000000000000049095/",
        "brand_name": "Antinori",
        "brand_url": "https://www.heinemann.com.au/en/sydt1/antinori/c/BRAND_4548/",
        "product_name": "Antinori, Tignanello, Toscana, IGP, dry, red, 0.75L",
        "quantity": "0.75\u00a0l",
        "price": "$99.00",
        "price_per_quantity": "($132.00 / 1 l)",
        "stock_availability": "",
        "description": "Tignanello is produced exclusively from the vineyard of the same name, a plot of some 140 acres with limestone-rich soils and a south-westerly exposure at 350\u2013400 metres above sea level on the Tignanello estate. It was the first Sangiovese wine to be aged in small oak barrels, the first modern red wine to use such non-traditional varieties as Cabernet in the blend, and among the first red wines from the Chianti Classico area to be produced without white grapes.",
        "primary_image": "https://www.heinemann.com.au/medias/527Wx527H-null?context=bWFzdGVyfGltYWdlc3wzODgzMXxpbWFnZS9qcGVnfGFHWTBMMmc1TkM4NU56WTFNREUxTURrek1qYzRMelV5TjFkNE5USTNTRjl1ZFd4c3w0MjMwYjJiY2QxYTRiNzliMGU5NmFkMzZiY2JhMzhkNjVhZGZhZDJjNmY4YWM0ODEyNTcyMDM4MTBmNWZhMDUw&v=1684268771117",
        "images": []
    },
    {
        "product_url": "https://www.heinemann.com.au/en/sydt1/st-hugo/st-hugo-private-collection-cabernet-sauvignon-2012-0-75l/p/000000000001384249/",
        "brand_name": "St Hugo",
        "brand_url": "https://www.heinemann.com.au/en/sydt1/st-hugo/c/BRAND_6518/",
        "product_name": "St Hugo Private Collection Cabernet Sauvignon 2012 0.75L",
        "quantity": "0.75\u00a0l",
        "price": "$79.00",
        "price_per_quantity": "($105.33 / 1 l)",
        "stock_availability": "",
        "description": "St Hugo Private Collection is a collection of single vineyard wine, each vintage handpicked by the chief wine maker. The Coonawarra Cabernet Sauvignon is sourced from vineyards in the north of the Coonawarra renowned for producing a denser, richer style of wine with plush tannins. This vintage is widely described as \"excellent\", with near perfect weather conditions producing fruit of outstanding quality.",
        "primary_image": "https://www.heinemann.com.au/medias/1384249-527Wx527H?context=bWFzdGVyfGltYWdlc3wzNjY2MHxpbWFnZS9qcGVnfGFXMWhaMlZ6TDJnd1ppOW9ORGd2T1RNek9UVXlNakExTmpJeU1pNXFjR2N8MDgwZDlkMTBkMmNhYmNlY2IzMDRkYmJjZGQyZWY1OTYzZjI2NWU1NTg4M2Q2MDRhOTM5OTFhYWY0MmRlOWUyNQ&v=1576774092119",
        "images": [
            "https://www.heinemann.com.au/medias/1384249-527Wx527H?context=bWFzdGVyfGltYWdlc3wzNjY2MHxpbWFnZS9qcGVnfGFXMWhaMlZ6TDJnd1ppOW9ORGd2T1RNek9UVXlNakExTmpJeU1pNXFjR2N8MDgwZDlkMTBkMmNhYmNlY2IzMDRkYmJjZGQyZWY1OTYzZjI2NWU1NTg4M2Q2MDRhOTM5OTFhYWY0MmRlOWUyNQ&v=1576774092119",
            "https://www.heinemann.com.au/medias/1384249-2-527Wx527H?context=bWFzdGVyfGltYWdlc3wzMzI2MHxpbWFnZS9qcGVnfGFEZ3hMMmc0TUM4NU5qTXdPRFkzTWpVNU5ESXlMekV6T0RReU5EbGZNbDgxTWpkWGVEVXlOMGd8ZjVjMzU2ZmExZTA1YWM3ODUzNWM1YTMyMjM3ZmY5NTI1OTAzNDdiODI1ZmM1YmI5NDllMGM0NGYwOWUzNmJmMg&v=1635889412507"
        ]
    },
    {
        "product_url": "https://www.heinemann.com.au/en/sydt1/famille-perrin/famille-perrin-les-sinards-chateauneuf-du-pape-aoc-dry-red-0-75l/p/000000000000540019/",
        "brand_name": "Famille Perrin",
        "brand_url": "https://www.heinemann.com.au/en/sydt1/famille-perrin/c/BRAND_5695/",
        "product_name": "Famille Perrin, Les Sinards, Ch\u00e2teauneuf-du-Pape, AOC, dry, red, 0.75L",
        "quantity": "0.75\u00a0l",
        "price": "$59.00",
        "price_per_quantity": "($78.67 / 1 l)",
        "stock_availability": "",
        "description": "The other Chateauneuf of the family! For the most part, Les Sinards is made from the young vines at Beaucastel and a neighbouring vineyard we farm. Mostly Grenache, this is a classic Ch\u00e2teauneuf du Pape.",
        "primary_image": "https://www.heinemann.com.au/medias/527Wx527H-null?context=bWFzdGVyfGltYWdlc3wyODIyM3xpbWFnZS9qcGVnfGFHSTJMMmcwTXk4eE1EY3hORFEwT0RNNU5qTXhPQzgxTWpkWGVEVXlOMGhmYm5Wc2JBfDQ4MDZlNzA4OTE5OWY4YjY3ZTNhZjQ3MGVlNDY5OWIxY2M2YTY4ZDZhMWFiZjgyMTQwNDQ5ZGQ2MGM1MjhlMWI&v=1717103717968",
        "images": [
            "https://www.heinemann.com.au/medias/527Wx527H-null?context=bWFzdGVyfGltYWdlc3wyODIyM3xpbWFnZS9qcGVnfGFHSTJMMmcwTXk4eE1EY3hORFEwT0RNNU5qTXhPQzgxTWpkWGVEVXlOMGhmYm5Wc2JBfDQ4MDZlNzA4OTE5OWY4YjY3ZTNhZjQ3MGVlNDY5OWIxY2M2YTY4ZDZhMWFiZjgyMTQwNDQ5ZGQ2MGM1MjhlMWI&v=1717103717968",
            "https://www.heinemann.com.au/medias/527Wx527H-null?context=bWFzdGVyfGltYWdlc3wzNDQ1NHxpbWFnZS9qcGVnfGFHRTJMMmc0TVM4eE1EY3hORFExTXpVM016WTJNaTgxTWpkWGVEVXlOMGhmYm5Wc2JBfGFjZDRmNmNmMTBhMDI2Yzg2ODk4NDlkYjZhMDU0YWMwZTAyYmNmNjVmODg1ZWQ2MDIwNjhkMTQxOWNjN2M1MDI&v=1717103914957"
        ]
    },
    {
        "product_url": "https://www.heinemann.com.au/en/sydt1/frescobaldi/frescobaldi-nipozzano-chianti-rufina-docg-dry-red-0-75l/p/000000000000059773/",
        "brand_name": "Frescobaldi",
        "brand_url": "https://www.heinemann.com.au/en/sydt1/frescobaldi/c/BRAND_4566/",
        "product_name": "Frescobaldi, Nipozzano, Chianti R\u00f9fina, DOCG, dry, red 0.75L",
        "quantity": "0.75\u00a0l",
        "price": "$34.90",
        "price_per_quantity": "($46.53 / 1 l)",
        "stock_availability": "",
        "description": "\u2018It comes from Tuscany, specifically from the DOCG Chianti Rufina to the east of Florence. Wine has been produced on the slopes of the Arno Valley around Castello Nipozzano, which was built in the 10th century, since the Middle Ages.",
        "primary_image": "https://www.heinemann.com.au/medias/527Wx527H-null?context=bWFzdGVyfGltYWdlc3wzMTc1MHxpbWFnZS9qcGVnfGFEWm1MMmhsTmk4eE1UYzROVGd3T0Rnd05Ua3hPQzgxTWpkWGVEVXlOMGhmYm5Wc2JBfGM0Mjk5MjAzN2M2ZGI5MDU1ZTRiYThjZWY1YWM1MTBmNmU5MDJhY2YwZDM2NDFiYWE5M2Y1MTBmMThhODFjM2Q&v=1739913369573",
        "images": [
            "https://www.heinemann.com.au/medias/527Wx527H-null?context=bWFzdGVyfGltYWdlc3wzMTc1MHxpbWFnZS9qcGVnfGFEWm1MMmhsTmk4eE1UYzROVGd3T0Rnd05Ua3hPQzgxTWpkWGVEVXlOMGhmYm5Wc2JBfGM0Mjk5MjAzN2M2ZGI5MDU1ZTRiYThjZWY1YWM1MTBmNmU5MDJhY2YwZDM2NDFiYWE5M2Y1MTBmMThhODFjM2Q&v=1739913369573",
            "https://www.heinemann.com.au/medias/59773-2-527Wx527H?context=bWFzdGVyfGltYWdlc3w1MjAzOHxpbWFnZS9qcGVnfGFXMWhaMlZ6TDJoallTOW9Zall2T1RNek1Ua3dNakExTkRRek1DNXFjR2N8YTY4YzYyYjdhYWI2OTUyZmJiOWMwMDY5OTY2YTBiYTc2NjdiZjJmOGEyYTBjMjc3MzY0M2Q3ZTlhMTA5NzM5ZQ&v=1576156144178"
        ]
    },
    {
        "product_url": "https://www.heinemann.com.au/en/sydt1/ruffino/ruffino-riserva-ducale-chianti-classico-riserva-docg-dry-red-0-75l/p/000000000000787342/",
        "brand_name": "Ruffino",
        "brand_url": "https://www.heinemann.com.au/en/sydt1/ruffino/c/BRAND_4577/",
        "product_name": "Ruffino, Riserva Ducale, Chianti Classico, Riserva, DOCG, dry, red, 0.75L",
        "quantity": "0.75\u00a0l",
        "price": "$40.00",
        "price_per_quantity": "($53.33 / 1 l)",
        "stock_availability": "",
        "description": "Since its first years of production, Riserva Ducale has become synonymous with fine Chianti, and it has played a leading role in the development of the privileged position which Tuscan quality wines hold throughout the world today. In many markets this Riserva has in fact transcended its category and become known simply as \"Riserva Ducale.\" The first Riserva Ducale was made in 1926.",
        "primary_image": "https://www.heinemann.com.au/medias/527Wx527H-null?context=bWFzdGVyfGltYWdlc3wzNDI1OHxpbWFnZS9qcGVnfGFEQmlMMmhqT1M4eE1EWTRORGs1TVRRek9EZzNPQzgxTWpkWGVEVXlOMGhmYm5Wc2JBfDA2ZWUxMTI1ZjlkYjkxYmVjOGE4YWNhMDBkZTEzOTcyMWQzNzk0YmZmNGMyOTRlNWVjNjI2NGZlYjYzOWE2ZmQ&v=1716377186502",
        "images": [
            "https://www.heinemann.com.au/medias/527Wx527H-null?context=bWFzdGVyfGltYWdlc3wzNDI1OHxpbWFnZS9qcGVnfGFEQmlMMmhqT1M4eE1EWTRORGs1TVRRek9EZzNPQzgxTWpkWGVEVXlOMGhmYm5Wc2JBfDA2ZWUxMTI1ZjlkYjkxYmVjOGE4YWNhMDBkZTEzOTcyMWQzNzk0YmZmNGMyOTRlNWVjNjI2NGZlYjYzOWE2ZmQ&v=1716377186502",
            "https://www.heinemann.com.au/medias/527Wx527H-null?context=bWFzdGVyfGltYWdlc3w0MTg5MHxpbWFnZS9qcGVnfGFHVTNMMmd5WVM4NU56VXhORE00TkRJMk1UUXlMelV5TjFkNE5USTNTRjl1ZFd4c3wzODdhMTY1ZGM2YWQ4YWRlYjdlYjk3MmI4ZTM3YmJiNjMzYzdkYzA2MTY4M2Q5MDg4MzkyY2U0NTA1MTBjOTY2&v=1680306043014"
        ]
    },
    {
        "product_url": "https://www.heinemann-shop.com/en/global/pittjes/pittjes-peanuts-salt-tin-500g/p/000000000000735510/",
        "brand_name": "Pittjes",
        "brand_url": "https://www.heinemann-shop.com/en/global/pittjes/c/BRAND_2949/",
        "product_name": "Pittjes Peanuts Salt Tin, 500g",
        "quantity": "0.5\u00a0kg",
        "price": "\u20ac8.30",
        "price_per_quantity": "(\u20ac16.60 / 1 kg)",
        "stock_availability": "In stock, immediately available",
        "description": "Crunchy peanuts, roasted golden brown and finely salted.",
        "primary_image": "https://www.heinemann-shop.com/medias/527Wx527H-null?context=bWFzdGVyfGltYWdlc3w3NTk1NHxpbWFnZS9qcGVnfGFEUTNMMmd3WXk4NU9EQXdOemsyTmpNMU1UWTJMelV5TjFkNE5USTNTRjl1ZFd4c3xjMTcyOWIwNTVkZmZjM2NiMjI1NjU0MWM1MzhjMzk5YjlhNjUyYzlmN2JmMDNkYTczNDY5NTZlNzBkNDZiNDBm&v=1691450728365",
        "images": []
    },
    {
        "product_url": "https://www.heinemann.com.au/en/sydt1/masi/masi-nectar-costasera-amarone-della-valpolicella-classico-docg-dry-red-0-75l/p/000000000001024950/",
        "brand_name": "Masi",
        "brand_url": "https://www.heinemann.com.au/en/sydt1/masi/c/BRAND_4572/",
        "product_name": "Masi, Nectar Costasera, Amarone della Valpolicella Classico, DOCG, dry, red, 0.75L",
        "quantity": "0.75\u00a0l",
        "price": "$90.00",
        "price_per_quantity": "($120.00 / 1 l)",
        "stock_availability": "",
        "description": "Nectar Costasera:  The hillside slopes (coste) facing the sunset (a sera) means that this area benefits greatly from the reflected sunlight and mild climate of Lake Garda. This is the perfect home for the Costasera vintage. Nectar is a special cuv\u00e9e, characterised by the skilful use of local viticulture techniques and a greater use of the Corvina grape.  Appaxximento Masi Expertise.",
        "primary_image": "https://www.heinemann.com.au/medias/527Wx527H-null?context=bWFzdGVyfGltYWdlc3w2OTA4OXxpbWFnZS9qcGVnfGFEbGhMMmhpTXk4eE1USTVOemd5TXpVMU5UWXhOQzgxTWpkWGVEVXlOMGhmYm5Wc2JBfDNhMjhmMDA2OWFjNTFhMzBhN2UzNWQ4ZDgxYjVmMGJlODI0ZDEyMTgwN2UzNzgxYjliNTU1Yzc2YTcxMzU5ZWU&v=1729543952145",
        "images": [
            "https://www.heinemann.com.au/medias/527Wx527H-null?context=bWFzdGVyfGltYWdlc3w2OTA4OXxpbWFnZS9qcGVnfGFEbGhMMmhpTXk4eE1USTVOemd5TXpVMU5UWXhOQzgxTWpkWGVEVXlOMGhmYm5Wc2JBfDNhMjhmMDA2OWFjNTFhMzBhN2UzNWQ4ZDgxYjVmMGJlODI0ZDEyMTgwN2UzNzgxYjliNTU1Yzc2YTcxMzU5ZWU&v=1729543952145",
            "https://www.heinemann.com.au/medias/527Wx527H-null?context=bWFzdGVyfGltYWdlc3wzODkyMnxpbWFnZS9qcGVnfGFEbGlMMmd4T1M4NU56VXhORFF4TlRNNU1UQXlMelV5TjFkNE5USTNTRjl1ZFd4c3xmMzdiZWYwMjcxN2ViNmU4YzdmNWZlNmQ4YzljM2Q4N2QxMDRiZjc0ZWI5MTc4MWZiODNkNjRjYThiMTYzYzQy&v=1680306650815"
        ]
    },
    {
        "product_url": "https://www.heinemann.com.au/en/sydt1/st-hugo/st-hugo-dr3-shiraz-20-0-75l/p/000000000001515151/",
        "brand_name": "St Hugo",
        "brand_url": "https://www.heinemann.com.au/en/sydt1/st-hugo/c/BRAND_6518/",
        "product_name": "St Hugo DR3 Shiraz 20 0.75L",
        "quantity": "0.75\u00a0l",
        "price": "$70.00",
        "price_per_quantity": "($93.33 / 1 l)",
        "stock_availability": "",
        "description": "Introducing the second release of DR3 x St Hugo, a fine wine series in collaboration with Australian Formula 1\u00ae driver Daniel Ricciardo. Featuring a 2018 Coonawarra Cabernet Sauvignon and 2020 Barossa Shiraz, each bottle is individually numbered as part of this year's limited edition release, presented in a beautiful gift box",
        "primary_image": "https://www.heinemann.com.au/medias/1515151-527Wx527H?context=bWFzdGVyfGltYWdlc3wyNTU2OHxpbWFnZS9qcGVnfGFHRXdMMmhoWkM4NU5qVTVOak0zTnpreU56azRMekUxTVRVeE5URmZOVEkzVjNnMU1qZEl8MWQ0YmY5ODY2YzczYzY4Y2FhM2ZhZDk0Nzg1Y2NlMTJmNGI4ZWUzZTA1ZmNmYzJmMGM5ZmJmZDQwNTYyY2VlZg&v=1645650332540",
        "images": []
    },
    {
        "product_url": "https://www.heinemann-shop.com/en/global/nic-nac-s/nic-nacs-original-800g/p/000000000001372268/",
        "brand_name": "Nic Nac's",
        "brand_url": "https://www.heinemann-shop.com/en/global/nic-nac-s/c/BRAND_5454/",
        "product_name": "Nic Nac\u2018s Original 800g",
        "quantity": "0.8\u00a0kg",
        "price": "\u20ac15.50",
        "price_per_quantity": "(\u20ac19.38 / 1 kg)",
        "stock_availability": "In stock, immediately available",
        "description": "800g of NicNac's in one package - not only the perfect format for events or parties, but also essential bulk for the catering world.",
        "primary_image": "https://www.heinemann-shop.com/medias/527Wx527H-null?context=bWFzdGVyfGltYWdlc3w3OTQ5NXxpbWFnZS9qcGVnfGFERXlMMmc0WXk4eE1UYzRNalkwTkRBM01qUTNPQzgxTWpkWGVEVXlOMGhmYm5Wc2JBfGNmMDcxYjE1ZjkyYjZmMGUzMjRjZjM2MDJiNjRiZGJiODc5NzlkYmQzY2Q1Y2M4NDk5ZjAxYWY5ZGFhOTM3N2M&v=1739831675439",
        "images": []
    },
    {
        "product_url": "https://www.heinemann-shop.com/en/global/al-rifai/al-rifai-mix-kernels-150g-mixed-nuts-like-cashew-nuts-almonds-pistachios-hazelnuts-and-macadamia-nuts/p/000000000001188375/",
        "brand_name": "Al Rifai",
        "brand_url": "https://www.heinemann-shop.com/en/global/al-rifai/c/BRAND_3164/",
        "product_name": "Al Rifai Mix Kernels 150g - Mixed nuts like cashew nuts, almonds, pistachios, hazelnuts and macadamia nuts",
        "quantity": "0.15\u00a0kg",
        "price": "\u20ac8.30",
        "price_per_quantity": "(\u20ac55.33 / 1 kg)",
        "stock_availability": "In stock, immediately available",
        "description": "100% kernels roasted to perfection and packed with care. Al Rifai Mixes are a great way to enjoy the myriad of savoury products we produce.",
        "primary_image": "https://www.heinemann-shop.com/medias/527Wx527H-null?context=bWFzdGVyfGltYWdlc3wzMzQyOHxpbWFnZS9qcGVnfGFEaGhMMmd3WkM4eE1UTTVOVFk0TXpJeU1UVXpOQzgxTWpkWGVEVXlOMGhmYm5Wc2JBfDk3MjllNmJhN2MzODc0NWIxOGIwMWFmZTBmMmM3NWRmNDAzODQ1ZjIxYzdmMmZhZTUzMDY5OWE1YWRjMDQxOGU&v=1731361044671",
        "images": []
    },
    {
        "product_url": "https://www.heinemann.com.au/en/sydt1/frescobaldi/frescobaldi-castelgiocondo-brunello-di-montalcino-docg-dry-red-0-75l/p/000000000000059793/",
        "brand_name": "Frescobaldi",
        "brand_url": "https://www.heinemann.com.au/en/sydt1/frescobaldi/c/BRAND_4566/",
        "product_name": "Frescobaldi, CastelGiocondo, Brunello di Montalcino, DOCG, dry, red 0.75L",
        "quantity": "0.75\u00a0l",
        "price": "$85.00",
        "price_per_quantity": "($113.33 / 1 l)",
        "stock_availability": "",
        "description": "\u2018It comes from Tuscany, specifically from the DOCG Brunello di Montalcino south of Siena. Here, the vines are particularly well protected on the slopes of Monte Amiata - it is not for nothing that Brunello is considered the largest and most important red wine in Tuscany.",
        "primary_image": "https://www.heinemann.com.au/medias/527Wx527H-null?context=bWFzdGVyfGltYWdlc3wzMzA3M3xpbWFnZS9qcGVnfGFEazVMMmcyTkM4eE1UYzROak0zTWpZME5EZzVOQzgxTWpkWGVEVXlOMGhmYm5Wc2JBfDczZmM4ZGI1OGNiMDc0NmYwZDEyNjNiOGUyNDFkMDI4NGZhYzFiNzBhMzJmOTg4N2M2OWFhZGNhZjkxZDk5ZDg&v=1739913697438",
        "images": [
            "https://www.heinemann.com.au/medias/527Wx527H-null?context=bWFzdGVyfGltYWdlc3wzMzA3M3xpbWFnZS9qcGVnfGFEazVMMmcyTkM4eE1UYzROak0zTWpZME5EZzVOQzgxTWpkWGVEVXlOMGhmYm5Wc2JBfDczZmM4ZGI1OGNiMDc0NmYwZDEyNjNiOGUyNDFkMDI4NGZhYzFiNzBhMzJmOTg4N2M2OWFhZGNhZjkxZDk5ZDg&v=1739913697438",
            "https://www.heinemann.com.au/medias/527Wx527H-null?context=bWFzdGVyfGltYWdlc3wzNjUzOHxpbWFnZS9qcGVnfGFEQXdMMmcxTXk4NU56WTFNREUzTmpneE9UVXdMelV5TjFkNE5USTNTRjl1ZFd4c3xmODFkZDJjMzFhOWQ5ODU0NmIyN2FjZDBlY2U0Yzk3MjA1ZTE5MDBkMTEyZmJhOGFjNzhjMmI1MzUzZTMwOGQx&v=1684268802219",
            "https://www.heinemann.com.au/medias/527Wx527H-null?context=bWFzdGVyfGltYWdlc3wzNTM3OXxpbWFnZS9qcGVnfGFEQm1MMmhqTkM4eE1UYzROak0zTkRjM05EZ3hOQzgxTWpkWGVEVXlOMGhmYm5Wc2JBfDRjMjBhOWVkM2FkNjhmNjA5Y2QwYzU2NWQ5OGY4MTdlMzJmNDk2MDI3ODZhMmU1MjljZjUzNTYyOTdmMDY5ZTY&v=1739913792058"
        ]
    },
    {
        "product_url": "https://www.heinemann-shop.com/en/global/al-rifai/al-rifai-svelte-mix-160g/p/000000000001375440/",
        "brand_name": "Al Rifai",
        "brand_url": "https://www.heinemann-shop.com/en/global/al-rifai/c/BRAND_3164/",
        "product_name": "Al Rifai Svelte Mix 160g",
        "quantity": "0.16\u00a0kg",
        "price": "\u20ac9.70",
        "price_per_quantity": "(\u20ac60.62 / 1 kg)",
        "stock_availability": "In stock, immediately available",
        "description": "A mix of raw nuts, dried fruits and dark chocolate created for people with a healthy lifestyle. The raw nuts and dried berries are selected for their positive quality to a balanced diet.",
        "primary_image": "https://www.heinemann-shop.com/medias/527Wx527H-null?context=bWFzdGVyfGltYWdlc3w1NDM2NnxpbWFnZS9qcGVnfGFHRm1MMmhsWlM4eE1UTTVOVFk0TlRZeE16VTVPQzgxTWpkWGVEVXlOMGhmYm5Wc2JBfGU1M2Y5MDY2NGM2NDFiYTY0NzUxMzM1NGFhNjNiOGJmOTY5ZTE5M2I3NWQ4MmM5MjQ4MDhjNWQwOGVjMGExZDE&v=1731361327444",
        "images": []
    },
    {
        "product_url": "https://www.heinemann.com.au/en/sydt1/concha-y-toro/concha-y-toro-marques-de-casa-concha-cabernet-sauvignon-puente-alto-do-dry-red-0-75l/p/000000000000524311/",
        "brand_name": "Concha y Toro",
        "brand_url": "https://www.heinemann.com.au/en/sydt1/concha-y-toro/c/BRAND_1918/",
        "product_name": "Concha y Toro, Marqu\u00e9s de Casa Concha, Cabernet Sauvignon, Puente Alto, DO, dry, red 0.75L",
        "quantity": "0.75\u00a0l",
        "price": "$24.90",
        "price_per_quantity": "($33.20 / 1 l)",
        "stock_availability": "",
        "description": "Consistency is definitely one of the main assets of the brand. Not only in one variety, not only in one vintage, but the whole range Marques de Casa Concha has consistently attracted numerous domestic and international awards year after year, always over the 90-point barrier. Marques de Casa Concha is an over-delivered brand.",
        "primary_image": "https://www.heinemann.com.au/medias/524311-527Wx527H?context=bWFzdGVyfGltYWdlc3wyOTExOXxpbWFnZS9qcGVnfGFEZ3hMMmhsWWk4NU56QTNORFE1T0RFd09UYzBMelV5TkRNeE1WODFNamRYZURVeU4wZ3xjZGZhYzBjMWQ1Y2ViMjRkNzUwODcyYzI4MjE0Nzg1NmVkYTI5MTI3MDRhNWJhNGI3MTM5Y2Y3MDJmMDFjZWYz&v=1662754662401",
        "images": []
    },
    {
        "product_url": "https://www.heinemann-shop.com/en/global/lindt/lindt-swiss-thins-dark-chocolate/p/000000000001596861/",
        "brand_name": "Lindt",
        "brand_url": "https://www.heinemann-shop.com/en/global/lindt/c/BRAND_1486/",
        "product_name": "Lindt Swiss Thins dark chocolate",
        "quantity": "0.18\u00a0kg",
        "price": "\u20ac15.90",
        "price_per_quantity": "(\u20ac88.33 / 1 kg)",
        "stock_availability": "In stock, immediately available",
        "description": "Experience pure chocolate pleasure with the Lindt Swiss Thins Dark, made from the best quality ingredients. With its delicate and thin shape, this delectable chocolate specialty melts quickly on the tongue to release its delicious cocoa taste. Indulge in this dark chocolate delight and discover the refinement of the delicious \"Swiss Thins Dark\".",
        "primary_image": "https://www.heinemann-shop.com/medias/527Wx527H-null?context=bWFzdGVyfGltYWdlc3wzMzU5N3xpbWFnZS9qcGVnfGFHWTVMMmhpTVM4eE1USTROakk0TVRReU1EZ3pNQzgxTWpkWGVEVXlOMGhmYm5Wc2JBfDYxMTRmYzhjYzAxODYzNmM1NzVkNWIxZTY1ZDBiMGFlOTFmYzNkOGM4ZjhkZDUxM2MxM2EzNzg2MzBmM2MzODQ&v=1729323426238",
        "images": []
    },
    {
        "product_url": "https://www.heinemann.com.au/en/sydt1/masi/masi-nectar-campofiorin-rosso-del-veronese-igp-dry-red-0-75l/p/000000000001024981/",
        "brand_name": "Masi",
        "brand_url": "https://www.heinemann.com.au/en/sydt1/masi/c/BRAND_4572/",
        "product_name": "Masi, Nectar Campofiorin, Rosso del Veronese, IGP, dry, red, 0.75L",
        "quantity": "0.75\u00a0l",
        "price": "$43.00",
        "price_per_quantity": "($57.33 / 1 l)",
        "stock_availability": "",
        "description": "Nectar Campofiorin is a special cuv\u00e9e of Campofiorin: a wine that encapsulates the personality of the traditional Veronese grape varieties (Corvina in particular) and the originality of the appassimento and double-fermentation techniques that are Masi\u2019s speciality.",
        "primary_image": "https://www.heinemann.com.au/medias/527Wx527H-null?context=bWFzdGVyfGltYWdlc3w2MDY3MXxpbWFnZS9qcGVnfGFHTmlMMmd6Wmk4eE1USTVOemd5TkRnek16VTJOaTgxTWpkWGVEVXlOMGhmYm5Wc2JBfGFiMDk0MzkzMTZkMWUxMmVmMDVmYjdmMmE5NDM1Y2JhZWEyMTk1ZmU5MjZmMGRkMjA3YTkwOGNmMGE1ZTBjMGQ&v=1729544107079",
        "images": []
    },
    {
        "product_url": "https://www.heinemann.com.au/en/sydt1/torbreck/torbreck-woodcutter-s-shiraz-barossa-valley-dry-red-screw-cap-0-75l/p/000000000001238702/",
        "brand_name": "Torbreck",
        "brand_url": "https://www.heinemann.com.au/en/sydt1/torbreck/c/BRAND_1867/",
        "product_name": "Torbreck, Woodcutter's Shiraz, Barossa Valley, dry, red (screw cap) 0.75L",
        "quantity": "0.75\u00a0l",
        "price": "$25.00",
        "price_per_quantity": "($33.33 / 1 l)",
        "stock_availability": "",
        "description": "The grapes come from 40-150 year old vines from the northwestern Barossa Valley.",
        "primary_image": "https://www.heinemann.com.au/medias/1238702-527Wx527H?context=bWFzdGVyfGltYWdlc3wzMTMyN3xpbWFnZS9qcGVnfGFHWmhMMmczWVM4NU56QTBOakF5TnpNd05USTJMekV5TXpnM01ESmZOVEkzVjNnMU1qZEl8ZGQ0NTk1MmZmZjBkOTNkODQwNjE2YWQ5NWRiOGFlYzM4OTA1YjUzYWY4YjM3YWY5ZTE3N2JiZDJlMjBlM2NhOA&v=1661980996802",
        "images": []
    },
    {
        "product_url": "https://www.heinemann-shop.com/en/global/food2smile/food2smile-salt-flavoured-soya-and-potato-chips/p/000000000001671803/",
        "brand_name": "food2smile",
        "brand_url": "https://www.heinemann-shop.com/en/global/food2smile/c/BRAND_9655/",
        "product_name": "Food2Smile Salt flavoured soya and potato chips",
        "quantity": "0.09\u00a0kg",
        "price": "\u20ac4.50",
        "price_per_quantity": "(\u20ac50.00 / 1 kg)",
        "stock_availability": "In stock, immediately available",
        "description": "With these popped chips you snack with a smile: lots of protein, very little fat, lots of taste! Many chips are made from potato, which is only starch. These chips are a source of protein as they consist of half soy. They contain up to 60% less fat than fried chips, are gluten free and with no added sugars. A truly responsible choice.",
        "primary_image": "https://www.heinemann-shop.com/medias/527Wx527H-null?context=bWFzdGVyfGltYWdlc3w3Njk2OHxpbWFnZS9qcGVnfGFHTXpMMmd6TUM4eE1UTXdNamczTlRJek5ETXpOQzgxTWpkWGVEVXlOMGhmYm5Wc2JBfDI0MGM3MmE1NDdhZjZkMDg2ZWI1NDZlMzg2NTYxMjM3MmJmZWUzZWEyMmQwMzMzNmFjY2ZjNGVkMTBkMDgzYjM&v=1729630790806",
        "images": []
    },
    {
        "product_url": "https://www.heinemann.com.au/en/sydt1/jacob-s-creek/jacobs-cr-db-icon-cbsv-0-75l/p/000000000001185133/",
        "brand_name": "Jacob's Creek",
        "brand_url": "https://www.heinemann.com.au/en/sydt1/jacob-s-creek/c/BRAND_2743/",
        "product_name": "Jacobs Cr.DB Icon CbSv 0.75L",
        "quantity": "0.75\u00a0l",
        "price": "$220.00",
        "price_per_quantity": "($293.33 / 1 l)",
        "stock_availability": "",
        "description": "Jacob\u2019s Creek Double Barrel Single Vineyard is the ultimate expression of the unique double barrel process. It is a new super-premium range, starting with fine red wines crafted from single vineyard fruit, which go through two types of barrel treatment (hence the name Double Barrel): ageing in traditional wine barrels, and finishing in barrels that once held some of the world\u2019s most premium whiskies.",
        "primary_image": "https://www.heinemann.com.au/medias/1185133-527Wx527H?context=bWFzdGVyfGltYWdlc3wzODEzM3xpbWFnZS9qcGVnfGFXMWhaMlZ6TDJnNU1TOW9OV0V2T1RNek9Ea3pPVFkzTURVMU9DNXFjR2N8YWQzMGY2MjQxYmE5MmZhOGY0NzM3Njg3OGE5ODY5MTAyNWFmNDRiODM3ZGJhODMzMWExZTNmYmEzYmMyZDI0MQ&v=1576766470613",
        "images": [
            "https://www.heinemann.com.au/medias/1185133-527Wx527H?context=bWFzdGVyfGltYWdlc3wzODEzM3xpbWFnZS9qcGVnfGFXMWhaMlZ6TDJnNU1TOW9OV0V2T1RNek9Ea3pPVFkzTURVMU9DNXFjR2N8YWQzMGY2MjQxYmE5MmZhOGY0NzM3Njg3OGE5ODY5MTAyNWFmNDRiODM3ZGJhODMzMWExZTNmYmEzYmMyZDI0MQ&v=1576766470613",
            "https://www.heinemann.com.au/medias/1185133-2-527Wx527H?context=bWFzdGVyfGltYWdlc3wzNDU5NnxpbWFnZS9qcGVnfGFHRmxMMmhrWVM4NU5qTXdPREl4T0RFd01qQTJMekV4T0RVeE16TmZNbDgxTWpkWGVEVXlOMGd8NmJhZmM2NDFhMGE4MjVjMGQ2ZjYzNjNjNDgyNmI5ZjQyZWE2ZjkxZWM5MTdiYTU4MGE3MmRhMmJmNTdmNGRhZg&v=1635889012235"
        ]
    },
    {
        "product_url": "https://www.heinemann.com.au/en/sydt1/penfolds/penfolds-bin-407-cabernet-sauvignon-0-75l/p/000000000001119294/",
        "brand_name": "",
        "brand_url": "https://www.heinemann.com.au/en/sydt1/penfolds/penfolds-bin-407-cabernet-sauvignon-0-75l/p/000000000001119294/",
        "product_name": "Penfolds Bin 407 Cabernet Sauvignon 0.75L",
        "quantity": "0.75\u00a0l",
        "price": "$130.00",
        "price_per_quantity": "($173.33 / 1 l)",
        "stock_availability": "In stock",
        "description": "Bin 407 was developed in response to the increasing availability\u00a0of high quality Cabernet Sauvignon fruit. Inspired by Bin 707, Bin 407 offers varietal definition and\u00a0approachability, yet still with structure and depth of flavour.",
        "primary_image": "https://www.heinemann.com.au/medias/527Wx527H-null?context=bWFzdGVyfGltYWdlc3wzMjM4N3xpbWFnZS9qcGVnfGFHVmxMMmhtTlM4eE1UUTROakk0TURZME5qWTROaTgxTWpkWGVEVXlOMGhmYm5Wc2JBfDIzMzlhYjJmNDBlZGVlZTdmZDE0MTg4ZWQ1MTJmMjM2MjJiM2ZiMjZlMWRjM2JiZGM5MDJkZmI1ZDUzMGU4OTU&v=1733615969162",
        "images": [
            "https://www.heinemann.com.au/medias/527Wx527H-null?context=bWFzdGVyfGltYWdlc3wzMjM4N3xpbWFnZS9qcGVnfGFHVmxMMmhtTlM4eE1UUTROakk0TURZME5qWTROaTgxTWpkWGVEVXlOMGhmYm5Wc2JBfDIzMzlhYjJmNDBlZGVlZTdmZDE0MTg4ZWQ1MTJmMjM2MjJiM2ZiMjZlMWRjM2JiZGM5MDJkZmI1ZDUzMGU4OTU&v=1733615969162",
            "https://www.heinemann.com.au/medias/527Wx527H-null?context=bWFzdGVyfGltYWdlc3w1NjQ1OXxpbWFnZS9qcGVnfGFESmxMMmcxWmk4eE1UUTROakk0T0Rnek9EWTROaTgxTWpkWGVEVXlOMGhmYm5Wc2JBfDE1MGY2MTY0ZjAyNTRiZDc0NmI5ZmZlNGM3YzBlYzcwZmM0ZDFlNzM3MDRkMmUzOTZhNDAxYjk5NmEzY2Y0MDU&v=1733616370935"
        ]
    },
    {
        "product_url": "https://www.heinemann.com.au/en/sydt1/penfolds/penfolds-koonunga-hill-shiraz-cabernet-0-375l/p/000000000001119265/",
        "brand_name": "",
        "brand_url": "https://www.heinemann.com.au/en/sydt1/penfolds/penfolds-koonunga-hill-shiraz-cabernet-0-375l/p/000000000001119265/",
        "product_name": "Penfolds Koonunga Hill Shiraz Cabernet 0.375L",
        "quantity": "0.375\u00a0l",
        "price": "$10.00",
        "price_per_quantity": "($26.67 / 1 l)",
        "stock_availability": "In stock",
        "description": "Koonunga Hill is the gateway to the Penfolds collection of wines; it is where the art of winemaking and the Penfolds journey truly begins. Named after one of Penfolds\u2019 Barossa Valley vineyards, Koonunga Hill is a reflection of the Penfolds winemaking style and philosophy, offering richness, balance and lasting quality.",
        "primary_image": "https://www.heinemann.com.au/medias/527Wx527H-null?context=bWFzdGVyfGltYWdlc3wzNTAwM3xpbWFnZS9qcGVnfGFHUmxMMmd3TUM4NU56azJNalUwTXpNMU1EQTJMelV5TjFkNE5USTNTRjl1ZFd4c3w4MmI0N2QyZjk3ZGJjZDQ1Y2M0ODRjYmZlMTc3NzAzYjk5NDIzMTI5YzhmYTIzYWEwNDEyZDA5MDFmY2FmNzdh&v=1690576841689",
        "images": []
    },
    {
        "product_url": "https://www.heinemann-shop.com/en/global/food2smile/food2smile-bbq-flavoured-soya-and-potato-chips/p/000000000001671804/",
        "brand_name": "food2smile",
        "brand_url": "https://www.heinemann-shop.com/en/global/food2smile/c/BRAND_9655/",
        "product_name": "Food2Smile BBQ flavoured soya and potato chips",
        "quantity": "0.09\u00a0kg",
        "price": "\u20ac4.50",
        "price_per_quantity": "(\u20ac50.00 / 1 kg)",
        "stock_availability": "In stock, immediately available",
        "description": "Attention all BBQ lovers! Looking for the chips of your dreams? Then we have great news. Also for vegans, as these are completely plant-based. The popped chips barbecue contain up to 60% less fat than fried chips. And that\u2019s not all. Also high in fibre and a source of protein as they are made of half soy and half potato. Furthermore, without added sugars and MSG-E621, gluten-free, made with 100% natural flavors and a lot less salt. And pssst\u2026 we could even put a Nutri-Score A on it. We don\u2019t. Just snack with a smile",
        "primary_image": "https://www.heinemann-shop.com/medias/527Wx527H-null?context=bWFzdGVyfGltYWdlc3w3MTc4NHxpbWFnZS9qcGVnfGFEWXlMMmhqTmk4eE1UTXdNekF5TlRJME5qSXpPQzgxTWpkWGVEVXlOMGhmYm5Wc2JBfDJiODE5ZGNjNWUzYzJiZDU0MmY5YzBlYjUyMTE4ZTMyZDE0OTA2Y2NiNmUxZDQ5ZGY5MDhjOTYwNjYyYTdmY2E&v=1729631831448",
        "images": []
    },
    {
        "product_url": "https://www.heinemann.com.au/en/sydt1/grant-burge/grant-burge-the-holy-trinity-grenache-syrah-mourvedre-barossa-dry-red-0-75l/p/000000000001114876/",
        "brand_name": "Grant Burge",
        "brand_url": "https://www.heinemann.com.au/en/sydt1/grant-burge/c/BRAND_1281/",
        "product_name": "Grant Burge, The Holy Trinity, Grenache Syrah Mourv\u00e8dre, Barossa, dry, red, 0.75L",
        "quantity": "0.75\u00a0l",
        "price": "$50.00",
        "price_per_quantity": "($66.67 / 1 l)",
        "stock_availability": "In stock",
        "description": "The Holy Trinity is a traditional blend of Grenache, Shiraz and Mourv\u00e8dre. The fruit for this wine is 100% Barossa grown, predominantly handpicked from old, dry-grown vines which range from 50 to 120 years old.",
        "primary_image": "https://www.heinemann.com.au/medias/527Wx527H-null?context=bWFzdGVyfGltYWdlc3w0MTEyOHxpbWFnZS9qcGVnfGFHVTBMMmc0TlM4NU9UY3lNelUzTURjd09EYzRMelV5TjFkNE5USTNTRjl1ZFd4c3w5OGJmNGQxZTM1ZmE0OTY3YzA2MjVmZmIyMTA4YTUyZTMzYjI2Yzg3NWFiMzBmYzlmMzA0ZTczOGIwNWU2NDY3&v=1699047266273",
        "images": []
    },
    {
        "product_url": "https://www.heinemann.com.au/en/sydt1/st-hugo/st-hugo-vetus-purum-shiraz-0-75l/p/000000000001117501/",
        "brand_name": "St Hugo",
        "brand_url": "https://www.heinemann.com.au/en/sydt1/st-hugo/c/BRAND_6518/",
        "product_name": "St Hugo Vetus Purum Shiraz 0.75L",
        "quantity": "0.75\u00a0l",
        "price": "$226.00",
        "price_per_quantity": "($301.33 / 1 l)",
        "stock_availability": "Low stock",
        "description": "St Hugo honours the visionary leader; Hugo Gramp, who successfully built Gramp & Sons winery into an industry pillar inspiring progress across future generations of the Gramp family. St Hugo is a wine to be savoured by those creating a better life for the next generation.",
        "primary_image": "https://www.heinemann.com.au/medias/527Wx527H-null?context=bWFzdGVyfGltYWdlc3wzMjYzN3xpbWFnZS9qcGVnfGFEQmxMMmcxWVM4eE1UQTNNalExTmpVNE9UTTBNaTgxTWpkWGVEVXlOMGhmYm5Wc2JBfGM0MjhmODQyNGM0M2NmN2MzMjJiNTMxZWQ4MmZhMDM0NzljOGUxN2M1YWNmZWFmMTcxYzc5ZDM0YTZkYmMwZWE&v=1724919418778",
        "images": [
            "https://www.heinemann.com.au/medias/527Wx527H-null?context=bWFzdGVyfGltYWdlc3wzMjYzN3xpbWFnZS9qcGVnfGFEQmxMMmcxWVM4eE1UQTNNalExTmpVNE9UTTBNaTgxTWpkWGVEVXlOMGhmYm5Wc2JBfGM0MjhmODQyNGM0M2NmN2MzMjJiNTMxZWQ4MmZhMDM0NzljOGUxN2M1YWNmZWFmMTcxYzc5ZDM0YTZkYmMwZWE&v=1724919418778",
            "https://www.heinemann.com.au/medias/527Wx527H-null?context=bWFzdGVyfGltYWdlc3w0MzY0MXxpbWFnZS9qcGVnfGFEVXhMMmhsTnk4eE1UQTNNalEyTVRVM01EQTNPQzgxTWpkWGVEVXlOMGhmYm5Wc2JBfDE5MzIyZDczZWFmM2E5MWZjMGNhZWI0YmRlYmI3MjU3NGY2MGUwMmFjYzU0MTRjMzQzMDI0MjQ5MDUwMTEzMjg&v=1724919684755"
        ]
    },
    {
        "product_url": "https://www.heinemann-shop.com/en/global/berliner-baerengold/set-of-honey-from-berlin-3x60g-jars/p/000000000001102330/",
        "brand_name": "Berliner B\u00e4rengold",
        "brand_url": "https://www.heinemann-shop.com/en/global/berliner-baerengold/c/BRAND_3717/",
        "product_name": "Set of honey from Berlin 3x60g jars",
        "quantity": "0.18\u00a0kg",
        "price": "\u20ac15.90",
        "price_per_quantity": "(\u20ac88.33 / 1 kg)",
        "stock_availability": "In stock",
        "description": "We at BerlinerHonig want to help through fair and innovative trade that there are more bees Berlin. Beekeepers are ambassadors for environment protection. We know all our beekeepers personally, and encourage and support them to hold more bees. Our goal is that people become more sensitive and attentive to nature by eating honey from the neighborhood and support more local products.",
        "primary_image": "https://www.heinemann-shop.com/medias/527Wx527H-null?context=bWFzdGVyfGltYWdlc3w0MDcwMXxpbWFnZS9qcGVnfGFETmxMMmhoWXk4NU9EQXdPRGt3TWpJd05UYzBMelV5TjFkNE5USTNTRjl1ZFd4c3w0MWYyYjkzM2Y2YmI1NzU1YmUyYmY0MWY1YzhkMzhjMTMwNDkxNDU1NDg3NjRmMzdkMTFlZmFmYmRhZDNkZTdi&v=1691470859778",
        "images": []
    },
    {
        "product_url": "https://www.heinemann.com.au/en/sydt1/st-hugo/st-hugo-dr3-cabernet-sauvignon-21-0-75l/p/000000000001569611/",
        "brand_name": "St Hugo",
        "brand_url": "https://www.heinemann.com.au/en/sydt1/st-hugo/c/BRAND_6518/",
        "product_name": "St Hugo DR3 Cabernet Sauvignon 21 0.75L",
        "quantity": "1.33\u00a0l",
        "price": "$72.00",
        "price_per_quantity": "($54.14 / 1 l)",
        "stock_availability": "In stock",
        "description": "Introducing the third release of DR3 x St Hugo, a fine wine series in collaboration with Australian Formula 1\u00ae driver Daniel Ricciardo. Featuring a 2021 Coonawarra Cabernet Sauvignon and 2021 Barossa Shiraz, each bottle is individually numbered as part of this year's limited edition release, presented in a beautiful gift box",
        "primary_image": "https://www.heinemann.com.au/medias/527Wx527H-null?context=bWFzdGVyfGltYWdlc3wzMjQ5M3xpbWFnZS9qcGVnfGFEYzNMMmhpTWk4eE1UTXdNamczTmprek9ESTNNQzgxTWpkWGVEVXlOMGhmYm5Wc2JBfDE4Y2VmMGU5NzJlOGY4MmJlYzBkOTlkNzk2NjAxNWFmN2I0M2U3NjFkYmJjM2UyZDMzNjg2MjVjMTgxMjFkYTA&v=1729630925520",
        "images": [
            "https://www.heinemann.com.au/medias/527Wx527H-null?context=bWFzdGVyfGltYWdlc3wzMjQ5M3xpbWFnZS9qcGVnfGFEYzNMMmhpTWk4eE1UTXdNamczTmprek9ESTNNQzgxTWpkWGVEVXlOMGhmYm5Wc2JBfDE4Y2VmMGU5NzJlOGY4MmJlYzBkOTlkNzk2NjAxNWFmN2I0M2U3NjFkYmJjM2UyZDMzNjg2MjVjMTgxMjFkYTA&v=1729630925520",
            "https://www.heinemann.com.au/medias/527Wx527H-null?context=bWFzdGVyfGltYWdlc3wzNDM5OHxpbWFnZS9qcGVnfGFEZzVMMmhpTWk4eE1UTXdNekF5TURFNU9UazJOaTgxTWpkWGVEVXlOMGhmYm5Wc2JBfDJlNWUwNDI5MzUzMmNmYmNkODE1ODMzYjRmMjY5YTM3YzA3MjM1NGU5ZjlkY2M5MDAzNzc5NTE5Yjk4NWM1NWE&v=1729631601687",
            "https://www.heinemann.com.au/medias/527Wx527H-null?context=bWFzdGVyfGltYWdlc3wzMTA1NnxpbWFnZS9qcGVnfGFESmlMMmhqTUM4eE1UTXdNekF5TURVNU16RTRNaTgxTWpkWGVEVXlOMGhmYm5Wc2JBfGU5OGMxMDUzMTg4MzBjYzg3MjhlYTA5NjgzOWRlODM0ZTExYjc0ZDNmNzlkM2YxNTI1MGI2YmViZTMxMWU3MjM&v=1729631613090"
        ]
    },
    {
        "product_url": "https://www.heinemann.com.au/en/sydt1/katnook-estate-wines/katnook-estate-wines-cabernet-sauvignon-coonawarra-dry-red-0-75l/p/000000000001116641/",
        "brand_name": "Katnook Estate Wines",
        "brand_url": "https://www.heinemann.com.au/en/sydt1/katnook-estate-wines/c/BRAND_0956/",
        "product_name": "Katnook Estate Wines, Cabernet Sauvignon, Coonawarra, dry, red 0.75L",
        "quantity": "0.75\u00a0l",
        "price": "$45.00",
        "price_per_quantity": "($60.00 / 1 l)",
        "stock_availability": "Low stock",
        "description": "Our best known wine is listed in the 'Excellent' category of Australia's prestigious\u00a0Langton's Classification, which says of the style, 'Katnook Cabernet Sauvignon reflects its strong Coonawarra provenance with plenty of intense blackcurrant mulberry fruit definition, mid palate richness, finely grained tannins and excellent flavour length. The wines have medium to long term cellaring potential.",
        "primary_image": "https://www.heinemann.com.au/medias/527Wx527H-null?context=bWFzdGVyfGltYWdlc3wzNjc5M3xpbWFnZS9qcGVnfGFEWTVMMmhpTUM4NU9EQXlPVFUzTXpnNU9EVTBMelV5TjFkNE5USTNTRjl1ZFd4c3xmNjJlMTcyNDhiMDBjMTRiYWY5MDMzNjAzOGZjN2VhMDBiMmRlZDlkNDMxMjVmMTljMmI3ZDJkOGQwZGY1ZTJm&v=1691788431344",
        "images": []
    },
    {
        "product_url": "https://www.heinemann-shop.com/en/global/lindt/lindt-lindor-bag-milk-100g/p/000000000001514084/",
        "brand_name": "Lindt",
        "brand_url": "https://www.heinemann-shop.com/en/global/lindt/c/BRAND_1486/",
        "product_name": "Lindt LINDOR Bag Milk 100g",
        "quantity": "0.1\u00a0kg",
        "price": "\u20ac8.90",
        "price_per_quantity": "(\u20ac89.00 / 1 kg)",
        "stock_availability": "In stock, immediately available",
        "description": "Enjoy an irresistibly smooth moment of bliss with the new LINDOR Bag 100g - the perfect treat for an on-the-go yet indulgent travelbreak. Available in classic red with the most popular flavor LINDOR Milk.",
        "primary_image": "https://www.heinemann-shop.com/medias/527Wx527H-null?context=bWFzdGVyfGltYWdlc3w2OTk0NnxpbWFnZS9qcGVnfGFEbGpMMmd6WWk4eE1USTROakExTlRZeE5qVTBNaTgxTWpkWGVEVXlOMGhmYm5Wc2JBfDEzYzQ1YmJkMTIyYzA3N2Q1NTE0MTAzODc2ZGM2Mjg5YjA2NTc4NzZiZTQ4NGU5NmRjZjEyZTQxMmUyMGM3NDE&v=1729321693366",
        "images": []
    },
    {
        "product_url": "https://www.heinemann.com.au/en/sydt1/st-hugo/st-hugo-single-vineyard-southern-valley-shiraz-0-75l/p/000000000001559026/",
        "brand_name": "St Hugo",
        "brand_url": "https://www.heinemann.com.au/en/sydt1/st-hugo/c/BRAND_6518/",
        "product_name": "St Hugo Single Vineyard Southern Valley Shiraz 0.75L",
        "quantity": "0.75\u00a0l",
        "price": "$74.00",
        "price_per_quantity": "($98.67 / 1 l)",
        "stock_availability": "Low stock",
        "description": "Where Private Collection explored sub-regional impacts, Single Vineyard hones in further to individual vineyard sites. A limited annual release of Single Vineyard wines that seek to lift the curtain and invite consumers to explore the vineyards with our Chief Winemaker, Peter Munro.",
        "primary_image": "https://www.heinemann.com.au/medias/527Wx527H-null?context=bWFzdGVyfGltYWdlc3wyNzA3OXxpbWFnZS9qcGVnfGFEZ3hMMmcxTkM4NU56STBOelUxT1RZNE1ETXdMelV5TjFkNE5USTNTRjl1ZFd4c3wzNGYxMWZhMTQ0OTA4NWQ5NDA1M2IwMmU2NDAwZTA0MzAzMDlmMWNmYTMxMmYwZjRkMDcxNmJlYmM4YWE0NGM3&v=1671656843225",
        "images": []
    },
    {
        "product_url": "https://www.heinemann-shop.com/en/global/benlian/benlian-gluten-free-rocky-rice-rolls-milk-choco-40vol-70g/p/000000000001623073/",
        "brand_name": "Benlian",
        "brand_url": "https://www.heinemann-shop.com/en/global/benlian/c/BRAND_8593/",
        "product_name": "Benlian Gluten Free Rocky Rice Rolls Milk Choco 40% 70g",
        "quantity": "0.07\u00a0kg",
        "price": "\u20ac2.50",
        "price_per_quantity": "(\u20ac35.71 / 1 kg)",
        "stock_availability": "In stock, immediately available",
        "description": "Crispy round rice wafers made from brown rice coated with UTZ certified milk chocolate (40% cocoa ). The delicious wafers are a great taste experience for all ages and free from gluten and palm oil.",
        "primary_image": "https://www.heinemann-shop.com/medias/527Wx527H-null?context=bWFzdGVyfGltYWdlc3w5OTY0OHxpbWFnZS9qcGVnfGFEQXlMMmcxTUM4eE1EY3lPVE0zT0RFeE9UY3hNQzgxTWpkWGVEVXlOMGhmYm5Wc2JBfGE3Njk1MWRmMTgwMGIxZWU5Zjc3ZDE5OWE5ZDY0ZDEzZGQyYmJlN2JlYTdlYzFkN2EyY2VmNmIxMjc3ZDMxZjM&v=1717464422466",
        "images": []
    },
    {
        "product_url": "https://www.heinemann-shop.com/en/global/werther-s/wo-popcorn-caramel-140g/p/000000000001576929/",
        "brand_name": "Werther's",
        "brand_url": "https://www.heinemann-shop.com/en/global/werther-s/c/BRAND_5472/",
        "product_name": "WO Popcorn Caramel 140g",
        "quantity": "0.14\u00a0kg",
        "price": "\u20ac4.30",
        "price_per_quantity": "(\u20ac30.71 / 1 kg)",
        "stock_availability": "In stock, immediately available",
        "description": "Perfectly popped corn covered with rich and creamy Werther's Original caramel.",
        "primary_image": "https://www.heinemann-shop.com/medias/527Wx527H-null?context=bWFzdGVyfGltYWdlc3w4NzIyOXxpbWFnZS9qcGVnfGFHUXlMMmc1WXk4eE1USTROakkzTXprME9UY3lOaTgxTWpkWGVEVXlOMGhmYm5Wc2JBfDYzYWMzMzA2NTllMGNmYWZlNjYyYmU0OTJhMDMyMThhZTVhOGM4NmE4OGY0MDExYmQ2OGZjZTQ1YWFmYmMwZDg&v=1729322980396",
        "images": []
    },
    {
        "product_url": "https://www.heinemann.com.au/en/sydt1/jacob-s-creek/jacob-s-creek-orgainc-0-75l/p/000000000001513949/",
        "brand_name": "Jacob's Creek",
        "brand_url": "https://www.heinemann.com.au/en/sydt1/jacob-s-creek/c/BRAND_2743/",
        "product_name": "Jacob's Creek Orgainc 0.75L",
        "quantity": "0.75\u00a0l",
        "price": "$64.00",
        "price_per_quantity": "($85.33 / 1 l)",
        "stock_availability": "Low stock",
        "description": "A bold Shiraz made from organically grown grapes in one of Australia\u2019s premium wine regions using only certified organic winemaking techniques. The wine then spent 23 months maturing in 100% new French oak hogsheads",
        "primary_image": "https://www.heinemann.com.au/medias/1513949-527Wx527H?context=bWFzdGVyfGltYWdlc3wyODg5N3xpbWFnZS9qcGVnfGFHRXhMMmd3TVM4NU5qVTVNRFUzTnpZMk5ETXdMekUxTVRNNU5EbGZOVEkzVjNnMU1qZEl8Y2I3MTgxMDk1MTJhNDg0Yjk0N2JlMjczZjhiMjQ3OGU0YzNkNzMyYjU5ZTkwZGIzM2U5MThiM2UwNWIwNDI1Zg&v=1645219103878",
        "images": []
    },
    {
        "product_url": "https://www.heinemann.com.au/en/sydt1/st-hugo/st-hugo-dr3-shiraz-21-0-75l/p/000000000001569610/",
        "brand_name": "St Hugo",
        "brand_url": "https://www.heinemann.com.au/en/sydt1/st-hugo/c/BRAND_6518/",
        "product_name": "St Hugo DR3 Shiraz 21 0.75L",
        "quantity": "1.33\u00a0l",
        "price": "$72.00",
        "price_per_quantity": "($54.14 / 1 l)",
        "stock_availability": "Low stock",
        "description": "Introducing the third release of DR3 x St Hugo, a fine wine series in collaboration with Australian Formula 1\u00ae driver Daniel Ricciardo. Featuring a 2021 Coonawarra Cabernet Sauvignon and 2021 Barossa Shiraz, each bottle is individually numbered as part of this year's limited edition release, presented in a beautiful gift box",
        "primary_image": "https://www.heinemann.com.au/medias/527Wx527H-null?context=bWFzdGVyfGltYWdlc3wzMjQyMHxpbWFnZS9qcGVnfGFEZzJMMmd4TXk4eE1UQTNNakkwT0RjM05EWTROaTgxTWpkWGVEVXlOMGhmYm5Wc2JBfDQzYjFlN2E5NTEzNmZlN2E3MDExZTliYzQ4Y2VkZjljMTUxOGI5ZWY1ZDBmMWE4MjJiYWNjYzM4YTBmMGY3MzA&v=1724917409497",
        "images": []
    },
    {
        "product_url": "https://www.heinemann.com.au/en/sydt1/grant-burge/grant-burge-miamba-shiraz-barossa-dry-red-0-75l-screw-cap/p/000000000001114887/",
        "brand_name": "Grant Burge",
        "brand_url": "https://www.heinemann.com.au/en/sydt1/grant-burge/c/BRAND_1281/",
        "product_name": "Grant Burge, Miamba, Shiraz, Barossa, dry, red, 0.75L (screw cap)",
        "quantity": "0.75\u00a0l",
        "price": "$21.00",
        "price_per_quantity": "($28.00 / 1 l)",
        "stock_availability": "In stock",
        "description": "The basis of the fruit supply for this wine is sourced from a vineyard of the same name, located at the southern end of the Barossa.",
        "primary_image": "https://www.heinemann.com.au/medias/1114887-527Wx527H?context=bWFzdGVyfGltYWdlc3wzNTA4MnxpbWFnZS9qcGVnfGFHVTNMMmhsTlM4NU56QTBOak13TlRVd05UVTRMekV4TVRRNE9EZGZOVEkzVjNnMU1qZEl8ZDAyMzMzODU5MDE0YWZmN2RiNGM3MTYwOWM1MTQ5ZGE2N2RlYzEyNjFjNTU1ZWI1MTAyOWFjZjU2ZWRhMmZmYQ&v=1661981489690",
        "images": [
            "https://www.heinemann.com.au/medias/1114887-527Wx527H?context=bWFzdGVyfGltYWdlc3wzNTA4MnxpbWFnZS9qcGVnfGFHVTNMMmhsTlM4NU56QTBOak13TlRVd05UVTRMekV4TVRRNE9EZGZOVEkzVjNnMU1qZEl8ZDAyMzMzODU5MDE0YWZmN2RiNGM3MTYwOWM1MTQ5ZGE2N2RlYzEyNjFjNTU1ZWI1MTAyOWFjZjU2ZWRhMmZmYQ&v=1661981489690",
            "https://www.heinemann.com.au/medias/1114887-2-527Wx527H?context=bWFzdGVyfGltYWdlc3wzNjk1MHxpbWFnZS9qcGVnfGFHTTRMMmd4T0M4NU56QTBOak15TXpnMU5UWTJMekV4TVRRNE9EZGZNbDgxTWpkWGVEVXlOMGd8ZDQ2MmU4NDFkYzMzM2YzMGVlNDkxMjBkZDNiNjc2ZDlhNDI4YzU1ZTliZjZmMGIyZmY2ZmI1ZDE2ZWVlNDVjOQ&v=1661981522594"
        ]
    },
    {
        "product_url": "https://www.heinemann.com.au/en/sydt1/chateau-de-beaucastel/chateau-de-beaucastel-chateaneuf-du-pape-aoc-dry-red-organic-0-75l/p/000000000000540371/",
        "brand_name": "Ch\u00e2teau de Beaucastel",
        "brand_url": "https://www.heinemann.com.au/en/sydt1/chateau-de-beaucastel/c/BRAND_6137/",
        "product_name": "Ch\u00e2teau de Beaucastel, Ch\u00e2teaneuf-du-Pape, AOC, dry, red (organic) 0.75L",
        "quantity": "0.75\u00a0l",
        "price": "$138.00",
        "price_per_quantity": "($184.00 / 1 l)",
        "stock_availability": "In stock",
        "description": "Ch\u00e2teau de Beaucastel has long been considered one of the greatest wines of France. It is unanimously renowned for its balance, elegance and ageing potential. Beaucastel has an extraordinary terroir at the northern end of the appellation with a lot of exposure to the Mistral. All 13 varieties of the appellation have been organically grown here since the sixties.",
        "primary_image": "https://www.heinemann.com.au/medias/527Wx527H-null?context=bWFzdGVyfGltYWdlc3w0MDM0M3xpbWFnZS9qcGVnfGFHSXhMMmcxT1M4eE1UYzVOVFkyTWpreU9UazFNQzgxTWpkWGVEVXlOMGhmYm5Wc2JBfDhhYWFiOWI0NTFmNmNlZTQyYmI4MDRiYjhlNDE1NjFiOTBmYzM0ODI5ZGQ0ODRhMGJmZWYyNzBkNjYxYzc4ZGU&v=1740087277047",
        "images": [
            "https://www.heinemann.com.au/medias/527Wx527H-null?context=bWFzdGVyfGltYWdlc3w0MDM0M3xpbWFnZS9qcGVnfGFHSXhMMmcxT1M4eE1UYzVOVFkyTWpreU9UazFNQzgxTWpkWGVEVXlOMGhmYm5Wc2JBfDhhYWFiOWI0NTFmNmNlZTQyYmI4MDRiYjhlNDE1NjFiOTBmYzM0ODI5ZGQ0ODRhMGJmZWYyNzBkNjYxYzc4ZGU&v=1740087277047",
            "https://www.heinemann.com.au/medias/527Wx527H-null?context=bWFzdGVyfGltYWdlc3w0Mjg1MXxpbWFnZS9qcGVnfGFEa3hMMmd3Wmk4NU56VXhORE16TVRFM056STJMelV5TjFkNE5USTNTRjl1ZFd4c3wxZGM5ZDkzNmRkYjQ3OWU4NWUyOTk5NjY0YWFiMGVhZmI3NTBmZGFjYjE4ODM5ZWQ2NzRhN2ZiMTI0NWE2MzIz&v=1680305169021"
        ]
    },
    {
        "product_url": "https://www.heinemann.com.au/en/sydt1/st-hugo/st-hugo-vetus-purum-cabernet-sauvignon-0-75l/p/000000000001117500/",
        "brand_name": "St Hugo",
        "brand_url": "https://www.heinemann.com.au/en/sydt1/st-hugo/c/BRAND_6518/",
        "product_name": "St Hugo Vetus Purum Cabernet Sauvignon 0.75L",
        "quantity": "0.75\u00a0l",
        "price": "$226.00",
        "price_per_quantity": "($301.33 / 1 l)",
        "stock_availability": "Low stock",
        "description": "St Hugo Wines chief winemaker, Sam Kurtz, says: \"I truly believe that with Vetus Purum we have arrived at the purest expression of Coonawarra Cabernet Sauvignon, and a single-vineyard Shiraz of the quality that can only be achieved in the Barossa\u2019s ancient soils.\"",
        "primary_image": "https://www.heinemann.com.au/medias/527Wx527H-null?context=bWFzdGVyfGltYWdlc3wzMjYzNXxpbWFnZS9qcGVnfGFHVTVMMmcwWmk4eE1UQTNNalExTmpJNU5EUXpNQzgxTWpkWGVEVXlOMGhmYm5Wc2JBfDBkMWZmYmYyYTNiMTdjMTM2NjNmOGRlZTE1OWY1NDk3YmZkZTZmNzU3ZDliNDA2MGZkMjhiNDIzNzg0NDE2ZDk&v=1724919412942",
        "images": [
            "https://www.heinemann.com.au/medias/527Wx527H-null?context=bWFzdGVyfGltYWdlc3wzMjYzNXxpbWFnZS9qcGVnfGFHVTVMMmcwWmk4eE1UQTNNalExTmpJNU5EUXpNQzgxTWpkWGVEVXlOMGhmYm5Wc2JBfDBkMWZmYmYyYTNiMTdjMTM2NjNmOGRlZTE1OWY1NDk3YmZkZTZmNzU3ZDliNDA2MGZkMjhiNDIzNzg0NDE2ZDk&v=1724919412942",
            "https://www.heinemann.com.au/medias/527Wx527H-null?context=bWFzdGVyfGltYWdlc3w0MzYzOXxpbWFnZS9qcGVnfGFEaGhMMmhtTVM4eE1UQTNNalEyTVRJM05URTJOaTgxTWpkWGVEVXlOMGhmYm5Wc2JBfDViOTEzNzQyNGY2N2U4MjljM2Q1NTU2ZWMyNzEzZGEwOWRmZmZiZTc0ZGVkYWRlNmYyNmZlMGE3NGRjZDk0YTI&v=1724919679043"
        ]
    },
    {
        "product_url": "https://www.heinemann-shop.com/en/global/al-rifai/rifai-peanut-1-2-salted-150g/p/000000000001563994/",
        "brand_name": "Al Rifai",
        "brand_url": "https://www.heinemann-shop.com/en/global/al-rifai/c/BRAND_3164/",
        "product_name": "Rifai Peanut 1/2 Salted 150g",
        "quantity": "0.15\u00a0kg",
        "price": "\u20ac6.50",
        "price_per_quantity": "(\u20ac43.33 / 1 kg)",
        "stock_availability": "In stock, immediately available",
        "description": "Top selected peanuts, dry roasted and slightly salted for an extra crunchiness.",
        "primary_image": "https://www.heinemann-shop.com/medias/527Wx527H-null?context=bWFzdGVyfGltYWdlc3wzNTQ1MXxpbWFnZS9qcGVnfGFHUm1MMmc1TlM4eE1UTTVOVFk0T1RZeE1USTVOQzgxTWpkWGVEVXlOMGhmYm5Wc2JBfDcxMzhlYjRlMjJmMmU5MmY4OWE1N2UyNDg5YWY2MmQ1NDEwMzlkODQ0MmIzODgwNWQyZTE4ZTM5ZDc1OWEwZWU&v=1731361527511",
        "images": []
    },
    {
        "product_url": "https://www.heinemann.com.au/en/sydt1/montecillo/montecillo-gran-reserva-rioja-dry-red-0-75l/p/000000000000005399/",
        "brand_name": "Montecillo",
        "brand_url": "https://www.heinemann.com.au/en/sydt1/montecillo/c/BRAND_5018/",
        "product_name": "Montecillo, Gran Reserva, Rioja, dry, red 0.75L",
        "quantity": "0.75\u00a0l",
        "price": "$40.00",
        "price_per_quantity": "($53.33 / 1 l)",
        "stock_availability": "Low stock",
        "description": "100% Tempranillo from Rioja Alta, aged for two years in French oak casks and three years in the bottle; only produced in the best vintages.",
        "primary_image": "https://www.heinemann.com.au/medias/527Wx527H-null?context=bWFzdGVyfGltYWdlc3w0NDYxNHxpbWFnZS9qcGVnfGFEWXpMMmcwWkM4eE1UTXdNekF4T1RnM01qSTROaTgxTWpkWGVEVXlOMGhmYm5Wc2JBfDEwYTAwOWMxODdjNWIwZDhkNjQxNWY3NWYxOTJlY2I1OWNkMGQ4M2M3MGNlZGI2NGNkYjYzMDI1NjVmZWU4Mjc&v=1729631581477",
        "images": []
    },
    {
        "product_url": "https://www.heinemann.com.au/en/sydt1/cloudy-bay/cloudy-bay-pinot-noir-marlborough-dry-red-0-75l/p/000000000001048634/",
        "brand_name": "Cloudy Bay",
        "brand_url": "https://www.heinemann.com.au/en/sydt1/cloudy-bay/c/BRAND_4732/",
        "product_name": "Cloudy Bay Pinot Noir, Marlborough, dry, red, 0.75L",
        "quantity": "0.75\u00a0l",
        "price": "$54.00",
        "price_per_quantity": "($72.00 / 1 l)",
        "stock_availability": "In stock",
        "description": "Cloudy Bay was one of the first wine producers in Marlborough und has an assortment of excellent premium wines, which represent the intensitiy and pureness of the fruity and natural aromas of Marlborough.",
        "primary_image": "https://www.heinemann.com.au/medias/1048634-527Wx527H?context=bWFzdGVyfGltYWdlc3w0NDc2MXxpbWFnZS9qcGVnfGFXMWhaMlZ6TDJnME5DOW9PRFl2T1RNNU16WTVOVFExTnpNeE1DNXFjR2N8NTdjY2I3Zjc5YmE3ZGNiOTM2NGQ2N2U3NDM5N2JjMGM1MjdjZTdkZjBkYzUxMzE2NDFlOGFhZGE1ZDhjODlhYQ&v=1582078318688",
        "images": []
    },
    {
        "product_url": "https://www.heinemann-shop.com/en/global/lorenz/lorenz-monster-munch-original-75g/p/000000000001477297/",
        "brand_name": "Lorenz",
        "brand_url": "https://www.heinemann-shop.com/en/global/lorenz/c/BRAND_2488/",
        "product_name": "Lorenz Monster Munch Original 75g",
        "quantity": "0.075\u00a0kg",
        "price": "",
        "price_per_quantity": "(\u20ac38.67 / 1 kg)",
        "stock_availability": "",
        "description": "Monster Munch is the delicious Potato-Snack from Lorenz. Every portion of Monster will be a small crispy potato snack adventure.",
        "primary_image": "https://www.heinemann-shop.com/medias/527Wx527H-null?context=bWFzdGVyfGltYWdlc3w4MTExNHxpbWFnZS9qcGVnfGFEQXdMMmhoTkM4eE1UYzRNalkwT1RJNE1qVTVNQzgxTWpkWGVEVXlOMGhmYm5Wc2JBfDBjZTQ5MTY0ZDUyNTc0YzhhMGVhMjQ3ZGJlYmU3NDNiOWUzNzgwZTgwOGI1OWVhNzZhYzJiM2M3YTlkNjcwMDY&v=1739832121784",
        "images": []
    },
    {
        "product_url": "https://www.heinemann-shop.com/en/global/al-rifai/rifai-cashew-mix-150g/p/000000000001563995/",
        "brand_name": "Al Rifai",
        "brand_url": "https://www.heinemann-shop.com/en/global/al-rifai/c/BRAND_3164/",
        "product_name": "Rifai Cashew Mix 150g",
        "quantity": "0.15\u00a0kg",
        "price": "\u20ac10.90",
        "price_per_quantity": "(\u20ac72.67 / 1 kg)",
        "stock_availability": "",
        "description": "A mix of fine roasted cashews salted,  flavored and packed in a practical tin packaging for a great snack.",
        "primary_image": "https://www.heinemann-shop.com/medias/527Wx527H-null?context=bWFzdGVyfGltYWdlc3wyNjIxNnxpbWFnZS9qcGVnfGFEQTJMMmc1WkM4eE1UTTVOVFk0T1RnME1EWTNNQzgxTWpkWGVEVXlOMGhmYm5Wc2JBfGI3NDE1NTIyNzMyZmJlMjQwMjA4MGI3YjQ4YWM1N2M4NTVlMjM0OTM5NDRjMDkzMjc5MmQxYWRjYTRkZTdhMGY&v=1731361540998",
        "images": []
    },
    {
        "product_url": "https://www.heinemann-shop.com/en/global/berliner-baerengold/honey-from-berlin-in-a-honey-bear-jar-375g/p/000000000001101899/",
        "brand_name": "Berliner B\u00e4rengold",
        "brand_url": "https://www.heinemann-shop.com/en/global/berliner-baerengold/c/BRAND_3717/",
        "product_name": "Honey from Berlin in a honey bear jar 375g",
        "quantity": "0.375\u00a0kg",
        "price": "\u20ac15.90",
        "price_per_quantity": "(\u20ac42.40 / 1 kg)",
        "stock_availability": "In stock",
        "description": "We at BerlinerHonig want to help through fair and innovative trade that there are more bees Berlin. Beekeepers are ambassadors for environment protection. We know all our beekeepers personally, and encourage and support them to hold more bees. Our goal is that people become more sensitive and attentive to nature by eating honey from the neighborhood and support more local products.",
        "primary_image": "https://www.heinemann-shop.com/medias/527Wx527H-null?context=bWFzdGVyfGltYWdlc3w2MDMwM3xpbWFnZS9qcGVnfGFEZGhMMmhpWVM4NU9EQXdPRGt3TmpjNU16STJMelV5TjFkNE5USTNTRjl1ZFd4c3w1NmY2MzUxYzYxZTUwOTA1ZTcxOThhNDNhNTRkZDI1ZmI2ZTRiODFmZDVhMGRmOGRkYWRiZjlhZWQ5Yzc3MmJk&v=1691470884853",
        "images": []
    },
    {
        "product_url": "https://www.heinemann.com.au/en/sydt1/sichel-family-private-selectio/sichel-family-private-selection-margaux-aoc-dry-red-0-75l-giftpack/p/000000000001219358/",
        "brand_name": "Sichel Family Private Selectio",
        "brand_url": "https://www.heinemann.com.au/en/sydt1/sichel-family-private-selectio/c/BRAND_3570/",
        "product_name": "Sichel Family Private Selection, Margaux, AOC, dry, red 0.75L Giftpack",
        "quantity": "0.75\u00a0l",
        "price": "$128.00",
        "price_per_quantity": "($170.67 / 1 l)",
        "stock_availability": "Low stock",
        "description": "This Margaux wine is a unique blend produced in very small quantities. It illustrates the distinctiveness of the Petit Verdot grape variety. It gives wines a very rich colour, good acidity, profound depth and forceful character. This wine contains 35% Petit Verdot which is exceptionally high, undoubtedly the highest of any Margaux wine. The Sichel Family has been involved in winemaking in Bordeaux since 1883. It is almost a century ago when it established itself in the Margaux appellation.",
        "primary_image": "https://www.heinemann.com.au/medias/527Wx527H-null?context=bWFzdGVyfGltYWdlc3w1NjI1MXxpbWFnZS9qcGVnfGFEWmtMMmc0TkM4eE1EVTVNRE15T0RRMU5URTVPQzgxTWpkWGVEVXlOMGhmYm5Wc2JBfGVlMGNhNjEzMjFmZjZhYzM0OTRjM2UzYjk3ZWI2ZDVhYWFmZjI5ZjQ1NGQ1YTkzMzViZjE0YmRmNzFmMjg4OTM&v=1713868230469",
        "images": [
            "https://www.heinemann.com.au/medias/527Wx527H-null?context=bWFzdGVyfGltYWdlc3w1NjI1MXxpbWFnZS9qcGVnfGFEWmtMMmc0TkM4eE1EVTVNRE15T0RRMU5URTVPQzgxTWpkWGVEVXlOMGhmYm5Wc2JBfGVlMGNhNjEzMjFmZjZhYzM0OTRjM2UzYjk3ZWI2ZDVhYWFmZjI5ZjQ1NGQ1YTkzMzViZjE0YmRmNzFmMjg4OTM&v=1713868230469",
            "https://www.heinemann.com.au/medias/527Wx527H-null?context=bWFzdGVyfGltYWdlc3wzMjk4M3xpbWFnZS9qcGVnfGFEWXpMMmcyWXk4eE1EVTVNRE16TVRNM01UVTFNQzgxTWpkWGVEVXlOMGhmYm5Wc2JBfDQxMzAwNmU1YzNiM2E4MjE0NDE4ZjEzMzBjYmExZTkxNjFjZDlmOTE0NmU5M2U4NjJlZmJmNGExNGZlODQwYWI&v=1713868385468",
            "https://www.heinemann.com.au/medias/527Wx527H-null?context=bWFzdGVyfGltYWdlc3wzMTg2OHxpbWFnZS9qcGVnfGFETXhMMmczTmk4eE1EVTVNRE16TVRZek16WTVOQzgxTWpkWGVEVXlOMGhmYm5Wc2JBfDg0MWI2ZDJkMDgxM2NlMTRmNTBmOTI2NTBjZjNiNWQ4ZWVhYjYyOGQ2N2I3ZDRjZGY4N2M2MWNmM2E2M2Y0ZjA&v=1713868393252",
            "https://www.heinemann.com.au/medias/527Wx527H-null?context=bWFzdGVyfGltYWdlc3wzMjEwNHxpbWFnZS9qcGVnfGFHTXhMMmc0TUM4eE1EVTVNRE16TVRrMk1UTTNOQzgxTWpkWGVEVXlOMGhmYm5Wc2JBfGY3MjdkMDUzNTNiMTEyOWE3ZTQ0NTFiOTlhMzQ3OGEwNmI2Yjg1ZjVmOTYzNWZjNDRhNTBiYWY5YzdmOGJkODI&v=1713868401254"
        ]
    },
    {
        "product_url": "https://www.heinemann-shop.com/en/global/al-rifai/al-rifai-mix-kernels-300g/p/000000000001264172/",
        "brand_name": "Al Rifai",
        "brand_url": "https://www.heinemann-shop.com/en/global/al-rifai/c/BRAND_3164/",
        "product_name": "Al Rifai Mix Kernels 300g",
        "quantity": "0.3\u00a0kg",
        "price": "\u20ac12.90",
        "price_per_quantity": "(\u20ac43.00 / 1 kg)",
        "stock_availability": "In stock, immediately available",
        "description": "100% kernels roasted to perfection and packed with care. AL RIFAI Mixes are a great way to enjoy the myriad of savoury products we produce.",
        "primary_image": "https://www.heinemann-shop.com/medias/527Wx527H-null?context=bWFzdGVyfGltYWdlc3w2NDg5N3xpbWFnZS9qcGVnfGFEVmhMMmcwTkM4eE1UTTVOVFk0TWpreU5qWXlNaTgxTWpkWGVEVXlOMGhmYm5Wc2JBfGQ3Y2MyNmY3OTdlY2U3NGMzY2IzYjNjNjA2M2I2MzIwN2FmNDM3Y2JhNDg5MDgzMjRmNDVkMWFiOWJjNjgzOTc&v=1731361028034",
        "images": [
            "https://www.heinemann-shop.com/medias/527Wx527H-null?context=bWFzdGVyfGltYWdlc3w2NDg5N3xpbWFnZS9qcGVnfGFEVmhMMmcwTkM4eE1UTTVOVFk0TWpreU5qWXlNaTgxTWpkWGVEVXlOMGhmYm5Wc2JBfGQ3Y2MyNmY3OTdlY2U3NGMzY2IzYjNjNjA2M2I2MzIwN2FmNDM3Y2JhNDg5MDgzMjRmNDVkMWFiOWJjNjgzOTc&v=1731361028034",
            "https://www.heinemann-shop.com/medias/1264172-1-527Wx527H?context=bWFzdGVyfGltYWdlc3w3Mjg2NXxpbWFnZS9qcGVnfGFHWXdMMmd5WXk4NU5qRXlPVE13TWpnMU5UazRMekV5TmpReE56SmZNVjgxTWpkWGVEVXlOMGd8ODI2YzIzN2VlOWQ0MDBhZGRmZGUyZTYzMDAzMDY0NGNiMDQ0NTgxOGIxMWEwZjdkYzM2ZjY1MjIwNWJlODkyZQ&v=1629595821515"
        ]
    },
    {
        "product_url": "https://www.heinemann.com.au/en/sydt1/st-hugo/st-hugo-grenache-shiraz-mataro-0-75l/p/000000000001117499/",
        "brand_name": "St Hugo",
        "brand_url": "https://www.heinemann.com.au/en/sydt1/st-hugo/c/BRAND_6518/",
        "product_name": "St Hugo Grenache Shiraz Mataro 0.75L",
        "quantity": "0.75\u00a0l",
        "price": "$36.00",
        "price_per_quantity": "($48.00 / 1 l)",
        "stock_availability": "Low stock",
        "description": "St Hugo honours the visionary leader; Hugo Gramp, who successfully built Gramp & Sons winery into an industry pillar inspiring progress across future generations of the Gramp family. St Hugo is a wine to be savoured by those creating a better life for the next generation.",
        "primary_image": "https://www.heinemann.com.au/medias/1117499-527Wx527H?context=bWFzdGVyfGltYWdlc3wzODk1NXxpbWFnZS9qcGVnfGFXMWhaMlZ6TDJoa05DOW9aamt2T1RNME1USXdPVGsyT0RZM01DNXFjR2N8ZGYyMmI1M2EyMzAyYmY1ZmE5ZTgxZTQ3Mjc1ZjJkMzJiYTdlOWMzNWMzYTUzM2QyZjIzYmRlM2JjMzQ4NzhjNg&v=1576796822723",
        "images": [
            "https://www.heinemann.com.au/medias/1117499-527Wx527H?context=bWFzdGVyfGltYWdlc3wzODk1NXxpbWFnZS9qcGVnfGFXMWhaMlZ6TDJoa05DOW9aamt2T1RNME1USXdPVGsyT0RZM01DNXFjR2N8ZGYyMmI1M2EyMzAyYmY1ZmE5ZTgxZTQ3Mjc1ZjJkMzJiYTdlOWMzNWMzYTUzM2QyZjIzYmRlM2JjMzQ4NzhjNg&v=1576796822723",
            "https://www.heinemann.com.au/medias/1117499-1-527Wx527H?context=bWFzdGVyfGltYWdlc3wzNDg3NHxpbWFnZS9qcGVnfGFHVmhMMmhpTVM4NU5qTXdOelUwTXpRd09EazBMekV4TVRjME9UbGZNVjgxTWpkWGVEVXlOMGd8YjY5OGE4ODUzNTkzNjc1YTM1Y2JkZTFmOTExMWZiM2Q4NzkxMWExZWFkM2E4M2E4NGJhMGVmMGYxYTY4MGY5ZA&v=1635888410126",
            "https://www.heinemann.com.au/medias/1117499-2-527Wx527H?context=bWFzdGVyfGltYWdlc3wzMjY4NXxpbWFnZS9qcGVnfGFHTXlMMmhoWVM4NU5qTXdOelUwTlRjd01qY3dMekV4TVRjME9UbGZNbDgxTWpkWGVEVXlOMGd8OWIwNmQxNDE1OTA5MmEzNTkwYzcyMmZiOTAyM2VjNTQyN2UwOGViZTIxMGMwMzcyYThjYjNkNjNmMjdlZmQ1Mg&v=1635888412378"
        ]
    },
    {
        "product_url": "https://www.heinemann.com.au/en/sydt1/guigal/guigal-crozes-hermitage-aoc-dry-red-0-75l/p/000000000000926810/",
        "brand_name": "Guigal",
        "brand_url": "https://www.heinemann.com.au/en/sydt1/guigal/c/BRAND_4978/",
        "product_name": "Guigal, Crozes-Hermitage, AOC, dry, red 0.75L",
        "quantity": "0.75\u00a0l",
        "price": "$50.00",
        "price_per_quantity": "($66.67 / 1 l)",
        "stock_availability": "Low stock",
        "description": "A wine filled with fruit and all the charm and spices of the Syrah from the northern Rh\u00f4ne.",
        "primary_image": "https://www.heinemann.com.au/medias/527Wx527H-null?context=bWFzdGVyfGltYWdlc3wzODc1N3xpbWFnZS9qcGVnfGFESm1MMmcwWlM4eE1UUTFNakEzTnpjMk9EY3pOQzgxTWpkWGVEVXlOMGhmYm5Wc2JBfDI5YjM4NDYxYzM1YTc2MGUyZjhiZWVjYjgxMGE1ZWY3ZGExZDRhMGYyNWU3ZWU1MWU5OTYzODRkZDA2ZmI1YzA&v=1732829512504",
        "images": []
    },
    {
        "product_url": "https://www.heinemann-shop.com/en/global/nutisal/nutisal-dry-roasted-cashew-pepper-salt-140g/p/000000000001251808/",
        "brand_name": "Nutisal",
        "brand_url": "https://www.heinemann-shop.com/en/global/nutisal/c/BRAND_6040/",
        "product_name": "Nutisal Dry Roasted Cashew Pepper&Salt 140g",
        "quantity": "0.14\u00a0kg",
        "price": "\u20ac6.90",
        "price_per_quantity": "(\u20ac49.29 / 1 kg)",
        "stock_availability": "In stock, immediately available",
        "description": "Nutisal is dry roasting the nuts, instead of deep-frying them. By dry roasting we preserve all the healthy ingredients and properties of the nuts. So you may say that we do not complicate things at Nutisal, thus allowing the nuts to be as natural as possible. By only using high-quality large nuts that we dry roast and spice up, we create the perfect mixes for all occasions.",
        "primary_image": "https://www.heinemann-shop.com/medias/527Wx527H-null?context=bWFzdGVyfGltYWdlc3w3NDIwOXxpbWFnZS9qcGVnfGFHRmxMMmcxTlM4eE1UWTNORGcwTVRrd056SXpNQzgxTWpkWGVEVXlOMGhmYm5Wc2JBfGFiYjVhNjQ1MGQ1ZWIyNTczZGEwMDM1Y2M2N2U4MDdiNjk3YTViZjQxZDcwZDY4OGU2NDEzYWNiZWI1ZjRjNzU&v=1737667582770",
        "images": []
    },
    {
        "product_url": "https://www.heinemann.com.au/en/sydt1/jacob-s-creek/jacob-s-creek-barossa-shiraz-0-75l/p/000000000001117493/",
        "brand_name": "Jacob's Creek",
        "brand_url": "https://www.heinemann.com.au/en/sydt1/jacob-s-creek/c/BRAND_2743/",
        "product_name": "Jacob's Creek Barossa Shiraz 0.75L",
        "quantity": "0.75\u00a0l",
        "price": "$17.00",
        "price_per_quantity": "($22.67 / 1 l)",
        "stock_availability": "In stock",
        "description": "Jacob's Creek is one of the most well known, trusted and enjoyed Australian wines around the world. It delivers fresh, elegant and great tasting wines that show true varietal character. The philosophy of Jacob's Creek is to offer a range of wines that suit all occasions.",
        "primary_image": "https://www.heinemann.com.au/medias/1117493-527Wx527H?context=bWFzdGVyfGltYWdlc3wzNTQ5MXxpbWFnZS9qcGVnfGFXMWhaMlZ6TDJneU9DOW9aamN2T1RNME1EazRNell3TnpNeU5pNXFjR2N8MGE0ZDczNDEzNjUxMjQxZTQ5NWE2YmVkZjY4ODU3ZWYyZmY0Mzg2ZmY4ZThmMWU0ODgzZjhhYmU0NzRkNzAyOA&v=1576793287992",
        "images": [
            "https://www.heinemann.com.au/medias/1117493-527Wx527H?context=bWFzdGVyfGltYWdlc3wzNTQ5MXxpbWFnZS9qcGVnfGFXMWhaMlZ6TDJneU9DOW9aamN2T1RNME1EazRNell3TnpNeU5pNXFjR2N8MGE0ZDczNDEzNjUxMjQxZTQ5NWE2YmVkZjY4ODU3ZWYyZmY0Mzg2ZmY4ZThmMWU0ODgzZjhhYmU0NzRkNzAyOA&v=1576793287992",
            "https://www.heinemann.com.au/medias/1117493-1-527Wx527H?context=bWFzdGVyfGltYWdlc3wzMjA1MXxpbWFnZS9qcGVnfGFEZGtMMmhsTnk4NU5qTXdOelV6TkRJek16a3dMekV4TVRjME9UTmZNVjgxTWpkWGVEVXlOMGd8OTk0MGYyNzE1ZWVlM2QxM2YxN2NhN2Y5YjQ1ZDBlYjIxMTk5OTE2MDFiZWRmYWM4MDU3ZThhYjYwZjM1YTgyZg&v=1635888402350"
        ]
    },
    {
        "product_url": "https://www.heinemann.com.au/en/sydt1/st-hugo/st-hugo-single-vineyard-hahn-valley-shiraz-0-75l/p/000000000001559025/",
        "brand_name": "St Hugo",
        "brand_url": "https://www.heinemann.com.au/en/sydt1/st-hugo/c/BRAND_6518/",
        "product_name": "St Hugo Single Vineyard Hahn Valley Shiraz 0.75L",
        "quantity": "0.75\u00a0l",
        "price": "$74.00",
        "price_per_quantity": "($98.67 / 1 l)",
        "stock_availability": "Low stock",
        "description": "Where Private Collection explored sub-regional impacts, Single Vineyard hones in further to individual vineyard sites. A limited annual release of Single Vineyard wines that seek to lift the curtain and invite consumers to explore the vineyards with our Chief Winemaker, Peter Munro.",
        "primary_image": "https://www.heinemann.com.au/medias/527Wx527H-null?context=bWFzdGVyfGltYWdlc3wyNjk1MnxpbWFnZS9qcGVnfGFEQXlMMmcwWkM4NU56STBOelUxTnpBMU9EZzJMelV5TjFkNE5USTNTRjl1ZFd4c3w3ZjBkODdiODJhMzM2YzJkYjcxYjc3YTFmZDdjN2M0MzYyZmU5MTFkYWEzMzI0Zjk1NDEyYWQ0YTk3YzBlZmRh&v=1671656835453",
        "images": []
    },
    {
        "product_url": "https://www.heinemann-shop.com/en/global/nic-nac-s/nic-nac-s-volles-rohr-333g/p/000000000001472456/",
        "brand_name": "Nic Nac's",
        "brand_url": "https://www.heinemann-shop.com/en/global/nic-nac-s/c/BRAND_5454/",
        "product_name": "Nic Nac's Volles Rohr 333g",
        "quantity": "0.333\u00a0kg",
        "price": "\u20ac9.90",
        "price_per_quantity": "(\u20ac29.73 / 1 kg)",
        "stock_availability": "In stock, immediately available",
        "description": "The Double-Crunch-Peanuts! Is there anything more satisfying than a good \"crunch\"? Of course: a double crunch! If you are looking for more than just a nibble then our NicNac's are just the thing for you! Spicy and doubly crunchy! Volles Rohr is ideal for you and your friends as a party snack, for TV nights and as a treat in between as well. Give it a crunch with NicNac's!",
        "primary_image": "https://www.heinemann-shop.com/medias/527Wx527H-null?context=bWFzdGVyfGltYWdlc3w1MjU1OHxpbWFnZS9qcGVnfGFHWTFMMmcwWVM4eE1UYzRNalkwT0RjMU9ETXdNaTgxTWpkWGVEVXlOMGhmYm5Wc2JBfGJlNjFlNGNlY2YxYjBjZjAyYjAyYzM3Yzc4MzVlMjljNDU2MzE1MzRlOTFlNjQ1MjVjODg3MDlhOGVmOTllOGU&v=1739832098381",
        "images": []
    },
    {
        "product_url": "https://www.heinemann.com.au/en/sydt1/jacob-s-creek/jacob-s-creek-double-barrel-vsop-shiraz-0-75l/p/000000000001514091/",
        "brand_name": "Jacob's Creek",
        "brand_url": "https://www.heinemann.com.au/en/sydt1/jacob-s-creek/c/BRAND_2743/",
        "product_name": "Jacob's Creek Double Barrel VSOP Shiraz 0.75L",
        "quantity": "0.75\u00a0l",
        "price": "$65.00",
        "price_per_quantity": "($86.67 / 1 l)",
        "stock_availability": "Low stock",
        "description": "A unique limited release that showcases Australian Shiraz and Jacob's Creek innovative double barrel technique utilizing VSOP barrels. First the wine is aged in French oak then finihsed aging in VSOP barrels that previously held the finest cognac, adding spiced fruit characters, integration, smoothness and depth of flavour",
        "primary_image": "https://www.heinemann.com.au/medias/1514091-527Wx527H?context=bWFzdGVyfGltYWdlc3wyNzMwOXxpbWFnZS9qcGVnfGFERTNMMmhrT1M4NU5qWTJOVEEzTmpZNU5UTTBMekUxTVRRd09URmZOVEkzVjNnMU1qZEl8YjkyZDM1MDgyODQzNzM3MzZkY2MzNTFjZTdiMDhhYzVlMDEwMmZmZjhiYzA2ZGY4Y2MwMzhiMTFkMTRmZWQyOQ&v=1647983321158",
        "images": []
    },
    {
        "product_url": "https://www.heinemann.com.au/en/sydt1/penfolds/penfolds-bin-8-shiraz-cabernet-south-australia-dry-red-0-75l/p/000000000000114884/",
        "brand_name": "",
        "brand_url": "https://www.heinemann.com.au/en/sydt1/penfolds/penfolds-bin-8-shiraz-cabernet-south-australia-dry-red-0-75l/p/000000000000114884/",
        "product_name": "Penfolds, Bin 8, Shiraz/Cabernet, South Australia, dry, red 0.75L",
        "quantity": "0.75\u00a0l",
        "price": "$45.00",
        "price_per_quantity": "($60.00 / 1 l)",
        "stock_availability": "In stock",
        "description": "Bin 8 has been crafted in the traditional Penfolds style. Ripe, balanced fruit flavours are supported by softly integrated oak resulting in an impressive, smooth red wine. It was introduced in response to a heightened interest in shiraz and cabernet blend",
        "primary_image": "https://www.heinemann.com.au/medias/527Wx527H-null?context=bWFzdGVyfGltYWdlc3wyNTA0M3xpbWFnZS9qcGVnfGFHWXpMMmhpTVM4eE1UZ3hOemt6TkRJeU5UUXpPQzgxTWpkWGVEVXlOMGhmYm5Wc2JBfDQ3Mzk0NjE4M2VlZDJlZWIyN2VhMjEyNTk1NzlhYzRlYjM4MjViNjg3ZDRkNzRkZDUzYWZjYzQ5ZDQ3YjQ4MjU&v=1740520074332",
        "images": []
    },
    {
        "product_url": "https://www.heinemann.com.au/en/sydt1/jacob-s-creek/jacob-s-creek-adelaide-hills-pinot-noir-0-75l/p/000000000001117492/",
        "brand_name": "Jacob's Creek",
        "brand_url": "https://www.heinemann.com.au/en/sydt1/jacob-s-creek/c/BRAND_2743/",
        "product_name": "Jacob's Creek Adelaide Hills Pinot Noir 0.75L",
        "quantity": "0.75\u00a0l",
        "price": "$17.00",
        "price_per_quantity": "($22.67 / 1 l)",
        "stock_availability": "Low stock",
        "description": "Jacob's Creek is one of the most well known, trusted and enjoyed Australian wines around the world. It delivers fresh, elegant and great tasting wines that show true varietal character. The philosophy of Jacob's Creek is to offer a range of wines that suit all occasions.",
        "primary_image": "https://www.heinemann.com.au/medias/1117492-527Wx527H?context=bWFzdGVyfGltYWdlc3w0ODM2N3xpbWFnZS9qcGVnfGFXMWhaMlZ6TDJnME1pOW9aRFl2T1RNME1Ea3lNek14TkRJd05pNXFjR2N8ZGRhNzVkOGE0ZTJjYTJiZTdlMjRkNGVlMDc0OTI2OGQxZjNhZGYyMTg0YjhjOTQxNTc0NTRhZTMxYzk1NGFjNA&v=1576792819101",
        "images": [
            "https://www.heinemann.com.au/medias/1117492-527Wx527H?context=bWFzdGVyfGltYWdlc3w0ODM2N3xpbWFnZS9qcGVnfGFXMWhaMlZ6TDJnME1pOW9aRFl2T1RNME1Ea3lNek14TkRJd05pNXFjR2N8ZGRhNzVkOGE0ZTJjYTJiZTdlMjRkNGVlMDc0OTI2OGQxZjNhZGYyMTg0YjhjOTQxNTc0NTRhZTMxYzk1NGFjNA&v=1576792819101",
            "https://www.heinemann.com.au/medias/1117492-2-527Wx527H?context=bWFzdGVyfGltYWdlc3wzODE0NXxpbWFnZS9qcGVnfGFEQTJMMmhrWlM4NU5qTXdOelV6TVRrME1ERTBMekV4TVRjME9USmZNbDgxTWpkWGVEVXlOMGd8OWJmYjFiZTBmMjMzMjY2NmY1MzQyODNhNmUyNDQ0MThjODM4MzA1ZmUyY2EyY2Q5NGZmOWNlYTEzYTUxY2IwZg&v=1635888400530",
            "https://www.heinemann.com.au/medias/1117492-1-527Wx527H?context=bWFzdGVyfGltYWdlc3wzMjY4NXxpbWFnZS9qcGVnfGFETXpMMmc0Wmk4NU5qTXdOelV5T1RZME5qTTRMekV4TVRjME9USmZNVjgxTWpkWGVEVXlOMGd8M2YyZWJjZDMzYmM1OWJhYWQ5NTE1NjMyOGFjYjUyMmUxZDg4NjkyNWFhNGMwYzJkNzg1ZDBhMDlhNTE2YWMzYw&v=1635888398641"
        ]
    },
    {
        "product_url": "https://www.heinemann.com.au/en/sydt1/ornellaia/ornellaia-bolgheri-doc-superiore-dry-red-0-75l/p/000000000000693727/",
        "brand_name": "Ornellaia",
        "brand_url": "https://www.heinemann.com.au/en/sydt1/ornellaia/c/BRAND_4580/",
        "product_name": "Ornellaia, Bolgheri, DOC Superiore, dry, red, 0.75L",
        "quantity": "0.75\u00a0l",
        "price": "$476.00",
        "price_per_quantity": "($634.67 / 1 l)",
        "stock_availability": "Low stock",
        "description": "Ornellaia is a cuv\u00e9e of Cabernet Sauvignon, Merlot, Petit Verdot & Cabernet Franc and the faithful expression of our unique terroir developed in harmony with nature. First vintage was dated 1985. It is a wine with a great ageing capacity, well balanced, characterized by powerful elegance and delicate tannins.",
        "primary_image": "https://www.heinemann.com.au/medias/527Wx527H-null?context=bWFzdGVyfGltYWdlc3wzNTExMnxpbWFnZS9qcGVnfGFEQmtMMmd6WVM4eE1EWTVNams0TWpjek5EZzNPQzgxTWpkWGVEVXlOMGhmYm5Wc2JBfDUzMmNhNjIwY2VjZTBiMzI3ZjcxZmQ3OWUwMzk1Y2EwMGI0NjYzNThjODk1M2I0N2NlMTIzOTdmODdhODFiMTk&v=1716582317149",
        "images": []
    },
    {
        "product_url": "https://www.heinemann.com.au/en/sydt1/condado-de-haza/condado-de-haza-crianza-ribera-del-duero-dry-red-0-75l/p/000000000000172775/",
        "brand_name": "Condado de Haza",
        "brand_url": "https://www.heinemann.com.au/en/sydt1/condado-de-haza/c/BRAND_5007/",
        "product_name": "Condado de Haza, Crianza, Ribera del Duero, dry, red, 0.75L",
        "quantity": "0.75\u00a0l",
        "price": "$30.00",
        "price_per_quantity": "($40.00 / 1 l)",
        "stock_availability": "Low stock",
        "description": "A fantastic Ribera del Duero wine, made by Alejandro Fern\u00e1ndez the creator of the famous Tinto Pesquera. One of the best relations between quality and price.",
        "primary_image": "https://www.heinemann.com.au/medias/527Wx527H-null?context=bWFzdGVyfGltYWdlc3wzMjY2M3xpbWFnZS9qcGVnfGFEaGpMMmhoWkM4NU9EQXdOekF4TmpRd056TTBMelV5TjFkNE5USTNTRjl1ZFd4c3xkNjFkMTM0OTEwODViNDcyMzk5Yzk0NWU4Mzk3MDhhYWQ3N2RlZDY2YTljNjFiNGRhYzllNDc5NGIzNWU3M2Iy&v=1691443255977",
        "images": []
    },
    {
        "product_url": "https://www.heinemann.com.au/en/sydt1/jacob-s-creek/jacob-s-creek-biodynamic-shiraz-2016-0-75l/p/000000000001513948/",
        "brand_name": "Jacob's Creek",
        "brand_url": "https://www.heinemann.com.au/en/sydt1/jacob-s-creek/c/BRAND_2743/",
        "product_name": "Jacob's Creek Biodynamic Shiraz 2016 0.75L",
        "quantity": "0.75\u00a0l",
        "price": "$85.00",
        "price_per_quantity": "($113.33 / 1 l)",
        "stock_availability": "Low stock",
        "description": "Premium fruit was handpicked from old vines in a McLaren Vale vineyard that has been certified biodynamic according to strict international standards. The grapes are basket pressed by the phases of the moon as per biodynamic principles before aged for 23 months in oak hogsheads before bottling",
        "primary_image": "https://www.heinemann.com.au/medias/1513948-527Wx527H?context=bWFzdGVyfGltYWdlc3wyODQzOXxpbWFnZS9qcGVnfGFERm1MMmd3T1M4NU5qVTVNRFUzTlRBME1qZzJMekUxTVRNNU5EaGZOVEkzVjNnMU1qZEl8ZDAxNDZhYWM2ZWNhYmJmYTRlOTA5NDBhMTQyY2I5ZWIzYzYwYzk0ZGM0NDFmMGZmNDQxNmE4MjE1MWQwOWQ2MA&v=1645219102741",
        "images": []
    },
    {
        "product_url": "https://www.heinemann-shop.com/en/global/patatas-fritas-torres/torres-selecta-sparkling-wine-flavoured-premium-potato-chips-150g/p/000000000001443081/",
        "brand_name": "Patatas Fritas Torres",
        "brand_url": "https://www.heinemann-shop.com/en/global/patatas-fritas-torres/c/BRAND_8528/",
        "product_name": "Torres Selecta Sparkling Wine Flavoured Premium Potato Chips 150g",
        "quantity": "0.15\u00a0kg",
        "price": "",
        "price_per_quantity": "(\u20ac42.00 / 1 kg)",
        "stock_availability": "",
        "description": "Sparkling Wine Flavoured Premium Potato Chips",
        "primary_image": "https://www.heinemann-shop.com/medias/1443081-527Wx527H?context=bWFzdGVyfGltYWdlc3w1Mzk2M3xpbWFnZS9qcGVnfGFEazVMMmd6Tmk4NU5qa3pOVFU1TlRVME1EYzRMekUwTkRNd09ERmZOVEkzVjNnMU1qZEl8Njg2YWYwMGI1YjZjNDdhYWU5YmNjNTE0OGYwN2Q2MzMzMDRlYmY2N2FkOTQ2NTUxZWU5MDlhOTQ1YmM1YzA5Yg&v=1657141095824",
        "images": []
    },
    {
        "product_url": "https://www.heinemann.com.au/en/sydt1/grey-goose/grey-goose-white-peach-rosemary-vodka-30vol-1l/p/000000000001497204/",
        "brand_name": "Grey Goose",
        "brand_url": "https://www.heinemann.com.au/en/sydt1/grey-goose/c/BRAND_2705/",
        "product_name": "Grey Goose White Peach & Rosemary Vodka 30% 1L",
        "quantity": "1\u00a0l",
        "price": "$68.80",
        "price_per_quantity": "($68.80 / 1 l)",
        "stock_availability": "In stock",
        "description": "Grey Goose Essences White Peach and Rosemary Vodka is a vodka infused with real fruit and botanical essences that delivers a smooth taste for your favorite mixed drinks. Imagined in France, this vodka liquor with natural flavors captures the best flavors from the very best botanical ingredients with real fruit picked at the peak of freshness. Soft and gentle aromas of floral white peach are lifted with a touch of savory rosemary for a naturally delicate taste. Bright and crisp on the palate, this peach vodka with natural flavors offers a light and delicate finish.",
        "primary_image": "https://www.heinemann.com.au/medias/527Wx527H-null?context=bWFzdGVyfGltYWdlc3wzNDk5OHxpbWFnZS9qcGVnfGFEVXdMMmd3TVM4eE1EZzJOVE01TnpNMk5qZ3hOQzgxTWpkWGVEVXlOMGhmYm5Wc2JBfDJiOTYyZDE3OGE4MTVjNWQ4ODU4ZGE5NjlmNzc1MzYyNTgwYzUzMTQ1NWNmMjBlN2Q5Yjc5NTA5NmVjNzA1MDE&v=1720644409675",
        "images": [
            "https://www.heinemann.com.au/medias/527Wx527H-null?context=bWFzdGVyfGltYWdlc3wzNDk5OHxpbWFnZS9qcGVnfGFEVXdMMmd3TVM4eE1EZzJOVE01TnpNMk5qZ3hOQzgxTWpkWGVEVXlOMGhmYm5Wc2JBfDJiOTYyZDE3OGE4MTVjNWQ4ODU4ZGE5NjlmNzc1MzYyNTgwYzUzMTQ1NWNmMjBlN2Q5Yjc5NTA5NmVjNzA1MDE&v=1720644409675",
            "https://www.heinemann.com.au/medias/527Wx527H-null?context=bWFzdGVyfGltYWdlc3w0NTQxNnxpbWFnZS9qcGVnfGFHTXhMMmc0WVM4eE1EZzJOVFF3TVRreU1UVTJOaTgxTWpkWGVEVXlOMGhmYm5Wc2JBfDk5ZjlhN2FiNzJmMWRjNGZjMWI2MTlmMjYxM2NhOWY2NjQ2ZDRkNGFkMTAyYTNkZjQ1OGNmNGFkOGIyNzJiNDY&v=1720644866193"
        ]
    },
    {
        "product_url": "https://www.heinemann-shop.com/en/global/nic-nac-s/nicnac-s-xl-fun-pack-200g/p/000000000001451034/",
        "brand_name": "Nic Nac's",
        "brand_url": "https://www.heinemann-shop.com/en/global/nic-nac-s/c/BRAND_5454/",
        "product_name": "NicNac's XL Fun-Pack 200g",
        "quantity": "0.2\u00a0kg",
        "price": "\u20ac6.30",
        "price_per_quantity": "(\u20ac31.50 / 1 kg)",
        "stock_availability": "In stock, immediately available",
        "description": "The Double-Crunch-Peanuts! Is there anything more satisfying than a good \"crunch\"? Of course: a double crunch! If you are looking for more than just a nibble then our NicNac's are just the thing for you! Spicy and doubly crunchy! Give it a crunch with NicNac's!",
        "primary_image": "https://www.heinemann-shop.com/medias/527Wx527H-null?context=bWFzdGVyfGltYWdlc3w5NTkzNnxpbWFnZS9qcGVnfGFHTm1MMmcwTUM4eE1UYzRNalkwT0RRMk16TTVNQzgxTWpkWGVEVXlOMGhmYm5Wc2JBfGZmOTRjYTk4OWU3MmFkYzdhNGJkNTBkNDE3YWNiNTQ1NjYyNzk5MTUxNTgwZTMwMWM5NWI1ZDNlYTNmMDRlODg&v=1739832085513",
        "images": []
    },
    {
        "product_url": "https://www.heinemann.com.au/en/sydt1/grey-goose/grey-goose-vodka-twinpack-40vol-2x1l/p/000000000001199197/",
        "brand_name": "Grey Goose",
        "brand_url": "https://www.heinemann.com.au/en/sydt1/grey-goose/c/BRAND_2705/",
        "product_name": "Grey Goose Vodka Twinpack 40% 2x1L",
        "quantity": "2\u00a0l",
        "price": "$165.00",
        "price_per_quantity": "($82.50 / 1 l)",
        "stock_availability": "",
        "description": "The world's first super premium vodka from France. GREY GOOSE\u00ae is crafted using the finest French winter wheat from Picardie and pure natural spring water from Gensac-la-Pallue. GREY GOOSE\u00ae was created by Fran\u00e7ois Thibault, the Cellar Master who continues to oversee every  batch made today. From Cognac in France, this breakthrough wheat-based small-batch ultra-premium vodka has achieved global success and won a Platinum medal at the World Spirits Championship.",
        "primary_image": "https://www.heinemann.com.au/medias/527Wx527H-null?context=bWFzdGVyfGltYWdlc3w1ODU0OXxpbWFnZS9qcGVnfGFEQmtMMmhsTkM4eE1EVTVNRE15TkRZMU5ERXhNQzgxTWpkWGVEVXlOMGhmYm5Wc2JBfDg0NGJlMzUxNGQ3NzQ1MzFjOTkyN2E2NWQ1YTNkNDZkMTI3ZDg1YWQ1OGI3MGFjMDExM2JlYzViMzkzYTMzODc&v=1713867754424",
        "images": [
            "https://www.heinemann.com.au/medias/527Wx527H-null?context=bWFzdGVyfGltYWdlc3w1ODU0OXxpbWFnZS9qcGVnfGFEQmtMMmhsTkM4eE1EVTVNRE15TkRZMU5ERXhNQzgxTWpkWGVEVXlOMGhmYm5Wc2JBfDg0NGJlMzUxNGQ3NzQ1MzFjOTkyN2E2NWQ1YTNkNDZkMTI3ZDg1YWQ1OGI3MGFjMDExM2JlYzViMzkzYTMzODc&v=1713867754424",
            "https://www.heinemann.com.au/medias/527Wx527H-null?context=bWFzdGVyfGltYWdlc3w1NDE5NHxpbWFnZS9qcGVnfGFEWmtMMmd4Tnk4eE1EVTVNRE15TnpNM016ZzFOQzgxTWpkWGVEVXlOMGhmYm5Wc2JBfGUxNGI1OTlmMzcwYzQ3Y2YxYjJmMjFiMWE3NGRhODRkOWU5MWRkYjc4YmY2OGM3ZGUzZTUyOTIyN2M5OTYwYjk&v=1713867854917"
        ]
    },
    {
        "product_url": "https://www.heinemann.com.au/en/sydt1/grey-goose/grey-goose-vodka-40vol-4-5l/p/000000000001295282/",
        "brand_name": "Grey Goose",
        "brand_url": "https://www.heinemann.com.au/en/sydt1/grey-goose/c/BRAND_2705/",
        "product_name": "Grey Goose Vodka 40% 4.5L",
        "quantity": "4.5\u00a0l",
        "price": "$470.00",
        "price_per_quantity": "($104.44 / 1 l)",
        "stock_availability": "Low stock",
        "description": "From field to bottle, every aspect of the creation of Grey Goose is devoted to the crafting of the world's finest-tasting vodka. With the finest French ingredients, soft winter wheat and Gensac spring water, all wedded to our unique production process, we ensure a distinctive character and unparalleled taste.",
        "primary_image": "https://www.heinemann.com.au/medias/1295282-527Wx527H?context=bWFzdGVyfGltYWdlc3wzNTEyNXxpbWFnZS9qcGVnfGFERmlMMmhpTXk4NU5UZzBNVEE0TURRME16RTRMekV5T1RVeU9ESmZOVEkzVjNnMU1qZEl8Yjk3MDBkNjk3YjAwOTQ4YWU2MzhkYzVjNjI0YjFiOTFhMTMzODJhZTc5ZTZkYzgwNDQxNjRiNDkzY2U5NjMxYw&v=1619158294498",
        "images": []
    },
    {
        "product_url": "https://www.heinemann.com.au/en/sydt1/smirnoff/smirnoff-no-21-red-vodka-37vol-1l/p/000000000001502511/",
        "brand_name": "Smirnoff",
        "brand_url": "https://www.heinemann.com.au/en/sydt1/smirnoff/c/BRAND_0294/",
        "product_name": "Smirnoff No.21 Red Vodka 37% 1L",
        "quantity": "1\u00a0l",
        "price": "$45.00",
        "price_per_quantity": "($45.00 / 1 l)",
        "stock_availability": "In stock",
        "description": "Smirnoff is the most awarded name in vodka, with countless years of heritage and unmatched quality sold in over 130 countries. It is triple distilled from a blend of different grains and filtered ten times through seven columns of environmentally sustainable charcoal for an exceptionally pure-tasting, smooth spirit.",
        "primary_image": "https://www.heinemann.com.au/medias/1502511-527Wx527H?context=bWFzdGVyfGltYWdlc3wzODUxMXxpbWFnZS9qcGVnfGFEa3dMMmd4WlM4NU5qVXpNVGsxTnpNMU1EY3dMekUxTURJMU1URmZOVEkzVjNnMU1qZEl8NTM1M2NhYTljM2I5M2U5ZjBkM2MwOTQ0YjY5YjhhZTI0NGFkMjE3NGFiZDAyMWRlYzZjZWVmYmVlODNkYWVmOA&v=1642540636666",
        "images": []
    },
    {
        "product_url": "https://www.heinemann.com.au/en/sydt1/grey-goose/grey-goose-essences-watermelon-basil-30vol-1l/p/000000000001506782/",
        "brand_name": "Grey Goose",
        "brand_url": "https://www.heinemann.com.au/en/sydt1/grey-goose/c/BRAND_2705/",
        "product_name": "Grey Goose Essences Watermelon & Basil 30% 1L",
        "quantity": "1\u00a0l",
        "price": "$68.80",
        "price_per_quantity": "($68.80 / 1 l)",
        "stock_availability": "In stock",
        "description": "Within the growth of the health and wellness sub-category  in vodka, Grey Goose is poised to lead with the intro of  Grey Goose Essences. Essences come in three trend-forward flavor expressions:  Strawberry and Lemongrass, Watermelon and Basil, and White  Peach and Rosemary.  The product features a lower ABV (30%),  all-natural, hand-selected fruits and botanicals, with no sugar,  carbs, gluten or artificial flavoring.",
        "primary_image": "https://www.heinemann.com.au/medias/1506782-527Wx527H?context=bWFzdGVyfGltYWdlc3wyOTkyM3xpbWFnZS9qcGVnfGFERTJMMmc1Tnk4NU5qazBORFU1T1RVek1UZ3lMekUxTURZM09ESmZOVEkzVjNnMU1qZEl8Yjc3ZGM4MjgyYmRiNDA5NzhlNjFkNWY0M2I1N2I5ODFlMmRiYmU4MWJkMTE4Mjk4NjllY2M5NDdjMzYzOTRjOA&v=1657658038749",
        "images": []
    },
    {
        "product_url": "https://www.heinemann.com.au/en/sydt1/danzka/danzka-vodka-cranraz-40vol-1l/p/000000000000735243/",
        "brand_name": "Danzka",
        "brand_url": "https://www.heinemann.com.au/en/sydt1/danzka/c/BRAND_1157/",
        "product_name": "Danzka Vodka Cranraz 40% 1L",
        "quantity": "1\u00a0l",
        "price": "$40.00",
        "price_per_quantity": "($40.00 / 1 l)",
        "stock_availability": "",
        "description": "\u2022 Danish design: innovative aluminum bottle that stands out but also has functional benefits.",
        "primary_image": "https://www.heinemann.com.au/medias/527Wx527H-null?context=bWFzdGVyfGltYWdlc3wzMjQ3MXxpbWFnZS9qcGVnfGFHSm1MMmd5WlM4eE1USTRORFUyTXpVNU1URTVPQzgxTWpkWGVEVXlOMGhmYm5Wc2JBfGMzMGY4Y2ZmNTQ4OTg4Mzg2Yzc0N2UyNmE4OGQ3ZjFkNDNhODc1ZjllMzk5ZGI4OWVjMjQ1ZTY1NjI3ZTZhOGY&v=1729291279106",
        "images": []
    },
    {
        "product_url": "https://www.heinemann.com.au/en/sydt1/danzka/danzka-vodka-40vol-1l/p/000000000000071571/",
        "brand_name": "Danzka",
        "brand_url": "https://www.heinemann.com.au/en/sydt1/danzka/c/BRAND_1157/",
        "product_name": "Danzka Vodka 40% 1L",
        "quantity": "1\u00a0l",
        "price": "$41.00",
        "price_per_quantity": "($41.00 / 1 l)",
        "stock_availability": "",
        "description": "\u2022 Danish design: innovative aluminium bottle that stands out but also has functional benefits.",
        "primary_image": "https://www.heinemann.com.au/medias/527Wx527H-null?context=bWFzdGVyfGltYWdlc3wzMjA5NXxpbWFnZS9qcGVnfGFEQm1MMmczTVM4eE1USTROREF4TmpRMk16a3dNaTgxTWpkWGVEVXlOMGhmYm5Wc2JBfDYxYTNlNjY0MzFkMDlmODZhZGQxZTY1NzMzNjgzNGU5OWJhYThlYjI5ODBkNTZjNzA4MjcwYjk0MjFlYWZhZTY&v=1729288458938",
        "images": []
    },
    {
        "product_url": "https://www.heinemann.com.au/en/sydt1/grey-goose/grey-goose-strawberry-lemongrass-vodka-30vol-1l/p/000000000001497701/",
        "brand_name": "Grey Goose",
        "brand_url": "https://www.heinemann.com.au/en/sydt1/grey-goose/c/BRAND_2705/",
        "product_name": "Grey Goose Strawberry & Lemongrass Vodka 30% 1L",
        "quantity": "1\u00a0l",
        "price": "$68.80",
        "price_per_quantity": "($68.80 / 1 l)",
        "stock_availability": "Low stock",
        "description": "Grey Goose Essences Strawberry & Lemongrass is a spirit made with GREY GOOSE Vodka infused with natural fruit and botanical essences. The subtle taste of freshly picked strawberries meets aromatic notes of lemongrass to deliver a vibrant, refreshing taste experience. Just pour it over ice and add premium tonic water, or another mixer of your choice, to create simple, delicious cocktails perfect for an afternoon in the garden with friends.",
        "primary_image": "https://www.heinemann.com.au/medias/527Wx527H-null?context=bWFzdGVyfGltYWdlc3wzODkzMHxpbWFnZS9qcGVnfGFEaGxMMmczWmk4eE1EZzJOVFUxT0RRMU5ETXdNaTgxTWpkWGVEVXlOMGhmYm5Wc2JBfGZmYmNiYjIzZGEyZGYzN2ViNTY4MWU1MmIyZjAzODk3M2ZjODA0ZWZkMTQyYzZiMjE2ZGQyMTk0MjQ4ZWE3YzY&v=1720647534435",
        "images": [
            "https://www.heinemann.com.au/medias/527Wx527H-null?context=bWFzdGVyfGltYWdlc3wzODkzMHxpbWFnZS9qcGVnfGFEaGxMMmczWmk4eE1EZzJOVFUxT0RRMU5ETXdNaTgxTWpkWGVEVXlOMGhmYm5Wc2JBfGZmYmNiYjIzZGEyZGYzN2ViNTY4MWU1MmIyZjAzODk3M2ZjODA0ZWZkMTQyYzZiMjE2ZGQyMTk0MjQ4ZWE3YzY&v=1720647534435",
            "https://www.heinemann.com.au/medias/527Wx527H-null?context=bWFzdGVyfGltYWdlc3w0NjM0MXxpbWFnZS9qcGVnfGFEUmlMMmc0Tmk4eE1EZzJOVFUyTVRnNU5EazBNaTgxTWpkWGVEVXlOMGhmYm5Wc2JBfDQyNWVhZjA4MmE0M2VlNDdkNWM1YzRhMjhiNjE5N2EzNGI4YTAxZGQ4MGU3OGJhYWQxZDMwNDRjM2IwNDFlNTM&v=1720647960059"
        ]
    },
    {
        "product_url": "https://www.heinemann-shop.com/en/global/pittjes/pittjes-pistachio-roasted-tin-300g/p/000000000000735513/",
        "brand_name": "Pittjes",
        "brand_url": "https://www.heinemann-shop.com/en/global/pittjes/c/BRAND_2949/",
        "product_name": "Pittjes Pistachio Roasted Tin, 300g",
        "quantity": "0.3\u00a0kg",
        "price": "\u20ac13.90",
        "price_per_quantity": "(\u20ac46.33 / 1 kg)",
        "stock_availability": "In stock, immediately available",
        "description": "Crunchy roasted and salted.",
        "primary_image": "https://www.heinemann-shop.com/medias/527Wx527H-null?context=bWFzdGVyfGltYWdlc3w4MTUxNnxpbWFnZS9qcGVnfGFERXdMMmd4WVM4eE1UZ3lPVGN4T1RrNU1ETXdNaTgxTWpkWGVEVXlOMGhmYm5Wc2JBfGZmOTY0YzE4NDA1Mzg3YThlYjlhMTNhN2Y3YTc3OWFhYTVjOWI3N2I0YWM4MjM2NTU4YzBhN2FiOWNkYzQwMzQ&v=1740778125433",
        "images": []
    },
    {
        "product_url": "https://www.heinemann.com.au/en/sydt1/danzka/danzka-vodka-apple-40vol-1l/p/000000000001098899/",
        "brand_name": "Danzka",
        "brand_url": "https://www.heinemann.com.au/en/sydt1/danzka/c/BRAND_1157/",
        "product_name": "Danzka Vodka Apple 40% 1L",
        "quantity": "1\u00a0l",
        "price": "$40.00",
        "price_per_quantity": "($40.00 / 1 l)",
        "stock_availability": "",
        "description": "Outstanding fruitiness and freshness coming from Green Apple flavours. The unique aluminiun bottle designed in Denmark - Is not only light and unbreakable - but allows Danzka to faster chill.",
        "primary_image": "https://www.heinemann.com.au/medias/527Wx527H-null?context=bWFzdGVyfGltYWdlc3wzODg1MnxpbWFnZS9qcGVnfGFHRmpMMmd6TlM4eE1USTRORFU0TXpRME9EWXdOaTgxTWpkWGVEVXlOMGhmYm5Wc2JBfDAxOTIyMzQxYmRkMWQ4MzY0NDllYWI2ZjA0YTY3YzUyNTgzZTgwMjcwMDU1ODU0YWZjNWMyYjM2MjQ2Y2MxYTM&v=1729293523264",
        "images": []
    },
    {
        "product_url": "https://www.heinemann-shop.com/en/global/saltletts/lorenz-saltletts-mini-bagel-with-provencal-herbs-100g/p/000000000001617729/",
        "brand_name": "Saltletts",
        "brand_url": "https://www.heinemann-shop.com/en/global/saltletts/c/BRAND_4772/",
        "product_name": "Lorenz Saltletts Mini Bagel with provencal herbs 100g",
        "quantity": "0.1\u00a0kg",
        "price": "\u20ac3.30",
        "price_per_quantity": "(\u20ac33.00 / 1 kg)",
        "stock_availability": "In stock, immediately available",
        "description": "Saltletts Mini Bagel is the crispy and tasty all-rounder! Unadulterated taste through carefully selected ingredients. With delicious herbs, chia, flax and sesame seeds, as well as sourdough & yeast, so that the Mini Bagels bake up so crispy. Without added flavour enhancers, suitable for vegetarians & vegans.",
        "primary_image": "https://www.heinemann-shop.com/medias/527Wx527H-null?context=bWFzdGVyfGltYWdlc3wxMDMwNTh8aW1hZ2UvanBlZ3xhRFZrTDJnNU1pOHhNVGM0TWpZMU1qTTJNamM0TWk4MU1qZFhlRFV5TjBoZmJuVnNiQXw4ZjI0YTAzMTk5MTA0MGJkMTFiZjFjMjhmNzVmYmE4ZmEwM2EyYzgzM2RlYjM0YTM1ZjU1NzNhMzg3ZDkyZDFh&v=1739832440461",
        "images": []
    },
    {
        "product_url": "https://www.heinemann-shop.com/en/global/m-m/m-m-s-peanut-milk-chocolate-covered-peanuts-in-a-sugar-shell-200g/p/000000000001626572/",
        "brand_name": "M&M",
        "brand_url": "https://www.heinemann-shop.com/en/global/m-m/c/BRAND_2969/",
        "product_name": "M&M's Peanut milk chocolate covered peanuts in a sugar shell 200g",
        "quantity": "0.2\u00a0kg",
        "price": "\u20ac5.30",
        "price_per_quantity": "(\u20ac26.50 / 1 kg)",
        "stock_availability": "In stock, immediately available",
        "description": "These world famous chocolates in a colorful candy shell are instantly recognizable all over the globe. M&M'S Peanut has a deliciouspeanut center surrounded by milk chocolate.",
        "primary_image": "https://www.heinemann-shop.com/medias/527Wx527H-null?context=bWFzdGVyfGltYWdlc3w3NTg5MXxpbWFnZS9qcGVnfGFEVmlMMmhrTXk4eE1UUTNOemc1TXprek9USXpNQzgxTWpkWGVEVXlOMGhmYm5Wc2JBfGEyZDQ5NmM5NmQ4MDc0M2UxMTgzODVmMTlmNWVjOTlmYjI1MWE1MzE5ZmE1MjhiMWFlZGY1MGVmYWVjMTgxYzc&v=1733433910583",
        "images": []
    },
    {
        "product_url": "https://www.heinemann-shop.com/en/global/al-rifai/al-rifai-paprika-chilli-lime-mix-250g/p/000000000001375442/",
        "brand_name": "Al Rifai",
        "brand_url": "https://www.heinemann-shop.com/en/global/al-rifai/c/BRAND_3164/",
        "product_name": "Al Rifai Paprika Chilli Lime Mix 250g",
        "quantity": "0.25\u00a0kg",
        "price": "\u20ac8.50",
        "price_per_quantity": "(\u20ac34.00 / 1 kg)",
        "stock_availability": "In stock, immediately available",
        "description": "Roasted and flavored nuts & kernelsCitrusy and with a little kick, our Paprika - Chili Lime mix has a zesty and refreshing twist.",
        "primary_image": "https://www.heinemann-shop.com/medias/527Wx527H-null?context=bWFzdGVyfGltYWdlc3w2NzQ0MHxpbWFnZS9qcGVnfGFERTNMMmhpTlM4eE1UTTVOVFk0TVRjeE5ESXdOaTgxTWpkWGVEVXlOMGhmYm5Wc2JBfDc2YTFlMzM0ODliMzE0ZmI3YjUyNmJjZDQyY2YzNzA3ZTk3NmM4M2E5YTdiZjdlMGZlYWYwZWMwZGEyNjdhY2E&v=1731360958530",
        "images": []
    },
    {
        "product_url": "https://www.heinemann.com.au/en/sydt1/danzka/danzka-vodka-grapefruit-40vol-1l/p/000000000000090718/",
        "brand_name": "Danzka",
        "brand_url": "https://www.heinemann.com.au/en/sydt1/danzka/c/BRAND_1157/",
        "product_name": "Danzka Vodka Grapefruit 40% 1L",
        "quantity": "1\u00a0l",
        "price": "$35.00",
        "price_per_quantity": "($35.00 / 1 l)",
        "stock_availability": "",
        "description": "\u2022 Danish design: innovative aluminum bottle that stands out but also has functional benefits.",
        "primary_image": "https://www.heinemann.com.au/medias/527Wx527H-null?context=bWFzdGVyfGltYWdlc3wzMjAyNnxpbWFnZS9qcGVnfGFHRTJMMmhrWVM4eE1USTROREF4TlRRNE1EZzJNaTgxTWpkWGVEVXlOMGhmYm5Wc2JBfDQwNzc1Yjg2YjlkMWI0YjJiNTJhMTg3OWEzOGNjNjUzMGJkYTBjYjU0OTgzNWExN2VjYzZlMDg3NDg5NzBmNGQ&v=1729288349535",
        "images": []
    },
    {
        "product_url": "https://www.heinemann-shop.com/en/global/pringles/original-70g/p/000000000001279388/",
        "brand_name": "Pringles",
        "brand_url": "https://www.heinemann-shop.com/en/global/pringles/c/BRAND_3809/",
        "product_name": "Original 70g",
        "quantity": "0.07\u00a0kg",
        "price": "",
        "price_per_quantity": "(\u20ac27.14 / 1 kg)",
        "stock_availability": "",
        "description": "A classic flavour for a classic crisp, Pringles Original crisps, with their iconic appearance and instantly recognisable shape. These delectable crisps are perfect for any party, get together, or afternoon snack. Enjoy the unique texture and the light, crisp, salty taste. Enjoy a mind popping experience with Pringles Original crisps.",
        "primary_image": "https://www.heinemann-shop.com/medias/527Wx527H-null?context=bWFzdGVyfGltYWdlc3w1MDgyNHxpbWFnZS9qcGVnfGFHVTNMMmhtTWk4eE1UYzRNalkwTlRjeE1EZzNPQzgxTWpkWGVEVXlOMGhmYm5Wc2JBfDM2MTA3MWIxNjdhNGZhY2ExMmEwMWE5YjMyYjdkZjQ1Y2RiOTY4ZDIyZTBmOTAyMTgzZjNhNDU1MDFlMDM4ZWM&v=1739831746820",
        "images": []
    },
    {
        "product_url": "https://www.heinemann-shop.com/en/global/al-rifai/al-rifai-spicy-mix-150g/p/000000000001188581/",
        "brand_name": "Al Rifai",
        "brand_url": "https://www.heinemann-shop.com/en/global/al-rifai/c/BRAND_3164/",
        "product_name": "Al Rifai Spicy Mix 150g",
        "quantity": "0.15\u00a0kg",
        "price": "\u20ac8.50",
        "price_per_quantity": "(\u20ac56.67 / 1 kg)",
        "stock_availability": "In stock, immediately available",
        "description": "A blend of nuts and kernels coated with an exquisite chili flavor to spice things up!",
        "primary_image": "https://www.heinemann-shop.com/medias/527Wx527H-null?context=bWFzdGVyfGltYWdlc3w1MDY4MHxpbWFnZS9qcGVnfGFHUTRMMmd4WWk4eE1UTTVOVFk0TXpZNE1ESTROaTgxTWpkWGVEVXlOMGhmYm5Wc2JBfDgyNjAxMzg1NTJlNGMxYzkzOTJmYjdiYWQ4YmY3NmY5NGU4OTA5MzA4M2UwZWQ4NjU4ODIzYmM1MjE2YzYyNDU&v=1731361070313",
        "images": []
    },
    {
        "product_url": "https://www.heinemann.com.au/en/sydt1/danzka/danzka-vodka-citrus-40vol-1l/p/000000000000020183/",
        "brand_name": "Danzka",
        "brand_url": "https://www.heinemann.com.au/en/sydt1/danzka/c/BRAND_1157/",
        "product_name": "Danzka Vodka Citrus 40% 1L",
        "quantity": "1\u00a0l",
        "price": "$40.00",
        "price_per_quantity": "($40.00 / 1 l)",
        "stock_availability": "",
        "description": "\u2022 Danish design: innovative aluminium bottle that stands out but also has functional benefits.",
        "primary_image": "https://www.heinemann.com.au/medias/527Wx527H-null?context=bWFzdGVyfGltYWdlc3wzMjMwNXxpbWFnZS9qcGVnfGFEQXpMMmhqTmk4eE1USTROREF3TmpZMk5qSTNNQzgxTWpkWGVEVXlOMGhmYm5Wc2JBfDIzMWY4MzFkNDc4M2NmYWM3NDc1YWFiYWYxNDY3MjRkNDViZTY5MTIxNTQwYjVhNDFjM2NmZjhjYjY5MGI5ZDk&v=1729287289354",
        "images": []
    },
    {
        "product_url": "https://www.heinemann.com.au/en/sydt1/danzka/danzka-vodka-twinpack-40vol-2x1l/p/000000000001184369/",
        "brand_name": "Danzka",
        "brand_url": "https://www.heinemann.com.au/en/sydt1/danzka/c/BRAND_1157/",
        "product_name": "Danzka Vodka Twinpack 40% 2x1L",
        "quantity": "2\u00a0l",
        "price": "$75.00",
        "price_per_quantity": "($37.50 / 1 l)",
        "stock_availability": "In stock",
        "description": "This is the ultimate Scandinavian Vodka. - Sightly grainy with a well -controlled spiciness.",
        "primary_image": "https://www.heinemann.com.au/medias/527Wx527H-null?context=bWFzdGVyfGltYWdlc3w2NDc1M3xpbWFnZS9qcGVnfGFEUTJMMmc0TVM4eE1USTRORFU0Tnpnd05qYzFNQzgxTWpkWGVEVXlOMGhmYm5Wc2JBfDg2ODA5OGE2ZTI0YjBlMDdlNGM5OTAwZDJmMjdhODhlZGUwMThhZWMzMzdmMDdlNzhkMGE3ZTJkNjBhMDY0ODY&v=1729293878937",
        "images": []
    },
    {
        "product_url": "https://www.heinemann.com.au/en/sydt1/moet-chandon/moet-chandon-grand-vintage-rose-0-75l/p/000000000001101483/",
        "brand_name": "Mo\u00ebt & Chandon",
        "brand_url": "https://www.heinemann.com.au/en/sydt1/moet-chandon/c/BRAND_0468/",
        "product_name": "Mo\u00ebt & Chandon Grand Vintage Ros\u00e9 0.75L",
        "quantity": "0.75\u00a0l",
        "price": "$143.00",
        "price_per_quantity": "($190.67 / 1 l)",
        "stock_availability": "In stock",
        "description": "Every Grand Vintage is unique and original, the cellar master\u2019s personal, free interpretation to bring out the singular qualities of that year\u2019s grapes.",
        "primary_image": "https://www.heinemann.com.au/medias/527Wx527H-null?context=bWFzdGVyfGltYWdlc3wzNzc5NXxpbWFnZS9qcGVnfGFHTmtMMmhpWlM4eE1UVTVNek15TmpJNU56RXhPQzgxTWpkWGVEVXlOMGhmYm5Wc2JBfDA2MjUzZjI1OTEzNmE1YjY2N2FjZmI2YTlhNWZmMDRhZjIyNDg1NTRlNDdjMzBiOTc2MDkxMTU3ZDQwMTJlOTU&v=1735940646225",
        "images": [
            "https://www.heinemann.com.au/medias/527Wx527H-null?context=bWFzdGVyfGltYWdlc3wzNzc5NXxpbWFnZS9qcGVnfGFHTmtMMmhpWlM4eE1UVTVNek15TmpJNU56RXhPQzgxTWpkWGVEVXlOMGhmYm5Wc2JBfDA2MjUzZjI1OTEzNmE1YjY2N2FjZmI2YTlhNWZmMDRhZjIyNDg1NTRlNDdjMzBiOTc2MDkxMTU3ZDQwMTJlOTU&v=1735940646225",
            "https://www.heinemann.com.au/medias/1101483-1-527Wx527H?context=bWFzdGVyfGltYWdlc3w1ODAwN3xpbWFnZS9qcGVnfGFHUmpMMmczWVM4NU5qRTRNelF4TURBek1qazBMekV4TURFME9ETmZNVjgxTWpkWGVEVXlOMGd8ZTRlYmM4OGRmM2E3ODY0ZjBhNjE0YTVlNWZjODI5ZjAzNDdhZjBhYzViNDZiMGFkZTVlMDY2ODdmMWNmN2U2Zg&v=1632254736654"
        ]
    },
    {
        "product_url": "https://www.heinemann.com.au/en/sydt1/bollinger/bollinger-brut-rose-0-75l/p/000000000001090320/",
        "brand_name": "Bollinger",
        "brand_url": "https://www.heinemann.com.au/en/sydt1/bollinger/c/BRAND_2318/",
        "product_name": "Bollinger, brut, ros\u00e9, 0.75L",
        "quantity": "0.75\u00a0l",
        "price": "$132.30",
        "price_per_quantity": "($176.40 / 1 l)",
        "stock_availability": "In stock",
        "description": "Fresh as a ros\u00e9, balanced as a Bollinger. Demonstrating singular blending and red-winemaking skills: a true alchemy and an impressively technical wine. With its intimate and stand-out flavours, Bollinger Ros\u00e9 can be served for an afternoon tea in true Bollinger-style. It is also perfect for a picnic on a summer day, as an aperitif drink or served with a tart fruity dessert. To fully appreciate its unique style, bouquet and aromas, Bollinger Ros\u00e9 is best served between 8\u00b0C and 10\u00b0C. Enjoy it now!",
        "primary_image": "https://www.heinemann.com.au/medias/527Wx527H-null?context=bWFzdGVyfGltYWdlc3w2MTA4NnxpbWFnZS9qcGVnfGFEa3dMMmhtTkM4eE1UYzRNalV5TnpNMU1qZzJNaTgxTWpkWGVEVXlOMGhmYm5Wc2JBfGRmZWViOTc0MTdjMzJmNTAzNDA5YWEzZTc5YzEyODcyMWZjYzRiODY4NDdkMWVjN2ZiNzgxNGQ2OGFlZGQ3MWU&v=1739828908048",
        "images": []
    },
    {
        "product_url": "https://www.heinemann.com.au/en/sydt1/palmer-co/palmer-co-brut-reserve-champagne-aoc-brut-white-gift-box-0-75l/p/000000000001538495/",
        "brand_name": "Palmer & Co.",
        "brand_url": "https://www.heinemann.com.au/en/sydt1/palmer-co/c/BRAND_9402/",
        "product_name": "Palmer & Co., Brut R\u00e9serve, Champagne, AOC, brut, white (gift box) 0.75L",
        "quantity": "0.75\u00a0l",
        "price": "$79.00",
        "price_per_quantity": "($105.33 / 1 l)",
        "stock_availability": "In stock",
        "description": "The flagship wine of Palmer & Co, crafted from a selection of the most prestigious terroirs in Champagne. Timeless signature of the Palmer style, Brut Reserve distinguishes itself first and foremost for its remarkable finesse and elegance. Founded in 1947 and historically established in Reims, Palmer & Co is solidly rooted in the greatest terroirs of the Montagne de Reims. Dominated by the freshness and purity of Chardonnay, the Palmer & Co style seduces by its precision and elegance. Recognized throughout the world for the excellence and elegance of its wines, Palmer & Co is one of the top quality references of Champagne today.",
        "primary_image": "https://www.heinemann.com.au/medias/527Wx527H-null?context=bWFzdGVyfGltYWdlc3w1NzU0OXxpbWFnZS9qcGVnfGFEUmhMMmhqWmk4eE1UY3dNRE13TkRnM01UUTFOQzgxTWpkWGVEVXlOMGhmYm5Wc2JBfGY2OTBiMTBiZjk5MjBkZmE0OGNiNGVjYWJhZWNmNjk4M2RiOTZlNmQwN2VkMTNjOWI5MmIyMmFiYWNmZTY4NmU&v=1738191784538",
        "images": []
    },
    {
        "product_url": "https://www.heinemann.com.au/en/sydt1/danzka/danzka-vodka-the-spirt-44vol-1l/p/000000000001245857/",
        "brand_name": "Danzka",
        "brand_url": "https://www.heinemann.com.au/en/sydt1/danzka/c/BRAND_1157/",
        "product_name": "Danzka Vodka The Spirt 44% 1L",
        "quantity": "1\u00a0l",
        "price": "$65.00",
        "price_per_quantity": "($65.00 / 1 l)",
        "stock_availability": "",
        "description": "Raw wheat and Nordic water naturally filtered create substantial and slightly grainy vodka. DANZKA THE SPIRIT reflects the perfect heritage of Scandinavian vodka. \"Smoothness with character\" The unique bottle designed by Jacob Jensen complete the experience.",
        "primary_image": "https://www.heinemann.com.au/medias/527Wx527H-null?context=bWFzdGVyfGltYWdlc3wzMDU3NHxpbWFnZS9qcGVnfGFERXhMMmd5WkM4eE1USTRORFU1TWpNMk1UVXdNaTgxTWpkWGVEVXlOMGhmYm5Wc2JBfDllNTY4YzJjZWJhMmNjYzU0YTdlOTYxZmIxYjM4ODY4MjM4MzRlMzkzZmYxZDFiNDA2ODczOTVlOWM0ODM0MDA&v=1729294570525",
        "images": []
    },
    {
        "product_url": "https://www.heinemann-shop.com/en/global/nutisal/nutisal-dry-roasted-enjoy-mix-175g/p/000000000001376696/",
        "brand_name": "Nutisal",
        "brand_url": "https://www.heinemann-shop.com/en/global/nutisal/c/BRAND_6040/",
        "product_name": "Nutisal Dry Roasted Enjoy Mix 175g",
        "quantity": "0.175\u00a0kg",
        "price": "\u20ac6.90",
        "price_per_quantity": "(\u20ac39.43 / 1 kg)",
        "stock_availability": "In stock, immediately available",
        "description": "The very essence of all good that nature has to offer is found in our carefully selected nuts. They are all dry roasted over open flames to preserve their individual qualities, crunch and great taste. We do not add oil or artificial flavours, just pure herbs and spices, giving you a natural and delicious snack at anytime.",
        "primary_image": "https://www.heinemann-shop.com/medias/527Wx527H-null?context=bWFzdGVyfGltYWdlc3w4NDMxMHxpbWFnZS9qcGVnfGFEVTFMMmcxTmk4eE1USTROVGcxTnpBd09UWTVOQzgxTWpkWGVEVXlOMGhmYm5Wc2JBfGU4NTVjMGY5YTVmNjU2MDhjMGU1NzU3ZDkxMDExN2U5MzA4YzhjYTFlZDI3YmFiZDI4NTU3N2M4NjViYTliZDI&v=1729319664205",
        "images": []
    },
    {
        "product_url": "https://www.heinemann.com.au/en/sydt1/gh-mumm/mumm-cordon-rouge-tp-2x0-75l/p/000000000001583298/",
        "brand_name": "GH Mumm",
        "brand_url": "https://www.heinemann.com.au/en/sydt1/gh-mumm/c/BRAND_A670/",
        "product_name": "Mumm Cordon Rouge TP 2x0.75L",
        "quantity": "1.5\u00a0l",
        "price": "$125.00",
        "price_per_quantity": "($83.33 / 1 l)",
        "stock_availability": "In stock",
        "description": "Made from a rich palette of more than 120 vintages representing all the diversity of the Champagne region of France, Mumm Cordon Rouge is the signature cuvee ofMaison Mumm. This exceptional brutchampagneblends Mumm\u2019s signature grape variety, Pinot Noir from the Montagne de Reims and Aube; with Chardonnay from the C\u00f4te des Blancs, S\u00e9zannais, Vitryat and Aube; and Meunier from the Marne and Ardre valleys and the Montagne de Reims.Mumm Cordon Rougeis beautifullypresented in an iconic bottle adorned with a red ribbon thathas paid homage to the Legion of Honoursince 1876. Aged for a minimum of 20 months in Maison Mumm\u2019s cellars, this wine is ideal as an aperitif among friends or a lazy Sunday brunch \u2013those moments when everything simply clicks and positive energy flows: real friends sharing real talk, everyone at ease in a joyful, convivial atmosphere",
        "primary_image": "https://www.heinemann.com.au/medias/527Wx527H-null?context=bWFzdGVyfGltYWdlc3w1OTg5NHxpbWFnZS9qcGVnfGFEUmlMMmd6WVM4eE1USTVPVEF3TWpJMU16TTBNaTgxTWpkWGVEVXlOMGhmYm5Wc2JBfGQ0OTQzOWNhZTYzOThkOTc3YTI3MGM0MzBjNzg1MmMyZTc2M2U3ZDhhMWQ3Y2YxOWNlMTA0MGI4NGQ1NTQ1MGQ&v=1729550885697",
        "images": []
    },
    {
        "product_url": "https://www.heinemann-shop.com/en/global/chipsletten/chipsletten-red-pepper-100g/p/000000000001018734/",
        "brand_name": "Chipsletten",
        "brand_url": "https://www.heinemann-shop.com/en/global/chipsletten/c/BRAND_4765/",
        "product_name": "Chipsletten Red Pepper 100g",
        "quantity": "0.1\u00a0kg",
        "price": "",
        "price_per_quantity": "(\u20ac29.00 / 1 kg)",
        "stock_availability": "",
        "description": "Chipsletten are the classic stacked chips with best ingredients and tangy flavourings. Chipsletten are the \u201cgourmet snacker\u2019s\u201d choice with high brand awareness and over 30 years of market experience. They are packed in serving tray and sealed for freshness. An absolute classic with its spicy, aromatic flavour and delicate, crispy texture.",
        "primary_image": "https://www.heinemann-shop.com/medias/527Wx527H-null?context=bWFzdGVyfGltYWdlc3w1NDI5OHxpbWFnZS9qcGVnfGFERmpMMmhpTVM4eE1UYzRNalkwTVRBNU1EVTVNQzgxTWpkWGVEVXlOMGhmYm5Wc2JBfDRlNmMwNmMwM2RhOTM4NjMyMGVlMTk3MzUzOGEzZWZlNGI0NTg0NWI5ZWU3Mjc4ZTdmZDlmYTcyYzkyY2FjNDc&v=1739831544315",
        "images": []
    },
    {
        "product_url": "https://www.heinemann-shop.com/en/global/pringles/sour-cream-onion-70g/p/000000000001279389/",
        "brand_name": "Pringles",
        "brand_url": "https://www.heinemann-shop.com/en/global/pringles/c/BRAND_3809/",
        "product_name": "Sour Cream&Onion 70g",
        "quantity": "0.07\u00a0kg",
        "price": "",
        "price_per_quantity": "(\u20ac27.14 / 1 kg)",
        "stock_availability": "",
        "description": "Pringles Sour Cream & Onion crisps are the perfect combination of green onion taste and savoury sour cream flavours. These delectable crisps are perfect for any party or get together. Enjoy a mind popping experience with Pringles Sour Cream & Onion crisps",
        "primary_image": "https://www.heinemann-shop.com/medias/527Wx527H-null?context=bWFzdGVyfGltYWdlc3w1MjIzMHxpbWFnZS9qcGVnfGFHTXdMMmhsWWk4eE1UYzRNalkwTlRrME1ESTFOQzgxTWpkWGVEVXlOMGhmYm5Wc2JBfDYyYWI3ZjQ2ODllODhhMDZjYjBiYTg3NGM0MTM4M2ExZGQyMWM4NmM4ZGYzMjI3ZGY0MTc4MDgxM2UxZDQxODI&v=1739831762373",
        "images": []
    },
    {
        "product_url": "https://www.heinemann.com.au/en/sydt1/brimoncourt/brimoncourt-regence-champagne-aoc-brut-white-gift-box-0-75l/p/000000000001530760/",
        "brand_name": "Brimoncourt",
        "brand_url": "https://www.heinemann.com.au/en/sydt1/brimoncourt/c/BRAND_9353/",
        "product_name": "Brimoncourt, R\u00e9gence, Champagne, AOC, brut, white (gift box) 0.75L",
        "quantity": "0.75\u00a0l",
        "price": "$77.00",
        "price_per_quantity": "($102.67 / 1 l)",
        "stock_availability": "Low stock",
        "description": "The Brimoncourt House is located in A\u00ff, historic heart of the Champagne vineyard. Its edifice & gardens are soon to become two-century-old, and this A\u00ff anchorage binds the House to the promise of a meticulous care in each step of the elaboration of its wines. The House saw its rebirth in 2008 under the aegis of Alexandre Cornot, current owner. His quest for excellence relies on the access to the best Crus of Champagne. The House style is characterized by freshness, elegance, and great generosity.",
        "primary_image": "https://www.heinemann.com.au/medias/527Wx527H-null?context=bWFzdGVyfGltYWdlc3w1Nzk1M3xpbWFnZS9qcGVnfGFEYzRMMmhoWXk4NU9ERTFOek16T0RrMU1UazRMelV5TjFkNE5USTNTRjl1ZFd4c3w1MmU4YjAzNTUxNjFjZWM1Y2EyOWFjNWRiYWE0ZWFjMWYzM2M3Y2FhYzVjOThmZDFhMTZmMzAzY2QxYTFhMTNj&v=1694120444246",
        "images": [
            "https://www.heinemann.com.au/medias/527Wx527H-null?context=bWFzdGVyfGltYWdlc3w1Nzk1M3xpbWFnZS9qcGVnfGFEYzRMMmhoWXk4NU9ERTFOek16T0RrMU1UazRMelV5TjFkNE5USTNTRjl1ZFd4c3w1MmU4YjAzNTUxNjFjZWM1Y2EyOWFjNWRiYWE0ZWFjMWYzM2M3Y2FhYzVjOThmZDFhMTZmMzAzY2QxYTFhMTNj&v=1694120444246",
            "https://www.heinemann.com.au/medias/527Wx527H-null?context=bWFzdGVyfGltYWdlc3wzMDkzNnxpbWFnZS9qcGVnfGFEbGlMMmhtWkM4NU9ERTFOek0wTVRJME5UYzBMelV5TjFkNE5USTNTRjl1ZFd4c3w0NjMwMDYyMzE3ZDkwYTFjNjlkY2NlOWU2ZjIwODM0ZTBkNTZlOGViODljOGJiZjgyMmI2YmI4M2EyMjVjNDZk&v=1694120460713"
        ]
    },
    {
        "product_url": "https://www.heinemann-shop.com/en/global/pittjes/pittjes-cashews-salt-tin-150g/p/000000000000735503/",
        "brand_name": "Pittjes",
        "brand_url": "https://www.heinemann-shop.com/en/global/pittjes/c/BRAND_2949/",
        "product_name": "Pittjes Cashews Salt Tin, 150g",
        "quantity": "0.15\u00a0kg",
        "price": "\u20ac7.50",
        "price_per_quantity": "(\u20ac50.00 / 1 kg)",
        "stock_availability": "In stock, immediately available",
        "description": "Mild in flavour, rounded off with a fine hint of salt.",
        "primary_image": "https://www.heinemann-shop.com/medias/527Wx527H-null?context=bWFzdGVyfGltYWdlc3w3Njc4MHxpbWFnZS9qcGVnfGFETmxMMmc0T1M4eE1ERTJNRGt6TXpnMk16UTFOQzgxTWpkWGVEVXlOMGhmYm5Wc2JBfDUyNGY1ZjY2YmFmYjIxYjQ1NjI4MTc0ZTA3NWQ1NTY3YmEwNjZhYjQyNTEyM2ZkZmJmYTg1ODJkMjVjZTkwMjU&v=1703797533724",
        "images": []
    },
    {
        "product_url": "https://www.heinemann.com.au/en/sydt1/laurent-perrier/laurent-perrier-millesime-champagne-aoc-brut-white-0-75l/p/000000000000657786/",
        "brand_name": "Laurent-Perrier",
        "brand_url": "https://www.heinemann.com.au/en/sydt1/laurent-perrier/c/BRAND_0467/",
        "product_name": "Laurent-Perrier, Mill\u00e9sim\u00e9, Champagne, AOC, brut, white 0.75L",
        "quantity": "0.75\u00a0l",
        "price": "$171.00",
        "price_per_quantity": "($228.00 / 1 l)",
        "stock_availability": "Low stock",
        "description": "To ensure that the outstanding quality of its Brut Mill\u00e9sim\u00e9 is a revelation, Laurent-Perrier has made the rigorous choice of declaring only the greatest years as vintage years; those with a truly unique character.",
        "primary_image": "https://www.heinemann.com.au/medias/527Wx527H-null?context=bWFzdGVyfGltYWdlc3w1MzM1MnxpbWFnZS9qcGVnfGFHRmpMMmd4TWk4NU9EQXdOekkxTkRNd016QXlMelV5TjFkNE5USTNTRjl1ZFd4c3wzMWE4MDAxNGMxNDhiZDgwY2E4MTU4MmU0NDRkY2I1NTRhOGI5YTQxYWIwYmM4OTYyNWVjM2IwYzI4YWMxOWE3&v=1691449252274",
        "images": []
    },
    {
        "product_url": "https://www.heinemann-shop.com/en/global/nutisal/nutisal-dry-roasted-sweet-salty-175-g/p/000000000001376695/",
        "brand_name": "Nutisal",
        "brand_url": "https://www.heinemann-shop.com/en/global/nutisal/c/BRAND_6040/",
        "product_name": "Nutisal Dry Roasted Sweet & Salty 175 g",
        "quantity": "0.175\u00a0kg",
        "price": "\u20ac6.90",
        "price_per_quantity": "(\u20ac39.43 / 1 kg)",
        "stock_availability": "In stock, immediately available",
        "description": "The very essence of all good that nature has to offer is found in our carefully selected nuts. They are all dry roasted over open flames to preserve their individual qualities, crunch and great taste. We do not add oil or artificial flavours, just pure herbs and spices, giving you a natural and delicious snack at anytime.",
        "primary_image": "https://www.heinemann-shop.com/medias/527Wx527H-null?context=bWFzdGVyfGltYWdlc3w4NTExNXxpbWFnZS9qcGVnfGFEaGhMMmd3TVM4eE1USTROVGcxTmpVNE16Y3hNQzgxTWpkWGVEVXlOMGhmYm5Wc2JBfDU2OWViOTIwNDQ0YzYxNzNlZjk2NTU4MTFjOGRlOWRkMDZlYzcwZTZjZTNiMzYyM2FjYzFiYTdlNjIyMTlmNjk&v=1729319648062",
        "images": []
    },
    {
        "product_url": "https://www.heinemann-shop.com/en/global/al-rifai/al-rifai-4-nrgy-mix-160g/p/000000000001375441/",
        "brand_name": "Al Rifai",
        "brand_url": "https://www.heinemann-shop.com/en/global/al-rifai/c/BRAND_3164/",
        "product_name": "Al Rifai 4-NRGY Mix 160g",
        "quantity": "0.16\u00a0kg",
        "price": "\u20ac9.70",
        "price_per_quantity": "(\u20ac60.62 / 1 kg)",
        "stock_availability": "In stock, immediately available",
        "description": "A mix of roasted nuts & kernels with spirulina and pea protein created for people with a conscious lifestyle. The nuts and kernels and carefully selected for their positive quality to build muscle volume.",
        "primary_image": "https://www.heinemann-shop.com/medias/527Wx527H-null?context=bWFzdGVyfGltYWdlc3w2MzY0MHxpbWFnZS9qcGVnfGFHUTJMMmhtTlM4eE1UTTVOVFk0TlRnME1qazNOQzgxTWpkWGVEVXlOMGhmYm5Wc2JBfGY0MTkxMzY3YTZlZjFkNjE0ZTZlMjk0OWI1NzA1NWI2MWNiNDJjYzk1NGE1OTQ4MzIzNWU2OWUwNWJjOTIwNWM&v=1731361339712",
        "images": []
    },
    {
        "product_url": "https://www.heinemann.com.au/en/sydt1/laurent-perrier/laurent-perrier-la-cuvee-champagne-aoc-brut-white-0-75l/p/000000000001288401/",
        "brand_name": "Laurent-Perrier",
        "brand_url": "https://www.heinemann.com.au/en/sydt1/laurent-perrier/c/BRAND_0467/",
        "product_name": "Laurent-Perrier, La Cuv\u00e9e, Champagne, AOC, brut, white 0.75L",
        "quantity": "0.75\u00a0l",
        "price": "$108.00",
        "price_per_quantity": "($144.00 / 1 l)",
        "stock_availability": "Low stock",
        "description": "The wine comes from the purest grape juice and it alone allows Laurent-Perrier to craft \u2018La Cuv\u00e9e\u2019, a champagne of great finesse and a beautiful freshness obtained after a long ageing process in our cellars. Laurent-Perrier\u2019s style and personality are defined by its very high proportion of Chardonnay. Purity, freshness and elegance \u2013 essential characteristics, expressed in this champagne \u2013 are a good introduction to the spirit of the House.",
        "primary_image": "https://www.heinemann.com.au/medias/527Wx527H-null?context=bWFzdGVyfGltYWdlc3w2MjY4MHxpbWFnZS9qcGVnfGFEVmtMMmczTWk4eE1EVTVORGMxTkRNMk16UXlNaTgxTWpkWGVEVXlOMGhmYm5Wc2JBfGIxYjVhYjYyYzdiYmJmODMzY2Q3ZmMyODVkNWIzMWNlNDcxZGMzZjI0NGZiZTAwYzJlNGEwN2JlNWQ4NjZhMmQ&v=1713990348283",
        "images": [
            "https://www.heinemann.com.au/medias/527Wx527H-null?context=bWFzdGVyfGltYWdlc3w2MjY4MHxpbWFnZS9qcGVnfGFEVmtMMmczTWk4eE1EVTVORGMxTkRNMk16UXlNaTgxTWpkWGVEVXlOMGhmYm5Wc2JBfGIxYjVhYjYyYzdiYmJmODMzY2Q3ZmMyODVkNWIzMWNlNDcxZGMzZjI0NGZiZTAwYzJlNGEwN2JlNWQ4NjZhMmQ&v=1713990348283",
            "https://www.heinemann.com.au/medias/527Wx527H-null?context=bWFzdGVyfGltYWdlc3wzNjg5N3xpbWFnZS9qcGVnfGFHSm1MMmcyTVM4eE1EVTVORGMxTkRneU1qRTNOQzgxTWpkWGVEVXlOMGhmYm5Wc2JBfGViYTkwZTU5YTcxNTRmODhiNmI4ZDQ4YTNiYzczNDE0NzhkMmNlM2Q1ZjZkMTUwNzFiMDYxMGI0NmM5YmFlZmI&v=1713990395131",
            "https://www.heinemann.com.au/medias/527Wx527H-null?context=bWFzdGVyfGltYWdlc3w0NjM4NnxpbWFnZS9qcGVnfGFEazFMMmd4TWk4eE1EVTVORGMxTlRBNE5ETXhPQzgxTWpkWGVEVXlOMGhmYm5Wc2JBfDhlZTQ2Nzk0MDMxNjU2ZDc1MjVlMTI4MmFiMWQ5OTU3MjgyOTExNGZkOGU5N2IyYWZmZWU5NjIzN2U0NjQzOTU&v=1713990402971"
        ]
    },
    {
        "product_url": "https://www.heinemann.com.au/en/sydt1/bollinger/bollinger-special-cuvee-champagne-aoc-brut-white-2x0-375l-twinpack/p/000000000001275471/",
        "brand_name": "Bollinger",
        "brand_url": "https://www.heinemann.com.au/en/sydt1/bollinger/c/BRAND_2318/",
        "product_name": "Bollinger, Special Cuv\u00e9e, Champagne, AOC, brut, white 2x0.375L (Twinpack)",
        "quantity": "0.75\u00a0l",
        "price": "$110.00",
        "price_per_quantity": "($146.67 / 1 l)",
        "stock_availability": "Low stock",
        "description": "An icon among non-vintage champagnes, Special Cuv\u00e9e is the result of the delicate blending between harvest grapes and a majority of reserve wines, including some aged in magnums for more than 15 years in Bollinger\u2019s cellars. Special Cuv\u00e9e is perfect shared among friends, for a simple and meaningful moment. It is the champagne we give to the people we love and who love nice things. To enhance its unique style, bouquet and aromas, Special Cuv\u00e9e is best served between 8\u00b0 and 10\u00b0C.",
        "primary_image": "https://www.heinemann.com.au/medias/527Wx527H-null?context=bWFzdGVyfGltYWdlc3w1MzQ0NXxpbWFnZS9qcGVnfGFHSTNMMmhsWmk4eE1UYzRNalUzTWpVM01qY3dNaTgxTWpkWGVEVXlOMGhmYm5Wc2JBfDkyNzNjOWUxYjkyMzkzZDhlNmM2NzdlOWExNzU0NGZkNTYyNzRhMTMyZDI4OGNjOGZkZDE4ZmJiNWQ1NzMxYjc&v=1739829534263",
        "images": [
            "https://www.heinemann.com.au/medias/527Wx527H-null?context=bWFzdGVyfGltYWdlc3w1MzQ0NXxpbWFnZS9qcGVnfGFHSTNMMmhsWmk4eE1UYzRNalUzTWpVM01qY3dNaTgxTWpkWGVEVXlOMGhmYm5Wc2JBfDkyNzNjOWUxYjkyMzkzZDhlNmM2NzdlOWExNzU0NGZkNTYyNzRhMTMyZDI4OGNjOGZkZDE4ZmJiNWQ1NzMxYjc&v=1739829534263",
            "https://www.heinemann.com.au/medias/527Wx527H-null?context=bWFzdGVyfGltYWdlc3w1ODI5MHxpbWFnZS9qcGVnfGFEYzNMMmcwWkM4eE1UYzRNalUzTlRVMU5EVTVNQzgxTWpkWGVEVXlOMGhmYm5Wc2JBfDgyNGQxZDM4MjUwZmNmMmQyZjMxZjNiZjFmZDhkNmEyMmY5N2M3NjQwOWU3ZTM1MjI5OTM3Y2JjMmRlODI2OGQ&v=1739829643347"
        ]
    },
    {
        "product_url": "https://www.heinemann.com.au/en/sydt1/palmer-co/palmer-co-rose-solera-champagne-aoc-brut-rose-gift-box-0-75l/p/000000000001538496/",
        "brand_name": "Palmer & Co.",
        "brand_url": "https://www.heinemann.com.au/en/sydt1/palmer-co/c/BRAND_9402/",
        "product_name": "Palmer & Co., Ros\u00e9 Solera, Champagne, AOC, brut, ros\u00e9 (gift box) 0.75L",
        "quantity": "0.75\u00a0l",
        "price": "$101.00",
        "price_per_quantity": "($134.67 / 1 l)",
        "stock_availability": "Low stock",
        "description": "A unique ros\u00e9 champagne combining exceptional fruitiness and delicate notes of spice. This outstanding blend is enriched by a unique Solera, a perpetual reserve of several decades reflecting Champagne Palmer\u2019s celebrated expertise. Founded in 1947 and historically established in Reims, Palmer & Co is solidly rooted in the greatest terroirs of the Montagne de Reims. Dominated by the freshness and purity of Chardonnay, the Palmer & Co style seduces by its precision and elegance. Recognized throughout the world for the excellence and elegance of its wines, Palmer & Co is one of the top quality references of Champagne today.",
        "primary_image": "https://www.heinemann.com.au/medias/527Wx527H-null?context=bWFzdGVyfGltYWdlc3w2MTYwOHxpbWFnZS9qcGVnfGFEQm1MMmczT0M4eE1UQXpNelF4TkRVd01ETTRNaTgxTWpkWGVEVXlOMGhmYm5Wc2JBfDM3YWRiZGRhZTU5YzIzMWMwZTQyNTRiM2NlYjQ4YzUxYTA0MjdiNjIxZThhZTZmYWQ4Y2I1YjNmMTEwOWU5MTE&v=1724185765133",
        "images": []
    },
    {
        "product_url": "https://www.heinemann.com.au/en/sydt1/bollinger/bollinger-la-grande-annee-champagne-aoc-brut-white-gift-box-0-75l/p/000000000001090321/",
        "brand_name": "Bollinger",
        "brand_url": "https://www.heinemann.com.au/en/sydt1/bollinger/c/BRAND_2318/",
        "product_name": "Bollinger, La Grande Ann\u00e9e, Champagne, AOC, brut, white (gift box) 0.75L",
        "quantity": "0.75\u00a0l",
        "price": "$330.00",
        "price_per_quantity": "($440.00 / 1 l)",
        "stock_availability": "Low stock",
        "description": "Bollinger\u2019s prestige champagne is produced only when the harvest reaches a perfect balance. La Grande Ann\u00e9e is the perfect Champagne for gourmet food. To fully appreciate its unique style and aromas, La Grande Ann\u00e9e is best served between 8 and 10\u00b0C. You can enjoy La Grande Ann\u00e9e now or choose to age it in your cellar. Please note that the product image is for indicative purposes only - please check in store for the availability of particular vintages.",
        "primary_image": "https://www.heinemann.com.au/medias/527Wx527H-null?context=bWFzdGVyfGltYWdlc3w0OTU5OHxpbWFnZS9qcGVnfGFEWTRMMmhsWkM4eE1UYzRNalV5TnpVNE1qSXpPQzgxTWpkWGVEVXlOMGhmYm5Wc2JBfGRjOWNiOGZkNTUzNTY3YzRjZDc2M2U2OTZlYzhiZmMxYjUyMDBjMTE2ZjczNjcxZjc3NGUyNmVkMmM1ZWUxYjY&v=1739828923565",
        "images": [
            "https://www.heinemann.com.au/medias/527Wx527H-null?context=bWFzdGVyfGltYWdlc3w0OTU5OHxpbWFnZS9qcGVnfGFEWTRMMmhsWkM4eE1UYzRNalV5TnpVNE1qSXpPQzgxTWpkWGVEVXlOMGhmYm5Wc2JBfGRjOWNiOGZkNTUzNTY3YzRjZDc2M2U2OTZlYzhiZmMxYjUyMDBjMTE2ZjczNjcxZjc3NGUyNmVkMmM1ZWUxYjY&v=1739828923565",
            "https://www.heinemann.com.au/medias/527Wx527H-null?context=bWFzdGVyfGltYWdlc3wyNzU4NnxpbWFnZS9qcGVnfGFEbGhMMmd3WXk4eE1UYzRNalV5T1RrME1UVXpOQzgxTWpkWGVEVXlOMGhmYm5Wc2JBfDEzMWYxNTBmNWE5MDM5Mzk3NmI1MmU2YzE4ZjdiNzc3NmQxYjYyNzJhNzIzZGVmM2I1OTgwYzVlYjdiN2UwYTE&v=1739829042547",
            "https://www.heinemann.com.au/medias/527Wx527H-null?context=bWFzdGVyfGltYWdlc3wzMTMxMHxpbWFnZS9qcGVnfGFEQmpMMmhtTmk4eE1UYzRNalV6TURNd01UazRNaTgxTWpkWGVEVXlOMGhmYm5Wc2JBfDRiNTllYzU2ZjJlMzFmZWExNTM4YzFiMTk1ZDIxN2I1NDkzY2U3MjA4YzdmODRjZWRiZTQ1YWRkZWVmOTI2Mjc&v=1739829052820",
            "https://www.heinemann.com.au/medias/527Wx527H-null?context=bWFzdGVyfGltYWdlc3w0NjA5OHxpbWFnZS9qcGVnfGFETTBMMmhtWkM4eE1UYzRNalV6TURVek1UTTFPQzgxTWpkWGVEVXlOMGhmYm5Wc2JBfDI1ZDM2NTVlODgzNTIzNTg1OWViMDRjZmZkODFmZmRlZGNkMmUzOTI2YWZiN2FiM2Y4NGVjNmRkNWVhYTdiYWI&v=1739829062875",
            "https://www.heinemann.com.au/medias/1090321-4-527Wx527H?context=bWFzdGVyfGltYWdlc3w0NTcwM3xpbWFnZS9qcGVnfGFHWXdMMmcwTmk4NU5qUTVNVEE0TWpVME56VXdMekV3T1RBek1qRmZORjgxTWpkWGVEVXlOMGd8Y2I2NWRjYjllODRjZDZmMzE4MWMzODlkMzAxNWMzOWE5YzBjMzE1YTFiNTk5YTRlMTk3ZGFiMjA2Mzk5YTA1NA&v=1640293627570"
        ]
    },
    {
        "product_url": "https://www.heinemann.com.au/en/sydt1/veuve-clicquot/veuve-clicquot-vintage-reserve-brut-white-0-75l/p/000000000000642632/",
        "brand_name": "Veuve Clicquot",
        "brand_url": "https://www.heinemann.com.au/en/sydt1/veuve-clicquot/c/BRAND_0465/",
        "product_name": "Veuve Clicquot, Vintage Reserve, brut, white 0.75L",
        "quantity": "0.75\u00a0l",
        "price": "$103.00",
        "price_per_quantity": "($137.33 / 1 l)",
        "stock_availability": "In stock",
        "description": "In 1810, Madame Clicquot broke new ground by creating the first vintage known in Champagne, a cuvee made up of grapes from a single harvest that was considered exceptionally good. The tradition lives on today, in the form of Veuve Clicquot Vintage.",
        "primary_image": "https://www.heinemann.com.au/medias/527Wx527H-null?context=bWFzdGVyfGltYWdlc3w1MTgxN3xpbWFnZS9qcGVnfGFEZzNMMmd3WWk4eE1UTXhNakE1TVRFMk9EYzVPQzgxTWpkWGVEVXlOMGhmYm5Wc2JBfDNjMWY2YmJiY2RhMjA2YTRjZWUwMDRiY2Y5NGM3MTU3M2Q1N2JmN2M2MGM2NmQ4Zjc1YmQ3MTE0NzUwMGNjYzM&v=1729802463265",
        "images": [
            "https://www.heinemann.com.au/medias/527Wx527H-null?context=bWFzdGVyfGltYWdlc3w1MTgxN3xpbWFnZS9qcGVnfGFEZzNMMmd3WWk4eE1UTXhNakE1TVRFMk9EYzVPQzgxTWpkWGVEVXlOMGhmYm5Wc2JBfDNjMWY2YmJiY2RhMjA2YTRjZWUwMDRiY2Y5NGM3MTU3M2Q1N2JmN2M2MGM2NmQ4Zjc1YmQ3MTE0NzUwMGNjYzM&v=1729802463265",
            "https://www.heinemann.com.au/medias/527Wx527H-null?context=bWFzdGVyfGltYWdlc3wyOTM5NnxpbWFnZS9qcGVnfGFHRmhMMmhoTmk4eE1UTXhNakE1TkRZd09UUXpPQzgxTWpkWGVEVXlOMGhmYm5Wc2JBfGE2NDAxYTViM2E4ZDNmYTY4ZDRmZWZkYTE4NDJiMzcxMmEyZTdhMzkyZTExNWY3MjNhZGQ4ZGVhMWM3YWVkZWI&v=1729802807794"
        ]
    },
    {
        "product_url": "https://www.heinemann.com.au/en/sydt1/pommery/pommery-apanage-blanc-de-blancs-champagne-aoc-brut-white-gift-box-0-75l/p/000000000001509078/",
        "brand_name": "Pommery",
        "brand_url": "https://www.heinemann.com.au/en/sydt1/pommery/c/BRAND_0466/",
        "product_name": "Pommery, Apanage Blanc de Blancs, Champagne, AOC, brut, white (gift box) 0.75L",
        "quantity": "0.75\u00a0l",
        "price": "$114.00",
        "price_per_quantity": "($152.00 / 1 l)",
        "stock_availability": "Low stock",
        "description": "Founded in 1836, Champagne POMMERY is known the world over for its innovation and audacity spirit. With the first champagne brut in the history in 1874,  Champagne Pommery has revolutionized the way of consuming champagne. The POMMERY Domaine in Reims is visited every year by 130 000 visitors from all over the world and is famous for the beauty of its cellars and its connection with Arts. With Apanage Blanc de Blancs,  the POMMERY style expresses freshness, vivacity and finesse.",
        "primary_image": "https://www.heinemann.com.au/medias/527Wx527H-null?context=bWFzdGVyfGltYWdlc3w1ODUyNHxpbWFnZS9qcGVnfGFHSTJMMmd5TlM4eE1ETTFOVEF4TmpJMk9UZzFOQzgxTWpkWGVEVXlOMGhmYm5Wc2JBfGYyMmU0ZjVjZDJlODUyYTZlZmFhYmFmODNkYjAxNjhmZTlkZjUxODQ0YzNjZTk2NTNjNjZmYTYyNTk1MzI0NzQ&v=1708638040782",
        "images": [
            "https://www.heinemann.com.au/medias/527Wx527H-null?context=bWFzdGVyfGltYWdlc3w1ODUyNHxpbWFnZS9qcGVnfGFHSTJMMmd5TlM4eE1ETTFOVEF4TmpJMk9UZzFOQzgxTWpkWGVEVXlOMGhmYm5Wc2JBfGYyMmU0ZjVjZDJlODUyYTZlZmFhYmFmODNkYjAxNjhmZTlkZjUxODQ0YzNjZTk2NTNjNjZmYTYyNTk1MzI0NzQ&v=1708638040782",
            "https://www.heinemann.com.au/medias/527Wx527H-null?context=bWFzdGVyfGltYWdlc3wzOTIwMXxpbWFnZS9qcGVnfGFEVTJMMmhoTUM4eE1ETTFOVEF4TnpjME5EUXhOQzgxTWpkWGVEVXlOMGhmYm5Wc2JBfDczYjgyOTExYTUyYWM3NjYyNTUyN2E5ZTg2MDk1NTYyZDg2MjMyZjkwYmY0MmEyYmY5MmYzODJkOTNjNTExZjA&v=1708638119362",
            "https://www.heinemann.com.au/medias/527Wx527H-null?context=bWFzdGVyfGltYWdlc3wzNDk1NnxpbWFnZS9qcGVnfGFEZGtMMmhoTnk4eE1ETTFOVEF4TnprM016YzVNQzgxTWpkWGVEVXlOMGhmYm5Wc2JBfGYxZDllNzdiNzA5Y2JmNjViMTcwYjEzZThiYWVmMjYzNDI5ODUyYzQ3ODFkMDU3ZWQzZTc4N2VhNzRjNWZlMTM&v=1708638127602"
        ]
    },
    {
        "product_url": "https://www.heinemann-shop.com/en/global/pittjes/pittjes-peanuts-salt-tin-200g/p/000000000000735512/",
        "brand_name": "Pittjes",
        "brand_url": "https://www.heinemann-shop.com/en/global/pittjes/c/BRAND_2949/",
        "product_name": "Pittjes Peanuts Salt Tin, 200g",
        "quantity": "0.2\u00a0kg",
        "price": "\u20ac3.90",
        "price_per_quantity": "(\u20ac19.50 / 1 kg)",
        "stock_availability": "In stock, immediately available",
        "description": "Crunchy peanuts, roasted golden brown and finely salted.",
        "primary_image": "https://www.heinemann-shop.com/medias/527Wx527H-null?context=bWFzdGVyfGltYWdlc3w3MTc2NHxpbWFnZS9qcGVnfGFEWmxMMmd4TXk4NU9EQXdOemsyT0RZME5UUXlMelV5TjFkNE5USTNTRjl1ZFd4c3w3MjM1OTI3MGE4MDExNjRmYzZmZDUzMTJlZTgyNTRmMjNmZjE2MzliNWRlNjE2ZWUzMmQ1NTY4ZGM3ODMxMjUx&v=1691450741070",
        "images": []
    },
    {
        "product_url": "https://www.heinemann-shop.com/en/global/pittjes/pittjes-mix-nuts-tin-150g/p/000000000000735507/",
        "brand_name": "Pittjes",
        "brand_url": "https://www.heinemann-shop.com/en/global/pittjes/c/BRAND_2949/",
        "product_name": "Pittjes Mix Nuts Tin, 150g",
        "quantity": "0.15\u00a0kg",
        "price": "\u20ac5.70",
        "price_per_quantity": "(\u20ac38.00 / 1 kg)",
        "stock_availability": "In stock, immediately available",
        "description": "Freshly roasted mixture of crunchy peanuts, cashew nuts, almonds and hazelnuts.",
        "primary_image": "https://www.heinemann-shop.com/medias/527Wx527H-null?context=bWFzdGVyfGltYWdlc3w2NzA2MnxpbWFnZS9qcGVnfGFESXdMMmd3TlM4NU9EQXdOemsyTkRBMU56a3dMelV5TjFkNE5USTNTRjl1ZFd4c3w3ODY4N2ZmZTVkM2QwZjUxMzZkZDg2NDcxNmNmZGVmZGQ2ZDdiYzEyZTE3YzUwZjI1ZTFkMDIyZTJiMjJiM2Uw&v=1691450715267",
        "images": []
    },
    {
        "product_url": "https://www.heinemann.com.au/en/sydt1/bollinger/bollinger-la-grande-annee-champagne-aoc-brut-rose-gift-box/p/000000000001163112/",
        "brand_name": "Bollinger",
        "brand_url": "https://www.heinemann.com.au/en/sydt1/bollinger/c/BRAND_2318/",
        "product_name": "Bollinger, La Grande Ann\u00e9e, Champagne, AOC, brut, ros\u00e9 (gift box)",
        "quantity": "0.75\u00a0l",
        "price": "$394.00",
        "price_per_quantity": "($525.33 / 1 l)",
        "stock_availability": "Low stock",
        "description": "The quest for perfection and embodiment of the carefully preserved traditional expertise of the Bollinger Champagne House. Revealing a character of depth and refinement , these prestigious wines are only produced when the harvest has reached a perfect balance.Unique know \u2013 how :Vinified exclusively in barrels. Riddled and disgorged by hand.",
        "primary_image": "https://www.heinemann.com.au/medias/527Wx527H-null?context=bWFzdGVyfGltYWdlc3w0ODIwNXxpbWFnZS9qcGVnfGFEQTRMMmc1WWk4eE1UYzRNalV5TmpFM016SXhOQzgxTWpkWGVEVXlOMGhmYm5Wc2JBfDMwMTc0YmJlMmZmZTc0NGJkZTcxNjMyYjQyMGI1OTQ1MDFiNmE2NDc4YWRkNmVjNzgxNjJlNzhlN2IzMmNmNDM&v=1739828856934",
        "images": [
            "https://www.heinemann.com.au/medias/527Wx527H-null?context=bWFzdGVyfGltYWdlc3w0ODIwNXxpbWFnZS9qcGVnfGFEQTRMMmc1WWk4eE1UYzRNalV5TmpFM016SXhOQzgxTWpkWGVEVXlOMGhmYm5Wc2JBfDMwMTc0YmJlMmZmZTc0NGJkZTcxNjMyYjQyMGI1OTQ1MDFiNmE2NDc4YWRkNmVjNzgxNjJlNzhlN2IzMmNmNDM&v=1739828856934",
            "https://www.heinemann.com.au/medias/527Wx527H-null?context=bWFzdGVyfGltYWdlc3wyNzE1MHxpbWFnZS9qcGVnfGFEY3lMMmd5Tnk4eE1UYzRNalV5T1RFNE56ZzNNQzgxTWpkWGVEVXlOMGhmYm5Wc2JBfGVhODllYzk2OWIwMDZmYmU0NDFlMGZjYjk3ZDZiZDM5YTQzODRlZWM4MDBkMGY0NDI2ZTI3YTE0MDllYzdlODU&v=1739829012476",
            "https://www.heinemann.com.au/medias/527Wx527H-null?context=bWFzdGVyfGltYWdlc3w0NDY5N3xpbWFnZS9qcGVnfGFETTVMMmd4WkM4eE1UYzRNalV5T1RRNE1qYzRNaTgxTWpkWGVEVXlOMGhmYm5Wc2JBfDA1YmZiODYwNTlhM2I4YjQwODhkMGNmYWRjYTNjNmM4MzQxZWJlNWZlNzY0ZjdhZWEzYjljNDA1N2JmODgzMTI&v=1739829022279",
            "https://www.heinemann.com.au/medias/527Wx527H-null?context=bWFzdGVyfGltYWdlc3wzMDU1MHxpbWFnZS9qcGVnfGFHTXhMMmd4TXk4eE1UYzRNalV5T1RjeE1qRTFPQzgxTWpkWGVEVXlOMGhmYm5Wc2JBfDk3NzFkYjNhNGRmOWUwN2VmYmZhM2Q1ZTI0YzI3MjVkMTY5MTcwMzk4NjZkZjFhN2Y4MTRmOTI4MTQwOTY1Zjk&v=1739829032320"
        ]
    },
    {
        "product_url": "https://www.heinemann.com.au/en/sydt1/moet-chandon/moet-chandon-ice-imperial-rose-0-75l/p/000000000001284195/",
        "brand_name": "Mo\u00ebt & Chandon",
        "brand_url": "https://www.heinemann.com.au/en/sydt1/moet-chandon/c/BRAND_0468/",
        "product_name": "Mo\u00ebt & Chandon Ice Imperial Ros\u00e9 0.75L",
        "quantity": "0.75\u00a0l",
        "price": "$93.00",
        "price_per_quantity": "($124.00 / 1 l)",
        "stock_availability": "In stock",
        "description": "The first champagne designed to be enjoyed over ice, Mo\u00ebt Ice Imp\u00e9rial is a true expression of the maison\u2019s dedication to innovation \u2013 seductive and fresh with a touch of sweetness. Created especially for those who love to seek out new experiences, Mo\u00ebt Ice Imp\u00e9rial combines fresh flavours with a sumptuous, sweet, fruity bouquet while remaining true to the maison\u2019s style.",
        "primary_image": "https://www.heinemann.com.au/medias/527Wx527H-null?context=bWFzdGVyfGltYWdlc3wzNDc5MHxpbWFnZS9qcGVnfGFESXhMMmcxTkM4eE1UTTBNVGswTURneE56azFNQzgxTWpkWGVEVXlOMGhmYm5Wc2JBfDRmODc2OTU3ZWVhNjYyZWVjYWMzODQzZGUyZWZkYWRkZWViMmRiYzlhM2JhNTA0MzIwMjlmNTdlZDQxNjhjZmU&v=1730324852109",
        "images": []
    },
    {
        "product_url": "https://www.heinemann.com.au/en/sydt1/ruinart/ruinart-blanc-de-blancs-second-skin-0-75l/p/000000000001473295/",
        "brand_name": "Ruinart",
        "brand_url": "https://www.heinemann.com.au/en/sydt1/ruinart/c/BRAND_0441/",
        "product_name": "Ruinart Blanc De Blancs Second Skin 0.75L",
        "quantity": "0.75\u00a0l",
        "price": "$166.00",
        "price_per_quantity": "($221.33 / 1 l)",
        "stock_availability": "In stock",
        "description": "Choose a more sustainable art of gifting with Ruinart new eco-designed packaging. An alternative to the gift box: a 100% paper case*, entirely recyclable and moulded to the shape of the bottle. Echoing the Cray\u00e8res chalk cellars and the wines roundness, it also preserves the taste integrity.",
        "primary_image": "https://www.heinemann.com.au/medias/527Wx527H-null?context=bWFzdGVyfGltYWdlc3w0MzEwNHxpbWFnZS9qcGVnfGFEQmpMMmcwTlM4eE1USTROakEwTVRNMk1qUTJNaTgxTWpkWGVEVXlOMGhmYm5Wc2JBfDBmNmZjNGE1MjhhNDJhYTY2N2Y3Y2M0Nzg5ZTVlM2U4Yzc0OTA5MjlkNTY1ZjkxYmFjYzZiNjNkZjQ3ZWRjOWI&v=1729320855027",
        "images": [
            "https://www.heinemann.com.au/medias/527Wx527H-null?context=bWFzdGVyfGltYWdlc3w0MzEwNHxpbWFnZS9qcGVnfGFEQmpMMmcwTlM4eE1USTROakEwTVRNMk1qUTJNaTgxTWpkWGVEVXlOMGhmYm5Wc2JBfDBmNmZjNGE1MjhhNDJhYTY2N2Y3Y2M0Nzg5ZTVlM2U4Yzc0OTA5MjlkNTY1ZjkxYmFjYzZiNjNkZjQ3ZWRjOWI&v=1729320855027",
            "https://www.heinemann.com.au/medias/527Wx527H-null?context=bWFzdGVyfGltYWdlc3wzMzEyOXxpbWFnZS9qcGVnfGFEbGpMMmd5Tnk4eE1USTROakEwTWpReE1UQXpPQzgxTWpkWGVEVXlOMGhmYm5Wc2JBfDFkMWM3OGRhZTUyZTI2NDlhY2NjNzViNzc2OGU0YTExZmUzMWIwNzkxNTU4MzZkMjdiMWQ0MjhkY2YwOGE3M2M&v=1729320918736"
        ]
    },
    {
        "product_url": "https://www.heinemann-shop.com/en/global/lorenz/lorenz-curly-classic-120g/p/000000000001564273/",
        "brand_name": "Lorenz",
        "brand_url": "https://www.heinemann-shop.com/en/global/lorenz/c/BRAND_2488/",
        "product_name": "Lorenz - Curly Classic - 120g",
        "quantity": "0.12\u00a0kg",
        "price": "",
        "price_per_quantity": "(\u20ac20.75 / 1 kg)",
        "stock_availability": "",
        "description": "Curly are a truly irresistible treat to munch on. Whether in a quiet moment or together with family and friends \u2026 they are so wonderfully crispy on the outside and yet melt in your mouth. And just between you and me: that great peanut taste will charm a smile onto everyone\u00b4s face!",
        "primary_image": "https://www.heinemann-shop.com/medias/527Wx527H-null?context=bWFzdGVyfGltYWdlc3w3NjM3NnxpbWFnZS9qcGVnfGFHUTVMMmc1WXk4eE1UYzRNalkwT1RBMU16SXhOQzgxTWpkWGVEVXlOMGhmYm5Wc2JBfGVmNjc2MTViNjM5MjMyMTdhM2UwYjk2YjQ0ZTYxYTI0ODgzMzRjNDlmZTMzODdmMmRmODUwNjA3ZDIzNjA0NmU&v=1739832110116",
        "images": []
    },
    {
        "product_url": "https://www.heinemann-shop.com/en/global/saltletts/lorenz-saltletts-seeds-cracker-100g/p/000000000001564602/",
        "brand_name": "Saltletts",
        "brand_url": "https://www.heinemann-shop.com/en/global/saltletts/c/BRAND_4772/",
        "product_name": "Lorenz - Saltletts Seeds Cracker - 100g",
        "quantity": "0.1\u00a0kg",
        "price": "\u20ac3.30",
        "price_per_quantity": "(\u20ac33.00 / 1 kg)",
        "stock_availability": "In stock, immediately available",
        "description": "",
        "primary_image": "https://www.heinemann-shop.com/medias/527Wx527H-null?context=bWFzdGVyfGltYWdlc3w5MDc5OXxpbWFnZS9qcGVnfGFEa3hMMmcwTVM4eE1UYzRNalkxTURNek1URTJOaTgxTWpkWGVEVXlOMGhmYm5Wc2JBfGI3MGNiMDA3YThiMWE1ZTZmZWE1NTc3ODZjMzc3MmM3OWNlYzA3YzFiZWM3OGZlZDNhNzhmZGUzYjU4ZWM4MTg&v=1739832324763",
        "images": []
    },
    {
        "product_url": "https://www.heinemann.com.au/en/sydt1/taittinger/taittinger-brut-reserve-brut-white-gift-box-0-75l/p/000000000000058560/",
        "brand_name": "Taittinger",
        "brand_url": "https://www.heinemann.com.au/en/sydt1/taittinger/c/BRAND_0693/",
        "product_name": "Taittinger, Brut R\u00e9serve, brut, white, (gift box), 0.75L",
        "quantity": "0.75\u00a0l",
        "price": "$92.00",
        "price_per_quantity": "($122.67 / 1 l)",
        "stock_availability": "In stock",
        "description": "Taittinger Brut R\u00e9serve, with its high proportion of Chardonnay (40%) and its minimum ageing of three years in our cellars, is a delicately balanced champagne, known for its consistently excellent quality.",
        "primary_image": "https://www.heinemann.com.au/medias/527Wx527H-null?context=bWFzdGVyfGltYWdlc3w1NzMzNHxpbWFnZS9qcGVnfGFEYzBMMmhtTkM4eE1UYzRNalV4T1RJeU5qTTVPQzgxTWpkWGVEVXlOMGhmYm5Wc2JBfGUwZmI4ODZmYTA0YjRmZWUyZjVhNTY0ZjU5YjI5ODQwYTllNmZkZTkzZGE2MWM2YTZmNGE4MWIxMGFhYTNiNTI&v=1739828491416",
        "images": [
            "https://www.heinemann.com.au/medias/527Wx527H-null?context=bWFzdGVyfGltYWdlc3w1NzMzNHxpbWFnZS9qcGVnfGFEYzBMMmhtTkM4eE1UYzRNalV4T1RJeU5qTTVPQzgxTWpkWGVEVXlOMGhmYm5Wc2JBfGUwZmI4ODZmYTA0YjRmZWUyZjVhNTY0ZjU5YjI5ODQwYTllNmZkZTkzZGE2MWM2YTZmNGE4MWIxMGFhYTNiNTI&v=1739828491416",
            "https://www.heinemann.com.au/medias/527Wx527H-null?context=bWFzdGVyfGltYWdlc3wzOTkyNXxpbWFnZS9qcGVnfGFHTm1MMmc1Tnk4eE1UYzRNalV5TVRVNE5UWTVOQzgxTWpkWGVEVXlOMGhmYm5Wc2JBfDU2MzU2YjEwNjk4NGVjY2MxNmZlNTc2NDQ1YmExODUyOWU4Y2Y0NjQwNzljNmJiNWI0OWE5NTRjNGZlOWQxMDA&v=1739828610651"
        ]
    },
    {
        "product_url": "https://www.heinemann.com.au/en/sydt1/veuve-clicquot/veuve-clicquot-la-grande-dame-brut-white-0-75l-giftbox/p/000000000000031241/",
        "brand_name": "Veuve Clicquot",
        "brand_url": "https://www.heinemann.com.au/en/sydt1/veuve-clicquot/c/BRAND_0465/",
        "product_name": "Veuve Clicquot, La Grande Dame, brut, white 0.75L, giftbox",
        "quantity": "0.75\u00a0l",
        "price": "$328.00",
        "price_per_quantity": "($437.33 / 1 l)",
        "stock_availability": "In stock",
        "description": "La Grande Dame is a tribute to the Widow Clicquot, once called \u201cLa Grande Dame de la Champagne\u201d. This exceptional cuv\u00e9e is assembled exclusively with grapes from eight Grand Crus of Pinot Noir and Chardonnay, and matured for a minimum of eight years before release.",
        "primary_image": "https://www.heinemann.com.au/medias/527Wx527H-null?context=bWFzdGVyfGltYWdlc3w3MDA0M3xpbWFnZS9qcGVnfGFERmlMMmd3WkM4eE1UZ3lOVFEzTlRVeE9EUTVOQzgxTWpkWGVEVXlOMGhmYm5Wc2JBfGJhOTM1ZWJjZDYzMmQ5MDRiZTEyZmQzYjkxN2ZhNmUzNTg1MzI0Zjk4OTI4Y2M4N2EzYjJkYmY1MzdjZmMxYzA&v=1740691250804",
        "images": [
            "https://www.heinemann.com.au/medias/527Wx527H-null?context=bWFzdGVyfGltYWdlc3w3MDA0M3xpbWFnZS9qcGVnfGFERmlMMmd3WkM4eE1UZ3lOVFEzTlRVeE9EUTVOQzgxTWpkWGVEVXlOMGhmYm5Wc2JBfGJhOTM1ZWJjZDYzMmQ5MDRiZTEyZmQzYjkxN2ZhNmUzNTg1MzI0Zjk4OTI4Y2M4N2EzYjJkYmY1MzdjZmMxYzA&v=1740691250804",
            "https://www.heinemann.com.au/medias/527Wx527H-null?context=bWFzdGVyfGltYWdlc3wzNzY2OXxpbWFnZS9qcGVnfGFEVmhMMmhqT0M4eE1UZ3lOVFEzT0RjMk1qVXlOaTgxTWpkWGVEVXlOMGhmYm5Wc2JBfGNjZWU3MWFmOGQ5N2JiOGJlOWM2ZDVjODI3OGMwZTM1MmY2NmI2ZTYzZDgzZTA2NWJhZDk0NTE1Y2E0NWU3Yzc&v=1740691476167",
            "https://www.heinemann.com.au/medias/527Wx527H-null?context=bWFzdGVyfGltYWdlc3w0MjA3NHxpbWFnZS9qcGVnfGFHVTVMMmcyT0M4eE1UZ3lOVFEzT1RRMU1EWTFOQzgxTWpkWGVEVXlOMGhmYm5Wc2JBfDZlY2U4MzczZDdjNzM4YTBlODVkNTUxODdjOWNlOTEzZmY1NjY1NWNhZjJhNjc5NzU4ZjY3OGQzZTA3ODQxZTA&v=1740691508084",
            "https://www.heinemann.com.au/medias/527Wx527H-null?context=bWFzdGVyfGltYWdlc3w1Njc1M3xpbWFnZS9qcGVnfGFETXpMMmhqTVM4eE1UZ3lOVFEzT0RrNU1Ua3dNaTgxTWpkWGVEVXlOMGhmYm5Wc2JBfDNhYmYyODc5MjRiNTY2Njk1MjE3ZGFkMjJlZDhjZGRmMDRkMzAyYWI3ZWQ0YjU4MWZiOGViNTQ5OTMyNTIxMDQ&v=1740691486606",
            "https://www.heinemann.com.au/medias/527Wx527H-null?context=bWFzdGVyfGltYWdlc3w5MzY2NXxpbWFnZS9qcGVnfGFERXdMMmczTUM4eE1UZ3lOVFEzT1RJeU1USTNPQzgxTWpkWGVEVXlOMGhmYm5Wc2JBfDBiMGY5M2Y1MTE5ZGE4MjU5MTBhY2I4ODMzNTNiMTEwZjc1ZGFjMjZmMDc2OTJmNjc0YzhjNjkwMmE2ZTU3NzU&v=1740691497199"
        ]
    },
    {
        "product_url": "https://www.heinemann.com.au/en/sydt1/laurent-perrier/laurent-perrier-cuvee-rose-champagne-aoc-brut-rose-0-75l/p/000000000000060226/",
        "brand_name": "Laurent-Perrier",
        "brand_url": "https://www.heinemann.com.au/en/sydt1/laurent-perrier/c/BRAND_0467/",
        "product_name": "Laurent-Perrier, Cuv\u00e9e Ros\u00e9, Champagne, AOC, brut, ros\u00e9 0.75L",
        "quantity": "0.75\u00a0l",
        "price": "$202.00",
        "price_per_quantity": "($269.33 / 1 l)",
        "stock_availability": "Low stock",
        "description": "Since 1968, the house has been constantly developing the qualities of Cuv\u00e9e Ros\u00e9 Laurent-Perrier through the know-how and wide experience of its Cellar Masters. The entire range of techniques, the maceration process, vinification and blending have been deployed to extract the colour and obtain the best just-picked berry-fruit aromas at every step. This is what guarantees the freshness and liveliness of the wine.",
        "primary_image": "https://www.heinemann.com.au/medias/527Wx527H-null?context=bWFzdGVyfGltYWdlc3w5MDA3MHxpbWFnZS9qcGVnfGFHVTVMMmcwWXk4eE1ESTBOalEwTnpFMk9UVTJOaTgxTWpkWGVEVXlOMGhmYm5Wc2JBfDc1ZjQ2NjZiNTZhZmU2YzgxM2NlMWRiMjc0MTA1ZGNhMjg0YzljZDE4OGI1NmIwZmUwNGJlYWE5MWM1M2ZiNDc&v=1705961187947",
        "images": [
            "https://www.heinemann.com.au/medias/527Wx527H-null?context=bWFzdGVyfGltYWdlc3w5MDA3MHxpbWFnZS9qcGVnfGFHVTVMMmcwWXk4eE1ESTBOalEwTnpFMk9UVTJOaTgxTWpkWGVEVXlOMGhmYm5Wc2JBfDc1ZjQ2NjZiNTZhZmU2YzgxM2NlMWRiMjc0MTA1ZGNhMjg0YzljZDE4OGI1NmIwZmUwNGJlYWE5MWM1M2ZiNDc&v=1705961187947",
            "https://www.heinemann.com.au/medias/527Wx527H-null?context=bWFzdGVyfGltYWdlc3w4MzY2NnxpbWFnZS9qcGVnfGFHWTBMMmcyWmk4eE1ESTBOalExT0RRd09EazVNQzgxTWpkWGVEVXlOMGhmYm5Wc2JBfGUxYWE2ZjM3ZTMzZDJmOTM3MjMxMzEwMDg3MmM1Mjg5YjMxZDg3YTNlMTc5MDY2ZTA0NWQ2OWY1YzY1YjFmODk&v=1705961754746"
        ]
    },
    {
        "product_url": "https://www.heinemann-shop.com/en/global/nic-nac-s/nic-nac-s-original-125g/p/000000000001099929/",
        "brand_name": "Nic Nac's",
        "brand_url": "https://www.heinemann-shop.com/en/global/nic-nac-s/c/BRAND_5454/",
        "product_name": "Nic Nac's Original 125g",
        "quantity": "0.125\u00a0kg",
        "price": "\u20ac3.30",
        "price_per_quantity": "(\u20ac26.40 / 1 kg)",
        "stock_availability": "In stock, immediately available",
        "description": "Nic Nac's - combines the best characteristics of traditional roasted peanuts and crunchy and flavourful potato crisps",
        "primary_image": "https://www.heinemann-shop.com/medias/527Wx527H-null?context=bWFzdGVyfGltYWdlc3w4NjA5NnxpbWFnZS9qcGVnfGFHVTVMMmhtT0M4eE1UYzRNalkwTURZek1UZ3pPQzgxTWpkWGVEVXlOMGhmYm5Wc2JBfDdlZjI3NTI3OTc1MzBlMDNmZjZkZDc3MmZhNjFhNWUyOGM2YmU0Mzk4MTczY2NhYTBiYTMyMGZhYTgzYmNjYzU&v=1739831516392",
        "images": []
    },
    {
        "product_url": "https://www.heinemann.com.au/en/sydt1/dom-perignon/dom-perignon-p2-0-75l-gb/p/000000000001188823/",
        "brand_name": "Dom P\u00e9rignon",
        "brand_url": "https://www.heinemann.com.au/en/sydt1/dom-perignon/c/BRAND_5632/",
        "product_name": "Dom P\u00e9rignon P2, 0.75L GB",
        "quantity": "0.75\u00a0l",
        "price": "$726.00",
        "price_per_quantity": "($968.00 / 1 l)",
        "stock_availability": "Low stock",
        "description": "The creation of Dom P\u00e9rignon champagne is centred upon its absolute dedication to vintage wines. Each Vintage wine is created from the best grapes grown in one single year. P2 is the Second Pl\u00e9nitude of Dom P\u00e9rignon, the result of 16 years of elaboration. Both the complementary and contrasting elements that comprise the \"assemblage\" resonate with each other for enhanced intensity, vibrancy and precision. The energy of the wine is at its peak.",
        "primary_image": "https://www.heinemann.com.au/medias/527Wx527H-null?context=bWFzdGVyfGltYWdlc3w0OTExNnxpbWFnZS9qcGVnfGFEQTNMMmczWmk4eE1UVXdNRGsyT1RJNU5Ua3dNaTgxTWpkWGVEVXlOMGhmYm5Wc2JBfDJjYTZlMTdlOTUwYjJlODExZmVjZDcwYTdiYmQwZWY1MzMxMTI1NWU4N2ZmZjhjYzljOGRmNDM4ODk2N2FlMzM&v=1733951253179",
        "images": [
            "https://www.heinemann.com.au/medias/527Wx527H-null?context=bWFzdGVyfGltYWdlc3w0OTExNnxpbWFnZS9qcGVnfGFEQTNMMmczWmk4eE1UVXdNRGsyT1RJNU5Ua3dNaTgxTWpkWGVEVXlOMGhmYm5Wc2JBfDJjYTZlMTdlOTUwYjJlODExZmVjZDcwYTdiYmQwZWY1MzMxMTI1NWU4N2ZmZjhjYzljOGRmNDM4ODk2N2FlMzM&v=1733951253179",
            "https://www.heinemann.com.au/medias/527Wx527H-null?context=bWFzdGVyfGltYWdlc3w1MDY0MXxpbWFnZS9qcGVnfGFETmtMMmd4TkM4eE1UVXdNRGszTmpNME1UQXlNaTgxTWpkWGVEVXlOMGhmYm5Wc2JBfDc2MjBmMDg3MzZmODgxMTZhNWU3YjFlMWIwYzYzZjYwYzA1YmY5YzYwMWE4Yzk2OGM2M2FiOWU0MDNhZDkxZDE&v=1733951632356"
        ]
    },
    {
        "product_url": "https://www.heinemann.com.au/en/sydt1/taittinger/taittinger-brut-reserve-brut-white-0-375l/p/000000000000013730/",
        "brand_name": "Taittinger",
        "brand_url": "https://www.heinemann.com.au/en/sydt1/taittinger/c/BRAND_0693/",
        "product_name": "Taittinger, Brut R\u00e9serve, brut, white 0.375L",
        "quantity": "0.375\u00a0l",
        "price": "$52.00",
        "price_per_quantity": "($138.67 / 1 l)",
        "stock_availability": "In stock",
        "description": "Taittinger Brut R\u00e9serve is a blend of Chardonnay (40%) and Pinot Noir and Pinot Meunier (60%) wines from over 35 different vineyards and vintages, matured to perfection. This high proportion of Chardonnay, unique among fine non-vintage champagnes, and a minimum ageing of three years in the cellars, where it reaches the peak of aromatic maturity, make Taittinger Brut R\u00e9serve a delicately balanced champagne, known for its excellent quality the world over.",
        "primary_image": "https://www.heinemann.com.au/medias/527Wx527H-null?context=bWFzdGVyfGltYWdlc3wzNjUwMXxpbWFnZS9qcGVnfGFESTVMMmcwTmk4eE1UYzRNalV4TVRFek1qY3dNaTgxTWpkWGVEVXlOMGhmYm5Wc2JBfDJjYzY0NDZjYjEyZjAzNWYwZmI1NjBjNjZhY2Y0ZWYxM2VmN2E1YTRlMDgwNTRmZGI0OWI1ZmFhNDUyZTI4MTc&v=1739828108551",
        "images": []
    },
    {
        "product_url": "https://www.heinemann-shop.com/en/global/patatas-fritas-torres/crunchy-vegetable-chips-with-a-characteristic-taste-and-smell/p/000000000001617728/",
        "brand_name": "Patatas Fritas Torres",
        "brand_url": "https://www.heinemann-shop.com/en/global/patatas-fritas-torres/c/BRAND_8528/",
        "product_name": "Crunchy vegetable chips with a characteristic taste and smell.",
        "quantity": "0.09\u00a0kg",
        "price": "",
        "price_per_quantity": "(\u20ac49.89 / 1 kg)",
        "stock_availability": "",
        "description": "A veggie snack which won\u2019t leave you indifferent",
        "primary_image": "https://www.heinemann-shop.com/medias/527Wx527H-null?context=bWFzdGVyfGltYWdlc3w2MTM3MnxpbWFnZS9qcGVnfGFEWXdMMmhqTXk4eE1UUTFNakE0T1RBd09ERTFPQzgxTWpkWGVEVXlOMGhmYm5Wc2JBfGYxOTY3MzI3YWJmODBiMjAxOWU5NzZhNWI5NDA4YTZhM2YxYjFkMWYwNzQzOTJhNzY2OWI1YjhiMzQzNmZmYjg&v=1732830083637",
        "images": []
    },
    {
        "product_url": "https://www.heinemann.com.au/en/sydt1/montaudon/montaudon-brut-tradition-champagne-aoc-brut-white-0-75l/p/000000000001537541/",
        "brand_name": "Montaudon",
        "brand_url": "https://www.heinemann.com.au/en/sydt1/montaudon/c/BRAND_4165/",
        "product_name": "Montaudon, Brut Tradition, Champagne, AOC, brut, white 0.75L",
        "quantity": "0.75\u00a0l",
        "price": "$61.00",
        "price_per_quantity": "($81.33 / 1 l)",
        "stock_availability": "Low stock",
        "description": "Round and full body Champagne characterised by its  fruitiness with a majority of black grape varieties for a rich and elegant tasting",
        "primary_image": "https://www.heinemann.com.au/medias/527Wx527H-null?context=bWFzdGVyfGltYWdlc3wzNjYyOHxpbWFnZS9qcGVnfGFEYzFMMmhrWmk4NU56VXdOekUxTkRZMU56VTRMelV5TjFkNE5USTNTRjl1ZFd4c3xhZWJhZjVkOTIzMTQ4MzViYmRhN2ViYmE4YWM4MmZiZDIzNWU2OTBmMGJmZDk1ZDY2MGIzODc1NDQ1YTcyMTIz&v=1680108327262",
        "images": []
    },
    {
        "product_url": "https://www.heinemann.com.au/en/sydt1/louis-roederer/louis-roederer-collection-brut-white-gift-box-0-75l/p/000000000000011901/",
        "brand_name": "Louis Roederer",
        "brand_url": "https://www.heinemann.com.au/en/sydt1/louis-roederer/c/BRAND_0384/",
        "product_name": "Louis Roederer, Collection, brut, white (gift box) 0.75L",
        "quantity": "0.75\u00a0l",
        "price": "$106.00",
        "price_per_quantity": "($141.33 / 1 l)",
        "stock_availability": "Low stock",
        "description": "A new ambition, a desire for freedom, prompts us today to open a new chapter in the history of our house with Collection. Created from the R\u00e9serve Perp\u00e9tuelle and the R\u00e9serve wines aged in wood, supplemented with the best wines of a harvest, the Cuv\u00e9e Collection is deeply anchored in our roots and the foundation of our house in Reims. Freedom characterizes this wine composition, which arises from what nature entrusts to us.",
        "primary_image": "https://www.heinemann.com.au/medias/527Wx527H-null?context=bWFzdGVyfGltYWdlc3w0MTY4N3xpbWFnZS9qcGVnfGFEa3pMMmczWWk4eE1UYzRNVGMwT0RVNE9EVTNOQzgxTWpkWGVEVXlOMGhmYm5Wc2JBfDdmOTVlM2I2NzM5MzczMGExYzBhODNlNTg0Yjk2MzgzZWRhOWZlODI2ODQyMzRkNzBhYTA4ZTNlOWEyYjQ0ZDk&v=1739827675056",
        "images": [
            "https://www.heinemann.com.au/medias/527Wx527H-null?context=bWFzdGVyfGltYWdlc3w0MTY4N3xpbWFnZS9qcGVnfGFEa3pMMmczWWk4eE1UYzRNVGMwT0RVNE9EVTNOQzgxTWpkWGVEVXlOMGhmYm5Wc2JBfDdmOTVlM2I2NzM5MzczMGExYzBhODNlNTg0Yjk2MzgzZWRhOWZlODI2ODQyMzRkNzBhYTA4ZTNlOWEyYjQ0ZDk&v=1739827675056",
            "https://www.heinemann.com.au/medias/527Wx527H-null?context=bWFzdGVyfGltYWdlc3wzMjcxM3xpbWFnZS9qcGVnfGFERmxMMmc1WWk4eE1UYzRNalV3TnpFek5UQXdOaTgxTWpkWGVEVXlOMGhmYm5Wc2JBfDNjMzdjMzAwMDE1MWVlYmNiYmFhYzRmMWYxZDYzZGYyZDFiYjk1NTJkNGI3OTM0MDA0ZTI5NjA2MjEzMzYxNzE&v=1739827935744",
            "https://www.heinemann.com.au/medias/11901-100-527Wx527H?context=bWFzdGVyfGltYWdlc3w5NjUwN3xpbWFnZS9qcGVnfGFHSXdMMmhrWWk4NU5qQTROemt4TnpFNU9UWTJMekV4T1RBeFh6RXdNRjgxTWpkWGVEVXlOMGd8NjYzNDE0Y2U0MzZjYWE4MTBiZGE0ZTA2Mjg2ZTQ3YmYxY2JiYTAyYTAyMDFkZThjMzZkMjc4MjI0M2EyYWIwZg&v=1627590056341"
        ]
    },
    {
        "product_url": "https://www.heinemann.com.au/en/sydt1/louis-roederer/louis-roederer-rose-vintage-brut-rose-gift-box-0-75l/p/000000000000167581/",
        "brand_name": "Louis Roederer",
        "brand_url": "https://www.heinemann.com.au/en/sydt1/louis-roederer/c/BRAND_0384/",
        "product_name": "Louis Roederer, Ros\u00e9 Vintage, brut, rose (gift box), 0.75L",
        "quantity": "0.75\u00a0l",
        "price": "$165.00",
        "price_per_quantity": "($220.00 / 1 l)",
        "stock_availability": "Low stock",
        "description": "The fruit for this ros\u00e9 is specially sourced from Cumi\u00e8res, a village famous for its perfectly ripe grapes and rigorous viticultural standards. The same care is reflected in this Ros\u00e9 de Saign\u00e9e, combining delicate fruit with elegant pink tones, plus a richness that expresses all the liveliness and structure of the Pinot Noir.",
        "primary_image": "https://www.heinemann.com.au/medias/527Wx527H-null?context=bWFzdGVyfGltYWdlc3w0ODc1M3xpbWFnZS9qcGVnfGFEYzNMMmhoWXk4eE1UYzRNalV3TlRreU1qVTVNQzgxTWpkWGVEVXlOMGhmYm5Wc2JBfDFlNThjYzhhNWY4NGIwYjg4ODhmMjAwZTE1ZGZmMmJiMWMyODlkZmEwOTZlYjUwZGU2ZjMzYTFlZTY0ZTRiNjY&v=1739827866966",
        "images": [
            "https://www.heinemann.com.au/medias/527Wx527H-null?context=bWFzdGVyfGltYWdlc3w0ODc1M3xpbWFnZS9qcGVnfGFEYzNMMmhoWXk4eE1UYzRNalV3TlRreU1qVTVNQzgxTWpkWGVEVXlOMGhmYm5Wc2JBfDFlNThjYzhhNWY4NGIwYjg4ODhmMjAwZTE1ZGZmMmJiMWMyODlkZmEwOTZlYjUwZGU2ZjMzYTFlZTY0ZTRiNjY&v=1739827866966",
            "https://www.heinemann.com.au/medias/527Wx527H-null?context=bWFzdGVyfGltYWdlc3wzMTkwN3xpbWFnZS9qcGVnfGFHTm1MMmd6T0M4eE1UYzRNalV3T1RFMk5qWXlNaTgxTWpkWGVEVXlOMGhmYm5Wc2JBfDE0NDI5ZGEwM2YxYjdhY2ViNTI5ZTdiYTY3ZTc2MTVkMTE1OTAwOWE3MGE4NTY4YTcyN2M3MDI0MjEyNGNmOWE&v=1739828017228"
        ]
    },
    {
        "product_url": "https://www.heinemann.com.au/en/sydt1/brimoncourt/brimoncourt-rose-champagne-aoc-brut-rose-gift-box-0-75l/p/000000000001530519/",
        "brand_name": "Brimoncourt",
        "brand_url": "https://www.heinemann.com.au/en/sydt1/brimoncourt/c/BRAND_9353/",
        "product_name": "Brimoncourt, Ros\u00e9, Champagne, AOC, brut, ros\u00e9 (gift box) 0.75L",
        "quantity": "0.75\u00a0l",
        "price": "$87.00",
        "price_per_quantity": "($116.00 / 1 l)",
        "stock_availability": "Low stock",
        "description": "The Brimoncourt House is located in A\u00ff, historic heart of the Champagne vineyard. Its edifice & gardens are soon to become two-century-old, and this A\u00ff anchorage binds the House to the promise of a meticulous care in each step of the elaboration of its wines. The House saw its rebirth in 2008 under the aegis of Alexandre Cornot, current owner. His quest for excellence relies on the access to the best Crus of Champagne. The House style is characterized by freshness, elegance, and great generosity.",
        "primary_image": "https://www.heinemann.com.au/medias/527Wx527H-null?context=bWFzdGVyfGltYWdlc3w1NzU2MHxpbWFnZS9qcGVnfGFHTmpMMmhrTmk4NU56ZzNNelk1TnpVd05UVTRMelV5TjFkNE5USTNTRjl1ZFd4c3w4YmQ3MmU0ZmVkY2Q5MGIyOWNiNDgxMGJkYjU3OTc5YTdiODhjYjgwZDljYzBjN2UyNTU4NzFlMGUwNWI0ODA5&v=1689314724717",
        "images": [
            "https://www.heinemann.com.au/medias/527Wx527H-null?context=bWFzdGVyfGltYWdlc3w1NzU2MHxpbWFnZS9qcGVnfGFHTmpMMmhrTmk4NU56ZzNNelk1TnpVd05UVTRMelV5TjFkNE5USTNTRjl1ZFd4c3w4YmQ3MmU0ZmVkY2Q5MGIyOWNiNDgxMGJkYjU3OTc5YTdiODhjYjgwZDljYzBjN2UyNTU4NzFlMGUwNWI0ODA5&v=1689314724717",
            "https://www.heinemann.com.au/medias/527Wx527H-null?context=bWFzdGVyfGltYWdlc3wzMzU2OHxpbWFnZS9qcGVnfGFHSTVMMmcwTXk4NU56ZzNNemN4TVRVNU5UZ3lMelV5TjFkNE5USTNTRjl1ZFd4c3w0Nzg2ODc0ZGIyZGRhMTI5NTkyZTQ2YTAzZjU1ZTllNDM5MTg3NWYwOWIxZjJiZTA4NWQ1ODkzNTZlMmI0ZDY1&v=1689314759273"
        ]
    },
    {
        "product_url": "https://www.heinemann-shop.com/en/global/chipsletten/chipsletten-sour-cream-100g/p/000000000001018161/",
        "brand_name": "Chipsletten",
        "brand_url": "https://www.heinemann-shop.com/en/global/chipsletten/c/BRAND_4765/",
        "product_name": "Chipsletten Sour Cream 100g",
        "quantity": "0.1\u00a0kg",
        "price": "",
        "price_per_quantity": "(\u20ac29.00 / 1 kg)",
        "stock_availability": "",
        "description": "Chipsletten are the classic stacked chips with best ingredients and tangy flavourings. Chipsletten are the \u201cgourmet snacker\u2019s\u201d choice with high brand awareness and over 30 years of market experience. They are packed in serving tray and sealed for freshness. With a pleasant hint of Sour Cream this variety the fresh and aromatic choice!",
        "primary_image": "https://www.heinemann-shop.com/medias/527Wx527H-null?context=bWFzdGVyfGltYWdlc3w0OTkyMHxpbWFnZS9qcGVnfGFETTRMMmd6Tmk4eE1UYzRNalkwTWpVNU56a3hPQzgxTWpkWGVEVXlOMGhmYm5Wc2JBfGU1MjRiMjgwODNjNTdhMzNlNmU3MzkxZjVmZmUwOGE1ZDQxNjUzZDVlZTQ3ZDU1NzBhMWQ0YTBlYzUzMjg5YTk&v=1739831614549",
        "images": []
    },
    {
        "product_url": "https://www.heinemann-shop.com/en/global/nutisal/nutisal-dry-roasted-cashew-sea-salt-140g/p/000000000001251809/",
        "brand_name": "Nutisal",
        "brand_url": "https://www.heinemann-shop.com/en/global/nutisal/c/BRAND_6040/",
        "product_name": "Nutisal Dry Roasted Cashew Sea Salt 140g",
        "quantity": "0.14\u00a0kg",
        "price": "\u20ac6.90",
        "price_per_quantity": "(\u20ac49.29 / 1 kg)",
        "stock_availability": "In stock, immediately available",
        "description": "Nutisal is dry roasting the nuts, instead of deep-frying them. By dry roasting we preserve all the healthy ingredients and properties of the nuts. So you may say that we do not complicate things at Nutisal, thus allowing the nuts to be as natural as possible. By only using high-quality large nuts that we dry roast and spice up, we create the perfect mixes for all occasions.",
        "primary_image": "https://www.heinemann-shop.com/medias/527Wx527H-null?context=bWFzdGVyfGltYWdlc3w4MzMwM3xpbWFnZS9qcGVnfGFHVTJMMmcxTUM4eE1USTROVFk0TURrME56SXpNQzgxTWpkWGVEVXlOMGhmYm5Wc2JBfDYwYTczMjgxZmU1M2FhZDZkZWIzZWQyZjExNGMyNzY0ZGEyZWY3ZDQwNGU5NTU3NWFkMzIyM2JlYmY4NmFjNDI&v=1729316913261",
        "images": []
    },
    {
        "product_url": "https://www.heinemann-shop.com/en/global/nutisal/nutisal-dry-roasted-festival-mix-175g/p/000000000001376694/",
        "brand_name": "Nutisal",
        "brand_url": "https://www.heinemann-shop.com/en/global/nutisal/c/BRAND_6040/",
        "product_name": "Nutisal Dry Roasted Festival Mix 175g",
        "quantity": "0.175\u00a0kg",
        "price": "\u20ac6.90",
        "price_per_quantity": "(\u20ac39.43 / 1 kg)",
        "stock_availability": "In stock, immediately available",
        "description": "The very essence of all good that nature has to offer is found in our carefully selected nuts. They are all dry roasted over open flames to preserve their individual qualities, crunch and great taste. We do not add oil or artificial flavours, just pure herbs and spices, giving you a natural and delicious snack at anytime.",
        "primary_image": "https://www.heinemann-shop.com/medias/527Wx527H-null?context=bWFzdGVyfGltYWdlc3w4NTY5NXxpbWFnZS9qcGVnfGFEYzFMMmcxTUM4eE1USTROVGcxTWpNNE9UUXdOaTgxTWpkWGVEVXlOMGhmYm5Wc2JBfDdiY2I4MWQ2MGIwZjBiM2YwZGYyYzBkNzM4ZmQxODIzOWNlMmM0ODE3MzhkMmQ5YTFhNWRhZTI0MGM2ZDQ1MGM&v=1729319361682",
        "images": []
    },
    {
        "product_url": "https://www.heinemann.com.au/en/sydt1/dom-perignon/dom-perignon-0-75l-giftbox/p/000000000001053799/",
        "brand_name": "Dom P\u00e9rignon",
        "brand_url": "https://www.heinemann.com.au/en/sydt1/dom-perignon/c/BRAND_5632/",
        "product_name": "Dom P\u00e9rignon 0.75L, Giftbox",
        "quantity": "0.75\u00a0l",
        "price": "$350.00",
        "price_per_quantity": "($466.67 / 1 l)",
        "stock_availability": "Low stock",
        "description": "Dom P\u00e9rignon has left its mark in the annals of Dom P\u00e9rignon for its ease and generosity. The vine growth was unstressed and without incident, while the bunches were notable for their number and sheer size. The harvest began on 24th September, with the grapes displaying excellent ripeness and health.",
        "primary_image": "https://www.heinemann.com.au/medias/527Wx527H-null?context=bWFzdGVyfGltYWdlc3w2NTI3NXxpbWFnZS9qcGVnfGFHTTNMMmhoWVM4eE1UVTVNek15TmpnMU5ERTNOQzgxTWpkWGVEVXlOMGhmYm5Wc2JBfGFhODlmNzYzMDkzNTI4ZGQxZThkY2RlOTA2ZDJlMjljNjgxYjkzNmY3MzIxNWVhODJmNzU0YTZlNGI5YmM2ZTk&v=1735940687823",
        "images": []
    },
    {
        "product_url": "https://www.heinemann.com.au/en/sydt1/moet-chandon/moet-chandon-imperial-rose-0-75l/p/000000000001509696/",
        "brand_name": "Mo\u00ebt & Chandon",
        "brand_url": "https://www.heinemann.com.au/en/sydt1/moet-chandon/c/BRAND_0468/",
        "product_name": "Mo\u00ebt & Chandon Imp\u00e9rial, rose 0.75L",
        "quantity": "0.75\u00a0l",
        "price": "$89.00",
        "price_per_quantity": "($118.67 / 1 l)",
        "stock_availability": "In stock",
        "description": "Ros\u00e9 Imp\u00e9rial is a spontaneous, radiant, romantic expression of the Mo\u00ebt & Chandon style, one that is distinguished by its bright fruitiness, seductive palate and elegant maturity.",
        "primary_image": "https://www.heinemann.com.au/medias/527Wx527H-null?context=bWFzdGVyfGltYWdlc3wzNzg3OXxpbWFnZS9qcGVnfGFHSTNMMmczTUM4eE1UZ3pNRFUxTmpnMU1qSTFOQzgxTWpkWGVEVXlOMGhmYm5Wc2JBfDE4YmY0MjM2NmM2NjQwZTNkMmM1ZmMxMTY4YjkwOTRkN2U4M2NlMDFkOGIzZTA4ZjZiYTA4NWFiYjE4YzY4MWY&v=1740779180103",
        "images": []
    },
    {
        "product_url": "https://www.heinemann.com.au/en/sydt1/taittinger/taittinger-brut-rose-brut-rose-gift-box-0-75l/p/000000000000089237/",
        "brand_name": "Taittinger",
        "brand_url": "https://www.heinemann.com.au/en/sydt1/taittinger/c/BRAND_0693/",
        "product_name": "Taittinger, Brut Ros\u00e9, brut, ros\u00e9, (gift box), 0.75L",
        "quantity": "0.75\u00a0l",
        "price": "$114.00",
        "price_per_quantity": "($152.00 / 1 l)",
        "stock_availability": "Low stock",
        "description": "Taittinger Prestige Ros\u00e9 stands out for its intense, shimmering hue whose secret lies in the fact that it is a blend, which is more complex and costly to produce",
        "primary_image": "https://www.heinemann.com.au/medias/527Wx527H-null?context=bWFzdGVyfGltYWdlc3w2NDk4OHxpbWFnZS9qcGVnfGFEVXhMMmcwWXk4eE1UYzRNalV4TnpneE56TTNOQzgxTWpkWGVEVXlOMGhmYm5Wc2JBfDdkYmU2Njg3YmFmMWMxOTI4NzRkZjMxZWEzNGEyNDk4MTdhMmQ1MGVhMTVhMmJjYjI3ODZhZWMxYjZjMTQyNjY&v=1739828424938",
        "images": [
            "https://www.heinemann.com.au/medias/527Wx527H-null?context=bWFzdGVyfGltYWdlc3w2NDk4OHxpbWFnZS9qcGVnfGFEVXhMMmcwWXk4eE1UYzRNalV4TnpneE56TTNOQzgxTWpkWGVEVXlOMGhmYm5Wc2JBfDdkYmU2Njg3YmFmMWMxOTI4NzRkZjMxZWEzNGEyNDk4MTdhMmQ1MGVhMTVhMmJjYjI3ODZhZWMxYjZjMTQyNjY&v=1739828424938",
            "https://www.heinemann.com.au/medias/527Wx527H-null?context=bWFzdGVyfGltYWdlc3w1MTIzOXxpbWFnZS9qcGVnfGFHRTNMMmc1TUM4eE1UYzRNalV5TVRNMU5qTXhPQzgxTWpkWGVEVXlOMGhmYm5Wc2JBfDdkOWMxMzhhODVlZDFhY2VjYWZiMjM4YWI1NGU4MTkxODU0MzFiNmM1N2Y4NDJmOWFmYzJkNWU5N2E3OTQzZjc&v=1739828600658"
        ]
    },
    {
        "product_url": "https://www.heinemann.com.au/en/sydt1/lanson/lanson-black-label-rose-label-champagne-aoc-white-rose-brut-duopack-2x0-2l/p/000000000001187530/",
        "brand_name": "Lanson",
        "brand_url": "https://www.heinemann.com.au/en/sydt1/lanson/c/BRAND_1204/",
        "product_name": "Lanson, Black Label/Ros\u00e9 Label, Champagne, AOC, white/rose, brut (duopack) 2x0.2L",
        "quantity": "0.4\u00a0l",
        "price": "$55.00",
        "price_per_quantity": "($137.50 / 1 l)",
        "stock_availability": "Low stock",
        "description": "The style of this champagne blend is constant throughout the years, a balance between power and elegance, strong wine aromas and finesse, truly characteristic of the Lanson style. After ageing for a minimum of 3 years in the cellars, Lanson Black Label is harmonious and fully matured. The House enjoys more than 50 years of experience in making ros\u00e9 champagne, which makes Lanson Rose Label one of the most sought-after champagnes for its caracteristic freshness reminiscent of the Black Label.",
        "primary_image": "https://www.heinemann.com.au/medias/527Wx527H-null?context=bWFzdGVyfGltYWdlc3w1MjAzOHxpbWFnZS9qcGVnfGFEUmhMMmcxWlM4NU56UXhPRGMxTXpRM05EZzJMelV5TjFkNE5USTNTRjl1ZFd4c3w0ZTRhNTM3ZjkwMjVlZDg5NTQ2MGUxZjY4NDc3OTE4ZDcyMDQ2ODI2N2M3MzM4ZTFjMjI4MTRiMmEwMTA3Yjkx&v=1677631217521",
        "images": [
            "https://www.heinemann.com.au/medias/527Wx527H-null?context=bWFzdGVyfGltYWdlc3w1MjAzOHxpbWFnZS9qcGVnfGFEUmhMMmcxWlM4NU56UXhPRGMxTXpRM05EZzJMelV5TjFkNE5USTNTRjl1ZFd4c3w0ZTRhNTM3ZjkwMjVlZDg5NTQ2MGUxZjY4NDc3OTE4ZDcyMDQ2ODI2N2M3MzM4ZTFjMjI4MTRiMmEwMTA3Yjkx&v=1677631217521",
            "https://www.heinemann.com.au/medias/527Wx527H-null?context=bWFzdGVyfGltYWdlc3w1ODQ2MHxpbWFnZS9qcGVnfGFERTBMMmd5TUM4NU56UXhPRGMyT1RVek1URTRMelV5TjFkNE5USTNTRjl1ZFd4c3wzNmQ0MDI0MTFjNDY4OTk3OTI5NDhkNGQ4ZGQ3NWUxNzAwMjQ3MjU4OTY3YjNjMTdjNTg1Mzc2NzBhNDI0MjNm&v=1677631267412"
        ]
    },
    {
        "product_url": "https://www.heinemann-shop.com/en/global/al-rifai/al-rifai-smart-mix-300g/p/000000000001264171/",
        "brand_name": "Al Rifai",
        "brand_url": "https://www.heinemann-shop.com/en/global/al-rifai/c/BRAND_3164/",
        "product_name": "Al Rifai Smart Mix 300g",
        "quantity": "0.3\u00a0kg",
        "price": "\u20ac6.90",
        "price_per_quantity": "(\u20ac23.00 / 1 kg)",
        "stock_availability": "",
        "description": "A \u201csmart\u201d mix that combines a perfect combination of both nuts and kernels roasted with love and packed with care.",
        "primary_image": "https://www.heinemann-shop.com/medias/527Wx527H-null?context=bWFzdGVyfGltYWdlc3w3MDM2MXxpbWFnZS9qcGVnfGFEZG1MMmcwWlM4eE1UTTVOVFk0TWpZek1UY3hNQzgxTWpkWGVEVXlOMGhmYm5Wc2JBfGI3Mjc3N2ZjNWUzNGE4YzY4MTRiZjJlNTRlZTg1MzU0ZjAzYjQwZmIyNzFkMWZlMTM3NDYyMjAzZTcxNmMxZjY&v=1731361015515",
        "images": []
    },
    {
        "product_url": "https://www.heinemann.com.au/en/sydt1/dom-perignon/dom-perignon-brut-rose-0-75l-giftpack/p/000000000001015510/",
        "brand_name": "Dom P\u00e9rignon",
        "brand_url": "https://www.heinemann.com.au/en/sydt1/dom-perignon/c/BRAND_5632/",
        "product_name": "Dom P\u00e9rignon, brut, ros\u00e9 0.75L, Giftpack",
        "quantity": "0.75\u00a0l",
        "price": "$632.00",
        "price_per_quantity": "($842.67 / 1 l)",
        "stock_availability": "Low stock",
        "description": "Dom P\u00e9rignon Ros\u00e9 is a wine of superlatives: a year like no other, defined by extremes. First the vineyard was affected by severe spring frosts and then by an unparalleled heatwave. As a result, the vintage of a perfectly ripe and healthy small harvest is the most precocious since 1822.",
        "primary_image": "https://www.heinemann.com.au/medias/527Wx527H-null?context=bWFzdGVyfGltYWdlc3wzMjg4MXxpbWFnZS9qcGVnfGFEa3pMMmhpTWk4eE1USTROVFUxTXpjd09UQTROaTgxTWpkWGVEVXlOMGhmYm5Wc2JBfGI1OTZhYWM0MTk1ZmYzY2UxZmQ4ZmVlNmI2NGE1NTgxNDJhYmEzMmQ5YWJmZjgzZWI1OTlhYmNhZTUzZWZjYTc&v=1729314550776",
        "images": []
    },
    {
        "product_url": "https://www.heinemann.com.au/en/sydt1/mumm-champagne/mumm-cordon-rouge-rose-0-75l-giftpack/p/000000000001117503/",
        "brand_name": "Mumm Champagne",
        "brand_url": "https://www.heinemann.com.au/en/sydt1/mumm-champagne/c/BRAND_0449/",
        "product_name": "Mumm Cordon Rouge Ros\u00e9 0.75L giftpack",
        "quantity": "0.75\u00a0l",
        "price": "$78.00",
        "price_per_quantity": "($104.00 / 1 l)",
        "stock_availability": "In stock",
        "description": "Fresh and fruity, yet balanced and intense, Mumm Ros\u00e9 champagne reflects the unique style of the House of G.H. MUMM. Its exquisite pink colour comes from the red wines from the renowned and highly sought after Grand Cru vineyards of Bouzy that are added to the blend.",
        "primary_image": "https://www.heinemann.com.au/medias/527Wx527H-null?context=bWFzdGVyfGltYWdlc3wzNDkwNnxpbWFnZS9qcGVnfGFEWXpMMmhqTVM4eE1EVTJPVFF3TWpNeE9EZzNPQzgxTWpkWGVEVXlOMGhmYm5Wc2JBfDY3ZmZjMmMyYTA3MmJkYTdlNDAwZGE4YTViMDFkMmJkZDdhZjk3MWY3YTkzZTkwYmE2NGVkMjIwNWY2ZDUwNGY&v=1713302526764",
        "images": [
            "https://www.heinemann.com.au/medias/527Wx527H-null?context=bWFzdGVyfGltYWdlc3wzNDkwNnxpbWFnZS9qcGVnfGFEWXpMMmhqTVM4eE1EVTJPVFF3TWpNeE9EZzNPQzgxTWpkWGVEVXlOMGhmYm5Wc2JBfDY3ZmZjMmMyYTA3MmJkYTdlNDAwZGE4YTViMDFkMmJkZDdhZjk3MWY3YTkzZTkwYmE2NGVkMjIwNWY2ZDUwNGY&v=1713302526764",
            "https://www.heinemann.com.au/medias/527Wx527H-null?context=bWFzdGVyfGltYWdlc3w1OTkxNnxpbWFnZS9qcGVnfGFEUmpMMmc0TUM4eE1EVTJPVFF3TlRRNU56TTNOQzgxTWpkWGVEVXlOMGhmYm5Wc2JBfDUwYmUzMWI5Mjc4ZDg4OTQ3MTJiYzVhY2MxMTJlZjNhZGU4ZWNhNjRmYTRmYzdkZDQxNzFkNjhkMTkwZmMxNTI&v=1713302718651"
        ]
    },
    {
        "product_url": "https://www.heinemann.com.au/en/sydt1/veuve-clicquot/veuve-clicquot-75cl-rich/p/000000000001631472/",
        "brand_name": "Veuve Clicquot",
        "brand_url": "https://www.heinemann.com.au/en/sydt1/veuve-clicquot/c/BRAND_0465/",
        "product_name": "Veuve Clicquot 75cl RICH",
        "quantity": "0.75\u00a0l",
        "price": "$83.00",
        "price_per_quantity": "($110.67 / 1 l)",
        "stock_availability": "In stock",
        "description": "A new cuv\u00e9e, easy to drink, with a dosage of 55gr/l",
        "primary_image": "https://www.heinemann.com.au/medias/527Wx527H-null?context=bWFzdGVyfGltYWdlc3wzNTEyN3xpbWFnZS9qcGVnfGFESXdMMmczT0M4eE1USTROalF3TWpNMk56VXhPQzgxTWpkWGVEVXlOMGhmYm5Wc2JBfDBhOGY0Yjg4NjQ1YTU0ZWE0YzQzMjEwZDBmOGNiYzIyYTA5MDA5MzM4NTA4MDE5YWEwZjE0YWJlZjZmZWI1YTc&v=1729324655868",
        "images": []
    },
    {
        "product_url": "https://www.heinemann.com.au/en/sydt1/moet-chandon/moet-chandon-ice-imperial-0-75l/p/000000000001027981/",
        "brand_name": "Mo\u00ebt & Chandon",
        "brand_url": "https://www.heinemann.com.au/en/sydt1/moet-chandon/c/BRAND_0468/",
        "product_name": "Moet & Chandon Ice Imperial 0.75L",
        "quantity": "0.75\u00a0l",
        "price": "$86.00",
        "price_per_quantity": "($114.67 / 1 l)",
        "stock_availability": "In stock",
        "description": "Mo\u00ebt Ice Imp\u00e9rial, the first and only refreshing champagne specially created to be enjoyed on ice. A new champagne experience combining free, fresh and fun sensations while remaining true to the Mo\u00ebt & Chandon style. A style that distinguishes itself by its bright fruitiness, its seductive palate and its elegant maturity.",
        "primary_image": "https://www.heinemann.com.au/medias/527Wx527H-null?context=bWFzdGVyfGltYWdlc3wzNDc5OXxpbWFnZS9qcGVnfGFEUTNMMmhrWWk4eE1UYzJNakUwTlRFNU9ERXhNQzgxTWpkWGVEVXlOMGhmYm5Wc2JBfDhmY2YxZWQ1NzFiZmMxMDQwYzZiZjYxZDFhNDQ3NDY0YTZjY2NhOTYxOWUwZjk3OTA2ZGJjZDk0NjkwYzk2YzY&v=1739480957626",
        "images": []
    },
    {
        "product_url": "https://www.heinemann.com.au/en/sydt1/bollinger/bollinger-special-cuvee-champagne-aoc-brut-white-1-5l/p/000000000001194541/",
        "brand_name": "Bollinger",
        "brand_url": "https://www.heinemann.com.au/en/sydt1/bollinger/c/BRAND_2318/",
        "product_name": "Bollinger, Special Cuv\u00e9e, Champagne, AOC brut, white 1.5L",
        "quantity": "1.5\u00a0l",
        "price": "$235.00",
        "price_per_quantity": "($156.67 / 1 l)",
        "stock_availability": "In stock",
        "description": "An icon among non-vintage champagnes. Special Cuv\u00e9e is the result of the delicate blending between harvest grapes and a majority of reserve wines, including some aged in magnums for more than 15 years in Bollinger\u2019s cellars. Special Cuv\u00e9e is perfect shared among friends, for a simple and meaningful moment. It is the champagne we give to the people we love and who love nice things. To enhance its unique style, bouquet and aromas, Special Cuv\u00e9e is best served between 8 and 10\u00b0C.",
        "primary_image": "https://www.heinemann.com.au/medias/527Wx527H-null?context=bWFzdGVyfGltYWdlc3w0MDYwNXxpbWFnZS9qcGVnfGFHUmtMMmd5WlM4eE1UYzRNalV6TWpVMk1qazNOQzgxTWpkWGVEVXlOMGhmYm5Wc2JBfDNjZTZlZTJhMThmNjNiMDg2Nzk2NWUxYjc2MGE4YzFlMmY2YTg5ZmU2NTRjYTRiNzY5YTA1ZGM4M2ViZmFlZTU&v=1739829173349",
        "images": []
    },
    {
        "product_url": "https://www.heinemann-shop.com/en/global/m-m/m-m-s-choco-milk-chocolate-in-a-sugar-shell-330g/p/000000000001626530/",
        "brand_name": "M&M",
        "brand_url": "https://www.heinemann-shop.com/en/global/m-m/c/BRAND_2969/",
        "product_name": "M&M's Choco milk chocolate in a sugar shell 330g",
        "quantity": "0.33\u00a0kg",
        "price": "\u20ac8.50",
        "price_per_quantity": "(\u20ac25.76 / 1 kg)",
        "stock_availability": "In stock, immediately available",
        "description": "These world famous chocolates in a colorful candy shell are instantly recognizable all over the globe. M&M'S Choco is made of delicious milk chocolate.",
        "primary_image": "https://www.heinemann-shop.com/medias/527Wx527H-null?context=bWFzdGVyfGltYWdlc3w3MTQ0NHxpbWFnZS9qcGVnfGFEVm1MMmd5WXk4eE1EY3pOVGsxTmprNE16Z3pPQzgxTWpkWGVEVXlOMGhmYm5Wc2JBfDQ5OGIyMDEwYjJiYjg1YzRjNzFkZTliMTg4ZTQ5YmEyOWU2NTAzNWMxNzc5MjA0MTMzN2VjOWY1N2NhMjc0ZGI&v=1717629009894",
        "images": []
    },
    {
        "product_url": "https://www.heinemann.com.au/en/sydt1/mumm-champagne/mumm-champagne-france-cordon-rouge-brut-0-75l/p/000000000000662463/",
        "brand_name": "Mumm Champagne",
        "brand_url": "https://www.heinemann.com.au/en/sydt1/mumm-champagne/c/BRAND_0449/",
        "product_name": "Mumm Champagne France Cordon Rouge Brut 0.75L",
        "quantity": "0.75\u00a0l",
        "price": "$59.00",
        "price_per_quantity": "($78.67 / 1 l)",
        "stock_availability": "In stock",
        "description": "Symbolising the excellence and know-how of the house since its founding, the Cordon Rouge vintage is a complex blend of over 77 wines. G.H. Mumm Cordon Rouge offers a consistent style and a subtle balance between freshness and intensity.",
        "primary_image": "https://www.heinemann.com.au/medias/527Wx527H-null?context=bWFzdGVyfGltYWdlc3w2NjI2OHxpbWFnZS9qcGVnfGFESmxMMmhpTnk4eE1EQXlORGszT0RRME9EUXhOQzgxTWpkWGVEVXlOMGhmYm5Wc2JBfDMzYjdhODM0YTQwNmMxZmU5MzY3YjU1ODdhODdiNzg3MWI0NmFiMDJhYzRiYjM0ZjcwMjkwNDQ2ODJlOGY4MGI&v=1700561414746",
        "images": [
            "https://www.heinemann.com.au/medias/527Wx527H-null?context=bWFzdGVyfGltYWdlc3w2NjI2OHxpbWFnZS9qcGVnfGFESmxMMmhpTnk4eE1EQXlORGszT0RRME9EUXhOQzgxTWpkWGVEVXlOMGhmYm5Wc2JBfDMzYjdhODM0YTQwNmMxZmU5MzY3YjU1ODdhODdiNzg3MWI0NmFiMDJhYzRiYjM0ZjcwMjkwNDQ2ODJlOGY4MGI&v=1700561414746",
            "https://www.heinemann.com.au/medias/527Wx527H-null?context=bWFzdGVyfGltYWdlc3wzNzQ5M3xpbWFnZS9qcGVnfGFEVTFMMmhpWlM4eE1EQXlORGszT0RZM056YzVNQzgxTWpkWGVEVXlOMGhmYm5Wc2JBfGY0NGM4ZDBhYWEzODcwMDA2MDYzMWEwYjcyYWFjOWRjODY1MmU3NWMxODE4NmU3ZGZiMjIzZjNkYTNlNmZiMzE&v=1700561431354",
            "https://www.heinemann.com.au/medias/527Wx527H-null?context=bWFzdGVyfGltYWdlc3w1ODE0NnxpbWFnZS9qcGVnfGFHTmpMMmhqTnk4eE1EQXlORGszT0Rrd056RTJOaTgxTWpkWGVEVXlOMGhmYm5Wc2JBfDAzMDRiMTk4ZWE0NDVjZGRhYjI1NmU4ODY5NTY4YjFiZGZiMWNjOGZlNWE3OWY0ZWFiZGU0YzAxZjU1MGUyOWI&v=1700561440826",
            "https://www.heinemann.com.au/medias/527Wx527H-null?context=bWFzdGVyfGltYWdlc3w2MDgzOXxpbWFnZS9qcGVnfGFEWXdMMmhsT1M4eE1EQXlORGszT1RFek5qVTBNaTgxTWpkWGVEVXlOMGhmYm5Wc2JBfDU2ZTk5YWViMDAyNmNkZTNjOWQ5ZGY5MmFkMjgyZGYwOGFmMjI5M2U3ZjA3ZjdjM2MzY2NiZmRiYjYxYWNkNDg&v=1700561449961"
        ]
    },
    {
        "product_url": "https://www.heinemann.com.au/en/sydt1/moet-chandon/moet-chandon-brut-imperial-white-1-5l-giftpack/p/000000000000840411/",
        "brand_name": "Mo\u00ebt & Chandon",
        "brand_url": "https://www.heinemann.com.au/en/sydt1/moet-chandon/c/BRAND_0468/",
        "product_name": "Mo\u00ebt & Chandon Brut Imp\u00e9rial, white 1.5L Giftpack",
        "quantity": "1.5\u00a0l",
        "price": "$158.00",
        "price_per_quantity": "($105.33 / 1 l)",
        "stock_availability": "In stock",
        "description": "Mo\u00ebt Imp\u00e9rial is the house\u2019s most iconic champagne. Created in 1869, it embodies Mo\u00ebt & Chandon\u2019s unique style, one that is distinguished by its bright fruitiness, seductive palate and elegant maturity.",
        "primary_image": "https://www.heinemann.com.au/medias/527Wx527H-null?context=bWFzdGVyfGltYWdlc3wzNzkwN3xpbWFnZS9qcGVnfGFHSmxMMmd5TVM4eE1EVTNPVEkxTmpnd016TTFPQzgxTWpkWGVEVXlOMGhmYm5Wc2JBfDQ3Mzk0MzM2MWUxNTcyYTRhNDFmNGFmYjk3MjFmY2UwZDBiNmFlODUxNDQ2ZTZjNDEyNGI1MzM2ZjlkZDU0YmY&v=1713561783418",
        "images": [
            "https://www.heinemann.com.au/medias/527Wx527H-null?context=bWFzdGVyfGltYWdlc3wzNzkwN3xpbWFnZS9qcGVnfGFHSmxMMmd5TVM4eE1EVTNPVEkxTmpnd016TTFPQzgxTWpkWGVEVXlOMGhmYm5Wc2JBfDQ3Mzk0MzM2MWUxNTcyYTRhNDFmNGFmYjk3MjFmY2UwZDBiNmFlODUxNDQ2ZTZjNDEyNGI1MzM2ZjlkZDU0YmY&v=1713561783418",
            "https://www.heinemann.com.au/medias/527Wx527H-null?context=bWFzdGVyfGltYWdlc3w1ODI2OXxpbWFnZS9qcGVnfGFHUmlMMmhsWVM4eE1UZ3hOemt6TlRBME5EWXpPQzgxTWpkWGVEVXlOMGhmYm5Wc2JBfDI5YTdiNWY1YmU3Yzc5MDE3ZGQ0YWRjYWU2ODkyMzNlODZlZGYwYTQwN2JhZGI3ZmRmMTUyMmQ3ZjU4MGZhMzg&v=1740520116376"
        ]
    },
    {
        "product_url": "https://www.heinemann-shop.com/en/global/sal-de-ibiza/sal-de-ibiza-chips-smoky-paprika-125-g/p/000000000001618561/",
        "brand_name": "Sal de Ibiza",
        "brand_url": "https://www.heinemann-shop.com/en/global/sal-de-ibiza/c/BRAND_0297/",
        "product_name": "Sal de Ibiza Chips \"Smoky P\u00e1prika\", 125 g",
        "quantity": "0.125\u00a0kg",
        "price": "",
        "price_per_quantity": "(\u20ac51.92 / 1 kg)",
        "stock_availability": "",
        "description": "Quality, tradition and passion, melt together in a stylish pink packaging. A delicious gourmet chip, baked in virgin subflower oil and finished with exquisite ingredients.",
        "primary_image": "https://www.heinemann-shop.com/medias/527Wx527H-null?context=bWFzdGVyfGltYWdlc3w1NzY1OHxpbWFnZS9qcGVnfGFESmlMMmczWWk4eE1ESXpNell3TWpZek56ZzFOQzgxTWpkWGVEVXlOMGhmYm5Wc2JBfDYwZTEzMmFjNGQ1YWY1OWE1ZjgxYjY4MDA2NGI4Yzg2MGU3OGYzOGE3NzQ2NmI1ZmMxOTA5OWNmYzIyY2RjNGY&v=1705646553744",
        "images": []
    },
    {
        "product_url": "https://www.heinemann.com.au/en/sydt1/brimoncourt/brimoncourt-extra-brut-champagne-aoc-extra-brut-white-gift-box-0-75l/p/000000000001530518/",
        "brand_name": "Brimoncourt",
        "brand_url": "https://www.heinemann.com.au/en/sydt1/brimoncourt/c/BRAND_9353/",
        "product_name": "Brimoncourt, Extra Brut, Champagne, AOC, extra-brut, white (gift box) 0.75L",
        "quantity": "0.75\u00a0l",
        "price": "$101.00",
        "price_per_quantity": "($134.67 / 1 l)",
        "stock_availability": "In stock",
        "description": "The Brimoncourt House is located in A\u00ff, historic heart of the Champagne vineyard. Its edifice & gardens are soon to become two-century-old, and this A\u00ff anchorage binds the House to the promise of a meticulous care in each step of the elaboration of its wines. The House saw its rebirth in 2008 under the aegis of Alexandre Cornot, current owner. His quest for excellence relies on the access to the best Crus of Champagne. The House style is characterized by freshness, elegance, and great generosity.",
        "primary_image": "https://www.heinemann.com.au/medias/527Wx527H-null?context=bWFzdGVyfGltYWdlc3w2ODIxMXxpbWFnZS9qcGVnfGFHUTBMMmc1TXk4NU56azBNREUyTVRFMk56WTJMelV5TjFkNE5USTNTRjl1ZFd4c3xjZmQzMjg2ZDkzZmNlMmRmMjU2MmZhZDkyYjE5MzNjZDZjNDdmZDAxY2MyMGMzYThmNmE4YzNhZjdiMTEwZDAz&v=1690208719562",
        "images": [
            "https://www.heinemann.com.au/medias/527Wx527H-null?context=bWFzdGVyfGltYWdlc3w2ODIxMXxpbWFnZS9qcGVnfGFHUTBMMmc1TXk4NU56azBNREUyTVRFMk56WTJMelV5TjFkNE5USTNTRjl1ZFd4c3xjZmQzMjg2ZDkzZmNlMmRmMjU2MmZhZDkyYjE5MzNjZDZjNDdmZDAxY2MyMGMzYThmNmE4YzNhZjdiMTEwZDAz&v=1690208719562",
            "https://www.heinemann.com.au/medias/527Wx527H-null?context=bWFzdGVyfGltYWdlc3wzNTA0MnxpbWFnZS9qcGVnfGFHRmpMMmc0WXk4NU56azBNREUyTXpRMk1UUXlMelV5TjFkNE5USTNTRjl1ZFd4c3w3NGQ1NGM3MGNhZWU4MTc4NWEzOGE4ZDA3NDdiYzFlMTMwZmE3MjM0M2JhODY0Yjg3YzBiZDU2Mjg4YWQ0MTg4&v=1690208724858"
        ]
    },
    {
        "product_url": "https://www.heinemann.com.au/en/sydt1/taittinger/taittinger-prelude-brut-white-gift-box-0-75l/p/000000000000682789/",
        "brand_name": "Taittinger",
        "brand_url": "https://www.heinemann.com.au/en/sydt1/taittinger/c/BRAND_0693/",
        "product_name": "Taittinger, Pr\u00e9lude, brut, white (gift box) 0.75L",
        "quantity": "0.75\u00a0l",
        "price": "$128.00",
        "price_per_quantity": "($170.67 / 1 l)",
        "stock_availability": "In stock",
        "description": "Pr\u00e9lude Grands Crus is composed of grapes coming exclusively from the top Grands Crus vineyards classified as \"100%\" in the Champagne system.",
        "primary_image": "https://www.heinemann.com.au/medias/527Wx527H-null?context=bWFzdGVyfGltYWdlc3w3MTAyOHxpbWFnZS9qcGVnfGFHVTJMMmd6T0M4eE1UYzRNalV5TkRFME1UVTVPQzgxTWpkWGVEVXlOMGhmYm5Wc2JBfGI5NTdhY2Q2YjQ5MDFhNThlNTYzNmQzNzU3YmEwZDVkMzk0YzA1N2JkMGRkYWEwNTRiYzM2MjE2NGE3NWQ3NTQ&v=1739828754350",
        "images": []
    },
    {
        "product_url": "https://www.heinemann-shop.com/en/global/m-m/m-m-s-choco-block-165g/p/000000000001448678/",
        "brand_name": "M&M",
        "brand_url": "https://www.heinemann-shop.com/en/global/m-m/c/BRAND_2969/",
        "product_name": "M&M's Choco Block 165g",
        "quantity": "0.165\u00a0kg",
        "price": "",
        "price_per_quantity": "(\u20ac34.55 / 1 kg)",
        "stock_availability": "",
        "description": "M&M\u2019s Block; your favorite chocolate brand is now available in a block! Each flavor of M&M\u2019s block contains mini M&M\u2019s encased in milk chocolate. The blocks come in five variants: chocolate; crispy; hazelnut; peanut and almond.",
        "primary_image": "https://www.heinemann-shop.com/medias/527Wx527H-null?context=bWFzdGVyfGltYWdlc3w1MTMyMnxpbWFnZS9qcGVnfGFHVTVMMmcwTVM4NU9EQXhNREV5T1RNMk56TTBMelV5TjFkNE5USTNTRjl1ZFd4c3w5MmFkZjc1ZTEwZjYyODZkZWRjOWIxNGUzZDQ3YjdmODUxZGMyYTUyOGQ0ZmYwYzFjMjlkYmVmMmJjMzUzMWZh&v=1691495441174",
        "images": []
    },
    {
        "product_url": "https://www.heinemann.com.au/en/sydt1/louis-roederer/louis-roederer-cristal-brut-white-gift-box-0-75l/p/000000000000017873/",
        "brand_name": "Louis Roederer",
        "brand_url": "https://www.heinemann.com.au/en/sydt1/louis-roederer/c/BRAND_0384/",
        "product_name": "Louis Roederer, Cristal, brut, white, (gift box), 0.75L",
        "quantity": "0.75\u00a0l",
        "price": "$485.00",
        "price_per_quantity": "($646.67 / 1 l)",
        "stock_availability": "Low stock",
        "description": "This cuvee is made only from great vintages in which the ripeness of the Chardonnay and Pinot Noir grapes enabled a subtle, precise balance to be produced. Cristal was the first top-class cuvee of Champagne; it was first created for Tsar Alexander II.",
        "primary_image": "https://www.heinemann.com.au/medias/527Wx527H-null?context=bWFzdGVyfGltYWdlc3wzMTg2OXxpbWFnZS9qcGVnfGFHUTRMMmc1WWk4eE1UYzRNalV3TlRRMk16Z3pPQzgxTWpkWGVEVXlOMGhmYm5Wc2JBfGQ2YzBhNGQ3YzgwY2M0NWNiNjMyOTdmMjJkMDMzNzlmYTFmNjY1MzBkZDYxNjQ1M2I5YTNlYzExODJjNDU2YjM&v=1739827840877",
        "images": [
            "https://www.heinemann.com.au/medias/527Wx527H-null?context=bWFzdGVyfGltYWdlc3wzMTg2OXxpbWFnZS9qcGVnfGFHUTRMMmc1WWk4eE1UYzRNalV3TlRRMk16Z3pPQzgxTWpkWGVEVXlOMGhmYm5Wc2JBfGQ2YzBhNGQ3YzgwY2M0NWNiNjMyOTdmMjJkMDMzNzlmYTFmNjY1MzBkZDYxNjQ1M2I5YTNlYzExODJjNDU2YjM&v=1739827840877",
            "https://www.heinemann.com.au/medias/527Wx527H-null?context=bWFzdGVyfGltYWdlc3wzOTE4OXxpbWFnZS9qcGVnfGFHTTVMMmc1Tnk4eE1EWTVNREl4T0RNeU9EQTVOQzgxTWpkWGVEVXlOMGhmYm5Wc2JBfDhiODE4YzZiNzY1YjNjZjU5MzkzNjU0MjI3NjFjMzAwYjI5ZjZkYjU5NTJjYjFjNzAwM2JiODI0ODI1MjU3MGU&v=1716502971626",
            "https://www.heinemann.com.au/medias/527Wx527H-null?context=bWFzdGVyfGltYWdlc3wyNDg3NXxpbWFnZS9qcGVnfGFEQXlMMmd4Tmk4eE1UYzRNalV3T0Rrek56STBOaTgxTWpkWGVEVXlOMGhmYm5Wc2JBfGY4NWMzZmRhZWFjMWY4OGM1MjBiMGM2ODBjNzI1NWYxNDhiZmNhYTZmODUxNTIyYWE4Mzg5MjZkNjFkYzk1NDA&v=1739828007138"
        ]
    },
    {
        "product_url": "https://www.heinemann-shop.com/en/global/nutisal/nutisal-dry-roasted-cashew-sourcreme-onion-140g/p/000000000001251810/",
        "brand_name": "Nutisal",
        "brand_url": "https://www.heinemann-shop.com/en/global/nutisal/c/BRAND_6040/",
        "product_name": "Nutisal Dry Roasted Cashew SourCreme&Onion 140g",
        "quantity": "0.14\u00a0kg",
        "price": "\u20ac6.90",
        "price_per_quantity": "(\u20ac49.29 / 1 kg)",
        "stock_availability": "In stock, immediately available",
        "description": "Nutisal is dry roasting the nuts, instead of deep-frying them. By dry roasting we preserve all the healthy ingredients and properties of the nuts. So you may say that we do not complicate things at Nutisal, thus allowing the nuts to be as natural as possible. By only using high-quality large nuts that we dry roast and spice up, we create the perfect mixes for all occasions.",
        "primary_image": "https://www.heinemann-shop.com/medias/527Wx527H-null?context=bWFzdGVyfGltYWdlc3w4NjM1MXxpbWFnZS9qcGVnfGFHSTVMMmhoWlM4eE1UWTNORGcwTWpRek1UVXhPQzgxTWpkWGVEVXlOMGhmYm5Wc2JBfGU3YjVkZDc5ZjkyMDkyOTg0MWNmNTYwMDIyNTA4ZWFlMzkyZTYzMjY2ZGNjOThlM2JhNGViNWFhMGU3NzQxNDA&v=1737667607588",
        "images": []
    },
    {
        "product_url": "https://www.taxfree-heinemann.dk/en/global/vitayummy/vitayummy-collagen-vitamin-c-biotin-zinc-tropical-60-gummies-150g/p/000000000001559489/",
        "brand_name": "VitaYummy",
        "brand_url": "https://www.taxfree-heinemann.dk/en/global/vitayummy/c/BRAND_9361/",
        "product_name": "VitaYummy Collagen + Vitamin C, Biotin, Zinc Tropical 60 gummies 150g",
        "quantity": "0.15\u00a0kg",
        "price": "179,00 kr.",
        "price_per_quantity": "(1.193,33 kr. / 1 kg)",
        "stock_availability": "",
        "description": "Groundbreaking VitaYummy news!",
        "primary_image": "https://www.taxfree-heinemann.dk/medias/527Wx527H-null?context=bWFzdGVyfGltYWdlc3w1ODcyMHxpbWFnZS9qcGVnfGFEa3dMMmcxTkM4eE1EQXdNVEl6TkRVMU9UQXdOaTgxTWpkWGVEVXlOMGhmYm5Wc2JBfDhiNjg2MGYyNTczNTAwNzc4OTA1ZTRlMDQ4MmMwNjhhZTIwMGZmMjcwNmJmMzQ1NWE4OTZkNmQwZTA3NDI3MWI&v=1699923466202",
        "images": []
    },
    {
        "product_url": "https://www.heinemann.com.au/en/sydt1/moet-chandon/moet-chandon-brut-vintage-white-0-75l-giftpack/p/000000000001084871/",
        "brand_name": "Mo\u00ebt & Chandon",
        "brand_url": "https://www.heinemann.com.au/en/sydt1/moet-chandon/c/BRAND_0468/",
        "product_name": "Mo\u00ebt & Chandon Brut Vintage, white 0.75L Giftpack",
        "quantity": "0.75\u00a0l",
        "price": "$112.00",
        "price_per_quantity": "($149.33 / 1 l)",
        "stock_availability": "In stock",
        "description": "Grand Vintage is the perfect embodiment of the Mo\u00ebt & Chandon Grand Vintage spirit",
        "primary_image": "https://www.heinemann.com.au/medias/527Wx527H-null?context=bWFzdGVyfGltYWdlc3w2MzMyM3xpbWFnZS9qcGVnfGFHSm1MMmhpWmk4eE1UZ3lOVFEzTnpNeU1EY3pOQzgxTWpkWGVEVXlOMGhmYm5Wc2JBfDY3M2RlYWZlMzU0OWI0ZjhmODFiOWQxZGMwNWY0NzkwOTE5Y2MxOTQ3MTk3MjhlYWNmNjM5MjBhNDhhZTE4ZDk&v=1740691391785",
        "images": [
            "https://www.heinemann.com.au/medias/527Wx527H-null?context=bWFzdGVyfGltYWdlc3w2MzMyM3xpbWFnZS9qcGVnfGFHSm1MMmhpWmk4eE1UZ3lOVFEzTnpNeU1EY3pOQzgxTWpkWGVEVXlOMGhmYm5Wc2JBfDY3M2RlYWZlMzU0OWI0ZjhmODFiOWQxZGMwNWY0NzkwOTE5Y2MxOTQ3MTk3MjhlYWNmNjM5MjBhNDhhZTE4ZDk&v=1740691391785",
            "https://www.heinemann.com.au/medias/527Wx527H-null?context=bWFzdGVyfGltYWdlc3wzNzk3NHxpbWFnZS9qcGVnfGFEVmtMMmcxT0M4eE1UZ3lOVFEzT1Rrd09UUXdOaTgxTWpkWGVEVXlOMGhmYm5Wc2JBfDcwYzQ4MzFiMGYxMWE1ZWUyNjU2MjIxZTQwZjBmYmY5ODUwNmYwZmQxNjg4MTVhZWY5ZjgyNWZmMzc0NjExZTA&v=1740691529686"
        ]
    },
    {
        "product_url": "https://www.taxfree-heinemann.dk/en/global/vitayummy/vitayummy-hair-nails-vitamins-raspberry-60-gummies-180g/p/000000000001559486/",
        "brand_name": "VitaYummy",
        "brand_url": "https://www.taxfree-heinemann.dk/en/global/vitayummy/c/BRAND_9361/",
        "product_name": "VitaYummy Hair & Nails Vitamins Raspberry 60 gummies 180g",
        "quantity": "0.18\u00a0kg",
        "price": "159,00 kr.",
        "price_per_quantity": "(883,33 kr. / 1 kg)",
        "stock_availability": "In stock",
        "description": "The popular hair vitamin",
        "primary_image": "https://www.taxfree-heinemann.dk/medias/527Wx527H-null?context=bWFzdGVyfGltYWdlc3w1OTcyMXxpbWFnZS9qcGVnfGFEVXhMMmczTVM4eE1EQXdNVEl6TVRZME1qWTFOQzgxTWpkWGVEVXlOMGhmYm5Wc2JBfGNmMzI0N2VlZmY1N2M0N2YwMjFiYWRiNTljNTJmODU4NjQyY2Q2NzM0OTlmOGMzMzQ1MWFkZGFlNDMwYzBjZDE&v=1699923343310",
        "images": []
    },
    {
        "product_url": "https://www.heinemann-shop.com/en/global/lorenz/lorenz-snack-world-studentenfutter-original-175g/p/000000000001265957/",
        "brand_name": "Lorenz",
        "brand_url": "https://www.heinemann-shop.com/en/global/lorenz/c/BRAND_2488/",
        "product_name": "Lorenz Snack-World Studentenfutter Original 175g",
        "quantity": "0.175\u00a0kg",
        "price": "",
        "price_per_quantity": "(\u20ac30.29 / 1 kg)",
        "stock_availability": "",
        "description": "For the manufacturing process of Lorenz Studentenfutter Original we only use raw materials from the top cultivation areas in the world, which we process, mix and pack under protective atmosphere. Aromatic almonds, noble cashew kernels, delicious hazelnuts, crunchy peanuts and fruity raisins.",
        "primary_image": "https://www.heinemann-shop.com/medias/527Wx527H-null?context=bWFzdGVyfGltYWdlc3w2ODY4MnxpbWFnZS9qcGVnfGFEZzFMMmcwTnk4eE1UYzRNalkwTWpBM016WXpNQzgxTWpkWGVEVXlOMGhmYm5Wc2JBfGQ5NTUzOTRjNzNhMmUwZjk4YTZiYjg2ZTMwOTc4NzY4YTA3ZTQwMDkxMWU4OTIzNjYwYWRlNTJiNDQxZjM0YmU&v=1739831588615",
        "images": []
    },
    {
        "product_url": "https://www.taxfree-heinemann.dk/en/global/vitayummy/vitayummy-adults-multi-vitamins-strawberry-60-gummies-180g/p/000000000001559487/",
        "brand_name": "VitaYummy",
        "brand_url": "https://www.taxfree-heinemann.dk/en/global/vitayummy/c/BRAND_9361/",
        "product_name": "VitaYummy Adults Multi Vitamins Strawberry 60 gummies 180g",
        "quantity": "0.18\u00a0kg",
        "price": "159,00 kr.",
        "price_per_quantity": "(883,33 kr. / 1 kg)",
        "stock_availability": "In stock",
        "description": "Delicious and tasty daily vitamins",
        "primary_image": "https://www.taxfree-heinemann.dk/medias/527Wx527H-null?context=bWFzdGVyfGltYWdlc3w1OTkyOXxpbWFnZS9qcGVnfGFERXdMMmhsTWk4eE1EQXdNVEl6TWpnMU5UQTNNQzgxTWpkWGVEVXlOMGhmYm5Wc2JBfGU3YzZhM2JjZjUzMjhmZTQ0MGI4NGZkMWE1YmIwNGJhYzE4ODM2YjRhYmFhYWM1YzAyNmJmMmQ3YjlhYWYyODg&v=1699923394808",
        "images": []
    },
    {
        "product_url": "https://www.heinemann-shop.com/en/global/al-rifai/al-rifai-mix-classic-roasted-nuts-and-kernels-300g/p/000000000001482773/",
        "brand_name": "Al Rifai",
        "brand_url": "https://www.heinemann-shop.com/en/global/al-rifai/c/BRAND_3164/",
        "product_name": "Al Rifai Mix Classic Roasted nuts and kernels 300g",
        "quantity": "0.3\u00a0kg",
        "price": "\u20ac5.90",
        "price_per_quantity": "(\u20ac19.67 / 1 kg)",
        "stock_availability": "In stock, immediately available",
        "description": "A Classic, yet big on variety. This mix is composed of nuts and kernels that are roasted with love and packed with care. ALRIFAI Mixes are a great way to enjoy the myriad of savoury products we produce.",
        "primary_image": "https://www.heinemann-shop.com/medias/527Wx527H-null?context=bWFzdGVyfGltYWdlc3w2MzE5OHxpbWFnZS9qcGVnfGFETTNMMmd5T1M4eE1UTTVOVFk0T0RVMk1qY3hPQzgxTWpkWGVEVXlOMGhmYm5Wc2JBfGUwMDNlZmRmYWQ1ODY0ZDlmYTIyOTQzM2IxNmUwNzdlYzZlZGMxOTQwNDcxNjgwY2YzYTg0ZWM3ZTU0YzE0NWY&v=1731361477381",
        "images": []
    },
    {
        "product_url": "https://www.heinemann-shop.com/en/global/stauds/stauds-cream-honey-organic-300g/p/000000000001493568/",
        "brand_name": "Stauds",
        "brand_url": "https://www.heinemann-shop.com/en/global/stauds/c/BRAND_1859/",
        "product_name": "Stauds Cream Honey Organic 300g",
        "quantity": "0.3\u00a0kg",
        "price": "\u20ac11.99",
        "price_per_quantity": "(\u20ac39.97 / 1 kg)",
        "stock_availability": "",
        "description": "Summ, Summ: Our bees would like to inform you to store the honey at a cool place and protected from heat.",
        "primary_image": "https://www.heinemann-shop.com/medias/1493568-527Wx527H?context=bWFzdGVyfGltYWdlc3w3MTQzNXxpbWFnZS9qcGVnfGFHSmhMMmcwT1M4NU5qazBNRFk0TkRReE1URTRMekUwT1RNMU5qaGZOVEkzVjNnMU1qZEl8ZDE0YjQ5Y2RlNTJiZTE3ZDg3ZjdmOWE1YzIzOTExOTVmZTAwZjZlODJkNGJmZmEzY2IxYjNlY2NmN2NiYjFjMA&v=1657314382523",
        "images": []
    },
    {
        "product_url": "https://www.heinemann-shop.com/en/global/m-m/m-m-s-peanut-block-165g/p/000000000001448675/",
        "brand_name": "M&M",
        "brand_url": "https://www.heinemann-shop.com/en/global/m-m/c/BRAND_2969/",
        "product_name": "M&M's Peanut Block 165g",
        "quantity": "0.165\u00a0kg",
        "price": "",
        "price_per_quantity": "(\u20ac34.55 / 1 kg)",
        "stock_availability": "",
        "description": "M&M\u2019s Block; your favorite chocolate brand is now available in a block! Each flavor of M&M\u2019s block contains mini M&M\u2019s encased in milk chocolate. The blocks come in five variants: chocolate; crispy; hazelnut; peanut and almond.",
        "primary_image": "https://www.heinemann-shop.com/medias/527Wx527H-null?context=bWFzdGVyfGltYWdlc3w1NTE2M3xpbWFnZS9qcGVnfGFHWmhMMmhpTVM4NU9EQXhNREV4TnpnNU9EVTBMelV5TjFkNE5USTNTRjl1ZFd4c3xiMWM1MTNmYjU2NDJlMTQ0NzdiZmI5ZDZmYzIwMDBlN2ZlODg3ZjhmMzBjY2NiNzIzMGIyMDczYjFlYmQ4ZGZl&v=1691495153106",
        "images": []
    },
    {
        "product_url": "https://www.taxfree-heinemann.dk/en/global/new-nordic/new-nordic-healthcare-apple-cider-45-g/p/000000000001569593/",
        "brand_name": "New Nordic",
        "brand_url": "https://www.taxfree-heinemann.dk/en/global/new-nordic/c/BRAND_7972/",
        "product_name": "New Nordic Healthcare Apple Cider 45 g",
        "quantity": "45\u00a0g",
        "price": "149,00 kr.",
        "price_per_quantity": "(331,11 kr. / 100 g)",
        "stock_availability": "Low stock",
        "description": "The mucous membranes are the membranes that cover many of the internal surfaces of the body. The mucous membranes are found in the genitals, eyes, nose, ears, mouth and digestive system, as well as around the body's internal organs such as the bladder, lungs and kidneys. Good, well-functioning mucous membranes are important for good well-being. The Intim Comfort\u2122 tablet is based on a combination extract of sea buckthorn, red elm bark and propolis. The tablet's niacin content contributes to maintaining normal mucous membranes. Red elm bark is a source of mucilage which supports the mucous membranes.",
        "primary_image": "https://www.taxfree-heinemann.dk/medias/527Wx527H-null?context=bWFzdGVyfGltYWdlc3w4Mzg1MXxpbWFnZS9qcGVnfGFESTFMMmd6WWk4eE1EWTROamd4T1RJek56a3hPQzgxTWpkWGVEVXlOMGhmYm5Wc2JBfDVkZGIxNjJkNjY2NjliZjQyMzNlYTBlNzk5YzI4YTcwNDk2NDFjYTMzYmVkOWM3NDhmNWZmZGIzODIyZGJhYzc&v=1716417072607",
        "images": []
    },
    {
        "product_url": "https://www.heinemann-shop.com/en/global/stauds/stauds-blossom-honey-organic-300g/p/000000000001493567/",
        "brand_name": "Stauds",
        "brand_url": "https://www.heinemann-shop.com/en/global/stauds/c/BRAND_1859/",
        "product_name": "Stauds Blossom Honey Organic 300g",
        "quantity": "0.3\u00a0kg",
        "price": "\u20ac11.99",
        "price_per_quantity": "(\u20ac39.97 / 1 kg)",
        "stock_availability": "",
        "description": "Summ, Summ: Our bees would like to inform you to store the honey at a cool place and protected from heat.",
        "primary_image": "https://www.heinemann-shop.com/medias/1493567-527Wx527H?context=bWFzdGVyfGltYWdlc3w4MDU2MnxpbWFnZS9qcGVnfGFEa3dMMmd3WlM4NU5qazBNRFkzT1RneU16WTJMekUwT1RNMU5qZGZOVEkzVjNnMU1qZEl8ZmUyNmY1ZGZkYmZlYjQwYjk5N2VkYTlkMmUxOGI5NjQyMTYyZGFhY2Q5MzJkZjI3MWIyNGU1MmI1NjRjOGIyNw&v=1657314374430",
        "images": []
    },
    {
        "product_url": "https://www.taxfree-heinemann.dk/en/global/new-nordic/new-nordic-blue-berry-omega-60-capsules-89-g/p/000000000001569944/",
        "brand_name": "New Nordic",
        "brand_url": "https://www.taxfree-heinemann.dk/en/global/new-nordic/c/BRAND_7972/",
        "product_name": "New Nordic Blue Berry Omega 60 capsules 89 g",
        "quantity": "89\u00a0g",
        "price": "239,00 kr.",
        "price_per_quantity": "(268,54 kr. / 100 g)",
        "stock_availability": "In stock",
        "description": "Blue Berry\u2122 Plus eye vitamin Omega is a blueberry capsule with a special combination containing extracts of eye comfort, tagetes and omega 3 fish oil as well as vitamin A and zinc. Tagetes extract is produced by a special process so that the lutein content is standardized to 10 mg lutein. In addition, the blueberry extract contains natural zeaxanthin. Zinc contributes to the normal metabolism of vitamin A. Vitamin A and zinc contribute to maintaining normal vision. DHA contributes to maintaining normal vision. The beneficial effect is achieved with a daily intake of 250 mg of DHA.",
        "primary_image": "https://www.taxfree-heinemann.dk/medias/527Wx527H-null?context=bWFzdGVyfGltYWdlc3w3NjQ5M3xpbWFnZS9qcGVnfGFHRTJMMmcxWVM4eE1EQXdNVEV4TmpBd05ETTRNaTgxTWpkWGVEVXlOMGhmYm5Wc2JBfGM1OTk2YjU3OTIwZTAzYzFlYWUxOTRiYTlmNTczOWRkMGU1NWQzN2M3ZWMwZDIxMTkzZjc3OTg1YmU4OGQ2NjA&v=1699921381867",
        "images": []
    },
    {
        "product_url": "https://www.heinemann-shop.com/en/global/lindt/lindt-napolitains-assorted-swiss-chocolates-in-a-bag/p/000000000001596862/",
        "brand_name": "Lindt",
        "brand_url": "https://www.heinemann-shop.com/en/global/lindt/c/BRAND_1486/",
        "product_name": "Lindt Napolitains assorted Swiss chocolates in a bag",
        "quantity": "0.114\u00a0kg",
        "price": "\u20ac8.90",
        "price_per_quantity": "(\u20ac78.07 / 1 kg)",
        "stock_availability": "In stock, immediately available",
        "description": "Enjoy four premium varieties of exquisite Lindt Napolitains presented in an on-the-go bag format for the perfect travel snack. Treat yourself to the finest Swiss Milk, Milk Hazelnut, Dark, and CRESTA Milk flavours created by the Lindt Master Chocolatiers.",
        "primary_image": "https://www.heinemann-shop.com/medias/527Wx527H-null?context=bWFzdGVyfGltYWdlc3w3NjkxMnxpbWFnZS9qcGVnfGFERXlMMmhoTnk4eE1USTROakk0TVRjNE1USTNPQzgxTWpkWGVEVXlOMGhmYm5Wc2JBfDM5YzkyZmRhMmEzNDBhYThmYzgxZDQ4Njg2MzAxMTg2NGE2NWIzNzk5ODNiYzFjNTU2MzRiMDIwNTBkNzdkZDQ&v=1729323440697",
        "images": []
    },
    {
        "product_url": "https://www.taxfree-heinemann.dk/en/global/new-nordic/new-nordic-magnesium-malate-90-pcs-60-g/p/000000000001613210/",
        "brand_name": "New Nordic",
        "brand_url": "https://www.taxfree-heinemann.dk/en/global/new-nordic/c/BRAND_7972/",
        "product_name": "New Nordic Magnesium Malate 90 pcs 60 g",
        "quantity": "60\u00a0g",
        "price": "169,00 kr.",
        "price_per_quantity": "(281,67 kr. / 100 g)",
        "stock_availability": "In stock",
        "description": "Magnesium malate is an organically bound source of magnesium which is bound to malic acid. Magnesium reduces fatigue and exhaustion and contributes to the maintenance of normal muscle function. In addition, magnesium contributes to the electrolyte balance and to the normal functioning of the nervous system and to a normal energy metabolism.",
        "primary_image": "https://www.taxfree-heinemann.dk/medias/527Wx527H-null?context=bWFzdGVyfGltYWdlc3w1MDI5MXxpbWFnZS9qcGVnfGFHSXpMMmhoT0M4eE1EUTBNRE0zTURBNU5ERXhNQzgxTWpkWGVEVXlOMGhmYm5Wc2JBfDlhN2QxNmIwMTUxYWRlZGZlZmQ2YTMyYWExN2RlZWNjZGEwNTNiMmM3NmY2NWQ0OTBmZTcxZThiZDA0MzNiZDI&v=1710452787144",
        "images": []
    },
    {
        "product_url": "https://www.heinemann-shop.com/en/global/patatas-fritas-torres/torres-selecta-black-truffle-premium-potato-chips-125g/p/000000000001443082/",
        "brand_name": "Patatas Fritas Torres",
        "brand_url": "https://www.heinemann-shop.com/en/global/patatas-fritas-torres/c/BRAND_8528/",
        "product_name": "Torres Selecta Black Truffle Premium Potato Chips 125g",
        "quantity": "0.125\u00a0kg",
        "price": "",
        "price_per_quantity": "(\u20ac50.40 / 1 kg)",
        "stock_availability": "",
        "description": "Black Truffle Premium Potato Chips",
        "primary_image": "https://www.heinemann-shop.com/medias/527Wx527H-null?context=bWFzdGVyfGltYWdlc3w1NjEyMHxpbWFnZS9qcGVnfGFEY3pMMmcyWlM4NU56SXdORGM1TkRneE9EZzJMelV5TjFkNE5USTNTRjl1ZFd4c3w0MGVmMjNjOGVjNTYyZmMyZDIwOTc4OGNlMzNkNDkxOGU3MzZmMTVlNjcwOTBjZGMwNmZiZmM2ZDMyYTk0ZjQy&v=1668721411505",
        "images": []
    },
    {
        "product_url": "https://www.taxfree-heinemann.dk/en/global/new-nordic/new-nordic-active-liver-30-tablets-89-g/p/000000000001569942/",
        "brand_name": "New Nordic",
        "brand_url": "https://www.taxfree-heinemann.dk/en/global/new-nordic/c/BRAND_7972/",
        "product_name": "New Nordic Active Liver 30 tablets 89 g",
        "quantity": "59\u00a0g",
        "price": "239,00 kr.",
        "price_per_quantity": "(405,08 kr. / 100 g)",
        "stock_availability": "In stock",
        "description": "The tablet contains a combination of herbal extracts such as milk thistle, artichoke and turmeric, as well as the vitamin-like substance choline. Artichoke and milk thistle support liver function. The content of choline contributes to maintaining normal liver function and a normal metabolism of fats.",
        "primary_image": "https://www.taxfree-heinemann.dk/medias/527Wx527H-null?context=bWFzdGVyfGltYWdlc3w2NjI2MXxpbWFnZS9qcGVnfGFETm1MMmhrT1M4eE1EQXdNVEV4TkRJMk56WTNPQzgxTWpkWGVEVXlOMGhmYm5Wc2JBfDMyYmUwYmRlNDZkNTNlMDlkNWE2NjczYjdkZjkyYzU0ZjhkNDhiZmFhOTIwMWYyZmE2Y2Y0NjJmOTNjYjExMjg&v=1699921308986",
        "images": []
    },
    {
        "product_url": "https://www.heinemann.com.au/en/sydt1/charles-heidsieck/charles-heidsieck-brut-reserve-champagne-aoc-brut-white-0-75l-gift-pack/p/000000000001540548/",
        "brand_name": "Charles Heidsieck",
        "brand_url": "https://www.heinemann.com.au/en/sydt1/charles-heidsieck/c/BRAND_9414/",
        "product_name": "Charles Heidsieck, Brut R\u00e9serve, Champagne, AOC, brut, white 0.75L (gift pack)",
        "quantity": "0.75\u00a0l",
        "price": "$97.00",
        "price_per_quantity": "($129.33 / 1 l)",
        "stock_availability": "In stock",
        "description": "Complex therefore Intriguing... In Charles' Image. Particularly renowned for its unique aromatic signature, this non-vintage champagne delivers a complex and indulgent nose with a precise, yet luscious mouthfeel that testify to a quality that the world\u2019s most accomplished tasters and aficionados can recognise blind.",
        "primary_image": "https://www.heinemann.com.au/medias/527Wx527H-null?context=bWFzdGVyfGltYWdlc3w1NDA5NXxpbWFnZS9qcGVnfGFEQXdMMmhqTlM4eE1ESXpNVFV5TmpVMU5UWTNPQzgxTWpkWGVEVXlOMGhmYm5Wc2JBfDliYjFlNTlkN2I2ODdhYmIyNjhlOTgwNGFmNmY5MGU0MTlmZGEzOTg4YjhiZjZmOWFjMjY0NDg3N2UyYmFhOGI&v=1705614834291",
        "images": []
    },
    {
        "product_url": "https://www.taxfree-heinemann.dk/en/global/vitayummy/vitayummy-lemon-magnesium-citrate-200mg-60-gummies180g/p/000000000001533174/",
        "brand_name": "VitaYummy",
        "brand_url": "https://www.taxfree-heinemann.dk/en/global/vitayummy/c/BRAND_9361/",
        "product_name": "VitaYummy Lemon Magnesium Citrate 200mg 60 gummies180g",
        "quantity": "0.18\u00a0kg",
        "price": "159,00 kr.",
        "price_per_quantity": "(883,33 kr. / 1 kg)",
        "stock_availability": "In stock",
        "description": "Another exciting, new member of the VitaYummy family: VitaYummy Magnesium Citrate.",
        "primary_image": "https://www.taxfree-heinemann.dk/medias/527Wx527H-null?context=bWFzdGVyfGltYWdlc3w2MDA1NnxpbWFnZS9qcGVnfGFHVTBMMmcyWWk4eE1EQXdNVEl4TlRJNU1UUXlNaTgxTWpkWGVEVXlOMGhmYm5Wc2JBfGVkMTUyNzYxNjkxOWQzMzg2MjNlZDA1ZjQwMjU0ZTY5NzcxZDUyZGU1ZTQxMDZkZmYwZDIzMTEzZjIzMWIzYWY&v=1699922684535",
        "images": []
    },
    {
        "product_url": "https://www.taxfree-heinemann.dk/en/global/new-nordic/new-nordic-c-immuntm-180-tablets-286-g/p/000000000001569597/",
        "brand_name": "New Nordic",
        "brand_url": "https://www.taxfree-heinemann.dk/en/global/new-nordic/c/BRAND_7972/",
        "product_name": "New Nordic C-immun\u2122 180 tablets 286 g",
        "quantity": "286\u00a0g",
        "price": "149,00 kr.",
        "price_per_quantity": "(520,98 kr. / 1000 g)",
        "stock_availability": "In stock",
        "description": "C-immun\u2122 is a high-dose vitamin c tablet. Vitamin C contributes to maintaining the normal function of the immune system also during and after intense physical exercise*. Vitamin C protects the cells against oxidative stress. Vitamin C contributes to the normal formation of collagen, which is important for normally functioning skin. *The beneficial effect is achieved with a daily intake of 200 mg in addition to the recommended daily intake of vitamin C.",
        "primary_image": "https://www.taxfree-heinemann.dk/medias/527Wx527H-null?context=bWFzdGVyfGltYWdlc3w1MjI1MnxpbWFnZS9qcGVnfGFHUTVMMmhqTVM4eE1EQXdNVEkwTmpBNU16TTBNaTgxTWpkWGVEVXlOMGhmYm5Wc2JBfGNlZTA1NjUyMmRiM2Y5YmY4NDIyNmJkNTg0YmU2N2NlMjVjNzk1MDAzY2M4NDI4MzliZjRhZDc3Mjc5ZTE4YjQ&v=1699923863100",
        "images": []
    },
    {
        "product_url": "https://www.taxfree-heinemann.dk/en/global/new-nordic/new-nordic-skin-care-hyaleron-shot-hyaleron-shot-10-shots/p/000000000001384862/",
        "brand_name": "New Nordic",
        "brand_url": "https://www.taxfree-heinemann.dk/en/global/new-nordic/c/BRAND_7972/",
        "product_name": "New Nordic Skin Care Hyaleron Shot Hyaleron Shot 10 shots",
        "quantity": "150\u00a0ml",
        "price": "155,00 kr.",
        "price_per_quantity": "(103,33 kr. / 100 ml)",
        "stock_availability": "Low stock",
        "description": "Skin Care Hyaleron Shot is a drinkable hyaleron beauty shot with a natural flavor of sea buckthorn. Take a shot daily for a minimum of 30 days. Shot can be taken alone or in addition to Skin Care \u2122 Collagen Filler as a natural part of the daily beauty routine. The shots contain hyaleronic acid, sea buckthorn, marigold and vitamin C. Vitamin C contributes to the normal formation of collagen that affects normal-functioning skin. Sea buckthorn helps maintain healthy skin from the inside.",
        "primary_image": "https://www.taxfree-heinemann.dk/medias/527Wx527H-null?context=bWFzdGVyfGltYWdlc3w0NzI0NXxpbWFnZS9qcGVnfGFHTmxMMmcwTnk4eE1EQXdNRFl3TURNMk56RXpOQzgxTWpkWGVEVXlOMGhmYm5Wc2JBfGEzMTljMzI0MTU3MDE0NTJlYjIyZTBhMzI5ZTdiZGU5ZGJjMDJiMmQ4MjcxYjM3MjUyNDY2NTcyZjIwMDEyZjI&v=1699913269591",
        "images": []
    },
    {
        "product_url": "https://www.heinemann-shop.com/en/global/pringles/pringles-paprika-165g/p/000000000001564918/",
        "brand_name": "Pringles",
        "brand_url": "https://www.heinemann-shop.com/en/global/pringles/c/BRAND_3809/",
        "product_name": "Pringles Paprika 165g",
        "quantity": "0.165\u00a0kg",
        "price": "",
        "price_per_quantity": "(\u20ac23.64 / 1 kg)",
        "stock_availability": "",
        "description": "A tasty twist on a classic snack, Pringles Paprika crisps are a perfect way to spice up your snack. These delectable crisps are perfect for any party or get together, or afternoon snack. Enjoy a mind popping experience with Pringles Paprika crisps.",
        "primary_image": "https://www.heinemann-shop.com/medias/527Wx527H-null?context=bWFzdGVyfGltYWdlc3w0NDI3NHxpbWFnZS9qcGVnfGFESTBMMmc0T0M4eE1UYzRNalkxTWpBMk56ZzNNQzgxTWpkWGVEVXlOMGhmYm5Wc2JBfDFlMDFhOTUzMjE4MDc0OTQ2Zjg3ZTdjNzU4ZWU0NDYwMmVmYmM5MTcxMWM0ZjYwZTEwMjYxNWRhMDcxMWNiYzg&v=1739832425283",
        "images": []
    },
    {
        "product_url": "https://www.taxfree-heinemann.dk/en/global/new-nordic/new-nordic-fat-burner-60-tablets/p/000000000001569947/",
        "brand_name": "New Nordic",
        "brand_url": "https://www.taxfree-heinemann.dk/en/global/new-nordic/c/BRAND_7972/",
        "product_name": "New Nordic fat Burner 60 tablets",
        "quantity": "90\u00a0g",
        "price": "269,00 kr.",
        "price_per_quantity": "(298,89 kr. / 100 g)",
        "stock_availability": "In stock",
        "description": "Fat Burner is based on yerba mata combined with black cumin, ginger, green tea and milk thistle combined with the nutrient choline. Choline contributes to a normal metabolism of fats and yerba mate supports weight control in combination with healthy eating habits.",
        "primary_image": "https://www.taxfree-heinemann.dk/medias/527Wx527H-null?context=bWFzdGVyfGltYWdlc3w2OTI2N3xpbWFnZS9qcGVnfGFHSmpMMmhtT1M4eE1EUTBNRFk0T0Rjek1ERTBNaTgxTWpkWGVEVXlOMGhmYm5Wc2JBfGU3MWViNDk5Zjg0Y2U0NWU5ZDQ3M2IzZTA0OGI1Mjg1YTJmNDRmMzkxNzk5YzUwYzA0OTMzYWYxZmUxZmY5MjA&v=1710454940103",
        "images": []
    },
    {
        "product_url": "https://www.heinemann-shop.com/en/global/m-m/m-m-s-crispy-block-150g/p/000000000001448679/",
        "brand_name": "M&M",
        "brand_url": "https://www.heinemann-shop.com/en/global/m-m/c/BRAND_2969/",
        "product_name": "M&M's Crispy Block 150g",
        "quantity": "0.15\u00a0kg",
        "price": "",
        "price_per_quantity": "(\u20ac38.00 / 1 kg)",
        "stock_availability": "",
        "description": "M&M\u2019s Block; your favorite chocolate brand is now available in a block! Each flavor of M&M\u2019s block contains mini M&M\u2019s encased in milk chocolate. The blocks come in five variants: chocolate; crispy; hazelnut; peanut and almond.",
        "primary_image": "https://www.heinemann-shop.com/medias/527Wx527H-null?context=bWFzdGVyfGltYWdlc3w1NzM2MHxpbWFnZS9qcGVnfGFEWXhMMmcwWWk4NU9EQXhNREE1TURjd01URXdMelV5TjFkNE5USTNTRjl1ZFd4c3w0YTRjNGM1ZjE3NjZlN2U2YzI3ZDM1NzdmZmUxYzQ3YTYyMTA4MmRlNTgzYjI4ZjU0N2Q3MDJlYjA2NTFhMjgy&v=1691494239907",
        "images": []
    },
    {
        "product_url": "https://www.heinemann.com.au/en/sydt1/kahlua/kahlua-salted-caramel-20vol-1l/p/000000000001334882/",
        "brand_name": "Kahlua",
        "brand_url": "https://www.heinemann.com.au/en/sydt1/kahlua/c/BRAND_0387/",
        "product_name": "Kahlua Salted Caramel 20% 1L",
        "quantity": "1\u00a0l",
        "price": "$40.00",
        "price_per_quantity": "($40.00 / 1 l)",
        "stock_availability": "In stock",
        "description": "\"Originating in Mexico, Kahlua has become the number one selling coffee liqueur in the world. Since 1936, Kahlua stands for a rich heritage full of diversity and colour truly unique. Kahlua Salted Caramel blends the tasty combination of salty and sweet - sweet caramel with a salty hint, and the flavour of 100% Arabica coffee blended with sugarcane rum.",
        "primary_image": "https://www.heinemann.com.au/medias/527Wx527H-null?context=bWFzdGVyfGltYWdlc3w0OTE5NHxpbWFnZS9qcGVnfGFHSTJMMmd5WlM4eE1USTVPVEEwTkRBek1qVTBNaTgxTWpkWGVEVXlOMGhmYm5Wc2JBfGRkZDEyZjJjNWRjYTllMjJjZGU1MTVkOTYxZjQwMzgxOTJlYmZmMDBmNmE2OGJlYTk1ZTM1ZTQ1MGEzYjQ0NzU&v=1729551504925",
        "images": [
            "https://www.heinemann.com.au/medias/527Wx527H-null?context=bWFzdGVyfGltYWdlc3w0OTE5NHxpbWFnZS9qcGVnfGFHSTJMMmd5WlM4eE1USTVPVEEwTkRBek1qVTBNaTgxTWpkWGVEVXlOMGhmYm5Wc2JBfGRkZDEyZjJjNWRjYTllMjJjZGU1MTVkOTYxZjQwMzgxOTJlYmZmMDBmNmE2OGJlYTk1ZTM1ZTQ1MGEzYjQ0NzU&v=1729551504925",
            "https://www.heinemann.com.au/medias/1334882-2-527Wx527H?context=bWFzdGVyfGltYWdlc3w2MTI3OHxpbWFnZS9qcGVnfGFHTmtMMmd6TUM4NU5qQTJORGt4TkRBMk16WTJMekV6TXpRNE9ESmZNbDgxTWpkWGVEVXlOMGd8OTA2ZTI3ZmQ0NWI4NDIwNTliNWMzZDgxMTY3OTEwYzIxZTg4MGVlNDI3Njk4Yzk0YjZhNjJlZjRkMDczOGY1MQ&v=1626638876812"
        ]
    },
    {
        "product_url": "https://www.heinemann-shop.com/en/global/saltletts/saltletts-sticks-classic-150g/p/000000000000072484/",
        "brand_name": "Saltletts",
        "brand_url": "https://www.heinemann-shop.com/en/global/saltletts/c/BRAND_4772/",
        "product_name": "Saltletts Sticks Classic 150g",
        "quantity": "0.15\u00a0kg",
        "price": "",
        "price_per_quantity": "(\u20ac15.33 / 1 kg)",
        "stock_availability": "",
        "description": "Saltletts offer crispy pretzel snacking fun and are made out of carefully chosen ingredients with great attention to detail, giving them their star quality! Saltletts Sticks are the absolute classics of the pretzel snack range.",
        "primary_image": "https://www.heinemann-shop.com/medias/527Wx527H-null?context=bWFzdGVyfGltYWdlc3w3Nzg2MHxpbWFnZS9qcGVnfGFHUmtMMmhtTlM4eE1UYzRNall6TnpVeE9EZzNPQzgxTWpkWGVEVXlOMGhmYm5Wc2JBfDExNTI0NzM5OTQyZTQ4YTJhMTFiNjhlY2E4NWVlYmNlZjgyNzYxNmEwMDI3YzdmNjY1ZTk2MTBkNDkyNzIyY2U&v=1739831379194",
        "images": []
    },
    {
        "product_url": "https://www.heinemann.com.au/en/sydt1/johnnie-walker/johnnie-walker-blue-label-xordinaire-blended-scotch-whisky-40vol-1l/p/000000000001581996/",
        "brand_name": "",
        "brand_url": "https://www.heinemann.com.au/en/sydt1/johnnie-walker/johnnie-walker-blue-label-xordinaire-blended-scotch-whisky-40vol-1l/p/000000000001581996/",
        "product_name": "Johnnie Walker Blue Label Xordinaire Blended Scotch Whisky 40% 1L",
        "quantity": "1\u00a0l",
        "price": "$412.80",
        "price_per_quantity": "($412.80 / 1 l)",
        "stock_availability": "In stock",
        "description": "A meeting of the greats: Thanks to ist Cognac cask finish, Johnnie Walker Blue Label XORDINAIRE is an exclusive encounter between Blue's iconic depth of character and XO Cognac smooth, sweet fruits flavours, culminating into an extraordinary luxury whisky.",
        "primary_image": "https://www.heinemann.com.au/medias/527Wx527H-null?context=bWFzdGVyfGltYWdlc3w3MzY3M3xpbWFnZS9qcGVnfGFESmpMMmhpT0M4eE1USTROVEE0TlRNeU16STVOQzgxTWpkWGVEVXlOMGhmYm5Wc2JBfDhkZjA2OTA3YmNmNDhkZmIyYTllODI4ZGQ1YjAwMzEwMDEwMGRjYzMxYmIxZjBkYjZiODI3ODc2YTliMGMyNTg&v=1729305026035",
        "images": []
    },
    {
        "product_url": "https://www.taxfree-heinemann.dk/en/global/vitayummy/vitayummy-hair-nails-vitamins-peach-60-gummies-180g/p/000000000001559492/",
        "brand_name": "VitaYummy",
        "brand_url": "https://www.taxfree-heinemann.dk/en/global/vitayummy/c/BRAND_9361/",
        "product_name": "VitaYummy Hair & Nails Vitamins Peach 60 gummies 180g",
        "quantity": "0.18\u00a0kg",
        "price": "159,00 kr.",
        "price_per_quantity": "(883,33 kr. / 1 kg)",
        "stock_availability": "In stock",
        "description": "The popular hair vitamin",
        "primary_image": "https://www.taxfree-heinemann.dk/medias/527Wx527H-null?context=bWFzdGVyfGltYWdlc3w1OTYzOHxpbWFnZS9qcGVnfGFEa3dMMmhoTmk4eE1EQXdNVEl6T0RjMU16TXhNQzgxTWpkWGVEVXlOMGhmYm5Wc2JBfGIzZWJlMTFkMzJlMWY4ZDc1OTkxYTNmYmViYTJiYTRiZDYxNzcyMjlkZDhlM2FkNTJkOThiNjYwMzY0NDkxZWY&v=1699923630327",
        "images": []
    },
    {
        "product_url": "https://www.heinemann.com.au/en/sydt1/aberlour/aberlour-20y-56-6vol-0-7l/p/000000000001518880/",
        "brand_name": "Aberlour",
        "brand_url": "https://www.heinemann.com.au/en/sydt1/aberlour/c/BRAND_0198/",
        "product_name": "Aberlour 20y 56.6% 0.7L",
        "quantity": "0.7\u00a0l",
        "price": "$725.00",
        "price_per_quantity": "($1,035.71 / 1 l)",
        "stock_availability": "In stock",
        "description": "Exclusively produced for Heinemann Australia, this whisky is matured in a 2nd fill sherry butt, bottled at cask strength, limited quantity produced.",
        "primary_image": "https://www.heinemann.com.au/medias/1518880-527Wx527H?context=bWFzdGVyfGltYWdlc3w1NDcyNXxpbWFnZS9qcGVnfGFHVXlMMmhpT0M4NU5qY3dOekl5TlRFNU1EY3dMekUxTVRnNE9EQmZOVEkzVjNnMU1qZEl8NjQyZjJmNDg5ZDYwNWJmOGNjZThjYWQ3M2VhN2Q0MjEyMTc0OWExOTUwMzI2MDg1MDdmODljNTFmYzczNDVmMA&v=1649368836947",
        "images": []
    },
    {
        "product_url": "https://www.heinemann.com.au/en/sydt1/ardmore/the-ardmore-traditional-peated-highland-single-malt-scotch-whisky-40vol-1l-gift-pack/p/000000000001197900/",
        "brand_name": "Ardmore",
        "brand_url": "https://www.heinemann.com.au/en/sydt1/ardmore/c/BRAND_3676/",
        "product_name": "The Ardmore Traditional Peated Highland Single Malt Scotch Whisky 40% 1L gift pack",
        "quantity": "1\u00a0l",
        "price": "$78.00",
        "price_per_quantity": "($78.00 / 1 l)",
        "stock_availability": "In stock",
        "description": "A complex process that yields an astounding result \u2013 the smoothly peated yet perfectly balanced liquid that is The Ardmore. Traditionally handcrafted in the Scottish Highlands, The Ardmore distillery has been watched over by a family of rare eagles, since 1898. This is a place, and indeed a process, that brings man, might and metal together in a celebration of the raw power of nature.",
        "primary_image": "https://www.heinemann.com.au/medias/527Wx527H-null?context=bWFzdGVyfGltYWdlc3w2MjY2N3xpbWFnZS9qcGVnfGFEQmtMMmc0WVM4eE1USTROVFUzTWpreE1URXpOQzgxTWpkWGVEVXlOMGhmYm5Wc2JBfGNlMDA2NmQ2ZGMxNTIxOTcyMjc0ZWQyODM1ZmEzN2UyYTZlNmI1ZTU3NGI5NjRhNTJmNzZhN2Y0MTMxZjFhZjg&v=1729316102521",
        "images": []
    },
    {
        "product_url": "https://www.heinemann.com.au/en/sydt1/glenmorangie/glenmorangie-the-accord-12y-highland-single-malt-scotch-whisky-43vol-1l-gift-pack/p/000000000001439145/",
        "brand_name": "Glenmorangie",
        "brand_url": "https://www.heinemann.com.au/en/sydt1/glenmorangie/c/BRAND_0194/",
        "product_name": "Glenmorangie The Accord 12y Highland Single Malt Scotch Whisky 43% 1L gift pack",
        "quantity": "1\u00a0l",
        "price": "$125.00",
        "price_per_quantity": "($125.00 / 1 l)",
        "stock_availability": "In stock",
        "description": "A classic single malt Scotch whisky in its composition made with the most loved casks in Scotland, balancing the sweetness of American whiskey barrels with the richness of Oloroso Sherry butts.Dr Bill Lumsden, Director of Whisky Creation, describes this whisky as his attempt to \u201cunquestionably make the most delicious whisky in the world, using age-old marrying techniques\u201d",
        "primary_image": "https://www.heinemann.com.au/medias/527Wx527H-null?context=bWFzdGVyfGltYWdlc3w2NDQxNXxpbWFnZS9qcGVnfGFEbG1MMmcyTWk4eE1USXpPVFEzTlRVeE1UTXlOaTgxTWpkWGVEVXlOMGhmYm5Wc2JBfGYyMjg3NTg3MTZlMDgwYTg2Y2JmNjRjOGMyNzczOGRmZDUxYTg2YzI1Y2U2ZmVlNDdkMDFmM2QwMjg2MjJmMGE&v=1728419799687",
        "images": []
    },
    {
        "product_url": "https://www.heinemann.com.au/en/sydt1/glenfiddich/glenfiddich-perpetual-collection-vat-2-single-malt-scotch-whisky-43vol-1l-gift-pack/p/000000000001523964/",
        "brand_name": "Glenfiddich",
        "brand_url": "https://www.heinemann.com.au/en/sydt1/glenfiddich/c/BRAND_4285/",
        "product_name": "Glenfiddich Perpetual Collection Vat 2 Single Malt Scotch Whisky 43% 1L gift pack",
        "quantity": "1\u00a0l",
        "price": "$135.00",
        "price_per_quantity": "($135.00 / 1 l)",
        "stock_availability": "In stock",
        "description": "Mellow yet complex, VAT 02 defies explanation. Matured in Spanish sherry casks and dynamically married in our Solera VAT 2, this rich single malt develops through continuous motion to deliver a deliciously smooth taste that intrigues. A bold and silky Glenfiddich.",
        "primary_image": "https://www.heinemann.com.au/medias/527Wx527H-null?context=bWFzdGVyfGltYWdlc3w2MjQxOXxpbWFnZS9qcGVnfGFHRmpMMmcyWXk4eE1UQTJORGt4Tmpjek9EQTNPQzgxTWpkWGVEVXlOMGhmYm5Wc2JBfDUzZjRhODllYTNmMTYxMDVkMDQ2NGQyYmVjMmQzM2M1MjhjMzE2OWI4Y2I3MGY1M2YyMWJjM2E2ZGU1NGRjZWM&v=1724844859477",
        "images": []
    },
    {
        "product_url": "https://www.heinemann.com.au/en/sydt1/amarula/amarula-ethiopian-coffee-liqueur-15-5vol-1l/p/000000000001436318/",
        "brand_name": "Amarula",
        "brand_url": "https://www.heinemann.com.au/en/sydt1/amarula/c/BRAND_1926/",
        "product_name": "Amarula Ethiopian Coffee Liqueur 15.5% 1L",
        "quantity": "1\u00a0l",
        "price": "$43.00",
        "price_per_quantity": "($43.00 / 1 l)",
        "stock_availability": "In stock",
        "description": "A new flavoured cream-liqueur that infuses the original taste of the real marula fruit with rich notes of Ethiopian coffee. This added depth of flavour had been carefully crafted to preserve the rich and distinctive taste of Amarula, using only sustainably sourced ingredients from Africa. Best enjoyed chilled over crushed ice.",
        "primary_image": "https://www.heinemann.com.au/medias/527Wx527H-null?context=bWFzdGVyfGltYWdlc3w0MzQ5OHxpbWFnZS9qcGVnfGFETTRMMmhpTVM4NU56STBNemMxT0RreE9UazRMelV5TjFkNE5USTNTRjl1ZFd4c3wzYjU0ZGE2ZDU1NWQ1MzExZTRjMmRiNmY3OTcxYjBkYThkOGI1NmQxMmFhNWNkNWI5YWZkZDQ4MTY2OGMzYTgx&v=1671486625350",
        "images": []
    },
    {
        "product_url": "https://www.heinemann.com.au/en/sydt1/auchentoshan/auchentoshan-american-oak-lowland-single-malt-scotch-whisky-40vol-1l-gift-pack/p/000000000001414064/",
        "brand_name": "Auchentoshan",
        "brand_url": "https://www.heinemann.com.au/en/sydt1/auchentoshan/c/BRAND_1269/",
        "product_name": "Auchentoshan American Oak Lowland Single Malt Scotch Whisky 40% 1L gift pack",
        "quantity": "1\u00a0l",
        "price": "$89.00",
        "price_per_quantity": "($89.00 / 1 l)",
        "stock_availability": "In stock",
        "description": "A revisited version of the iconic and succesful domestic American Oak.",
        "primary_image": "https://www.heinemann.com.au/medias/527Wx527H-null?context=bWFzdGVyfGltYWdlc3w3MTEyOHxpbWFnZS9qcGVnfGFEWTFMMmhrWXk4eE1USTROVGcyTWpRNE1UazFNQzgxTWpkWGVEVXlOMGhmYm5Wc2JBfGUxOWUwZTA3ZTVmNDBiMGIxZGMyOTQ3YzNiMjEzYTIzYjlkMGMzZmU0ZmZiNDU3YTg3ZmI4NWRmMDg3OTlkODQ&v=1729319949437",
        "images": []
    },
    {
        "product_url": "https://www.heinemann.com.au/en/sydt1/caperdonich/caperdonich-speyside-25yo-48vol-0-7l/p/000000000001414415/",
        "brand_name": "Caperdonich",
        "brand_url": "https://www.heinemann.com.au/en/sydt1/caperdonich/c/BRAND_8130/",
        "product_name": "Caperdonich, Speyside, 25YO, 48%, 0.7L",
        "quantity": "0.7\u00a0l",
        "price": "$999.00",
        "price_per_quantity": "($1,427.14 / 1 l)",
        "stock_availability": "In stock",
        "description": "Built in 1898 and closed forever in 2002, even the building is no more. This is all that remains of the whisky named after \u2018the secret well\u2019, the source of its crisp, clear water from the Rotheshills. Even in its heyday, Caperdonich was a little distillery, making whisky in small batches. Other distilleries grew and grew, but Caperdonich stood firm and true. While the building may be gone, the distiller\u2019s craft lives on.",
        "primary_image": "https://www.heinemann.com.au/medias/1414415-527Wx527H?context=bWFzdGVyfGltYWdlc3w0NzM5MnxpbWFnZS9qcGVnfGFXMWhaMlZ6TDJoa09DOW9OakV2T1RVME1USTJNalkzTVRrd01pNXFjR2N8ZjA0YTE1MGUyZjhkNTA1NTEzNzBjYTAwY2EwYWVmMmM5OWY5ZmJlYmY5YjgwMDk1NDY2ZmJiYTI2ZDQ2NGI1Zg&v=1607133803230",
        "images": [
            "https://www.heinemann.com.au/medias/1414415-527Wx527H?context=bWFzdGVyfGltYWdlc3w0NzM5MnxpbWFnZS9qcGVnfGFXMWhaMlZ6TDJoa09DOW9OakV2T1RVME1USTJNalkzTVRrd01pNXFjR2N8ZjA0YTE1MGUyZjhkNTA1NTEzNzBjYTAwY2EwYWVmMmM5OWY5ZmJlYmY5YjgwMDk1NDY2ZmJiYTI2ZDQ2NGI1Zg&v=1607133803230",
            "https://www.heinemann.com.au/medias/1414415-2-527Wx527H?context=bWFzdGVyfGltYWdlc3w0MTgyMHxpbWFnZS9qcGVnfGFHVTNMMmhoTkM4NU5qTXdPRFkwT1RZMU5qWXlMekUwTVRRME1UVmZNbDgxTWpkWGVEVXlOMGd8ZTdmYjFjZDU4NmY4YWNjNmYxNGZjNmFlMzUzM2U0NDZhNTRmZjc2MzczYzRjM2M4ZTIxZDE0NmEzNWY1YWJlMg&v=1635889391412"
        ]
    },
    {
        "product_url": "https://www.heinemann-shop.com/en/global/dr-karg-s/organic-snack-cheese-pumpkin-seed-110g/p/000000000001623075/",
        "brand_name": "Dr. Karg's",
        "brand_url": "https://www.heinemann-shop.com/en/global/dr-karg-s/c/BRAND_A088/",
        "product_name": "Organic Snack Cheese & Pumpkin Seed 110g",
        "quantity": "0.11\u00a0kg",
        "price": "",
        "price_per_quantity": "(\u20ac33.64 / 1 kg)",
        "stock_availability": "",
        "description": "Maximum flavour in a small bite: Dr. Karg\u00b4s Organic Wholegrain Snacks are the perfect little crunchy squares for refuelling on the go or between meals, to share or eat all on your own.",
        "primary_image": "https://www.heinemann-shop.com/medias/527Wx527H-null?context=bWFzdGVyfGltYWdlc3w4NTU0OHxpbWFnZS9qcGVnfGFHVXhMMmhrWlM4eE1EUXhNemMzTnpJNE9USTBOaTgxTWpkWGVEVXlOMGhmYm5Wc2JBfGQyZDdlZWJlZWRmZjliODRmNTgzYWQ5MTMxNTU0MzU0NDliZThiNDcyZTBiMDA1ODIxM2U3Y2M2ZDRmOWE1ZjA&v=1709759953095",
        "images": []
    },
    {
        "product_url": "https://www.heinemann-shop.com/en/global/m-m/m-m-s-crispy-milk-chocolate-with-a-rice-centre-in-a-sugar-shell-281g/p/000000000001626573/",
        "brand_name": "M&M",
        "brand_url": "https://www.heinemann-shop.com/en/global/m-m/c/BRAND_2969/",
        "product_name": "M&M's Crispy milk chocolate with a rice centre in a sugar shell 281g",
        "quantity": "0.281\u00a0kg",
        "price": "\u20ac8.50",
        "price_per_quantity": "(\u20ac30.25 / 1 kg)",
        "stock_availability": "In stock, immediately available",
        "description": "These world famous chocolates in a colorful candy shell are instantly recognizable all over the globe. M&M'S Crispy has a deliciouscenter of puffed rice surrounded by milk chocolate.",
        "primary_image": "https://www.heinemann-shop.com/medias/527Wx527H-null?context=bWFzdGVyfGltYWdlc3w3MjQyOHxpbWFnZS9qcGVnfGFERTVMMmc1TWk4eE1EY3pOVGsxT0RNeU56TXlOaTgxTWpkWGVEVXlOMGhmYm5Wc2JBfGRmMThhZjhhYTU2NDY4YWY0MDg5ZWRlY2NiZGQ2MWZlZDRkNDJiOWQwZmJlZGUwMDViNWUyZTA5NGQwMWUwNzc&v=1717629340513",
        "images": []
    },
    {
        "product_url": "https://www.heinemann.com.au/en/sydt1/malfy/malfy-triple-pack/p/000000000001643469/",
        "brand_name": "Malfy",
        "brand_url": "https://www.heinemann.com.au/en/sydt1/malfy/c/BRAND_7390/",
        "product_name": "Malfy Triple pack",
        "quantity": "2.1\u00a0l",
        "price": "$150.00",
        "price_per_quantity": "($71.43 / 1 l)",
        "stock_availability": "In stock",
        "description": "Malfy value pack including Malfy's favourite flavours in Limone, Arancia and Rosa in 700ml.Cocktail recipes for all 3 Malfy flavours included on back of pack",
        "primary_image": "https://www.heinemann.com.au/medias/527Wx527H-null?context=bWFzdGVyfGltYWdlc3w4MjM0NHxpbWFnZS9qcGVnfGFHTXpMMmhqWkM4eE1EWXlOVEU0TURJek56ZzFOQzgxTWpkWGVEVXlOMGhmYm5Wc2JBfGU1ZmJjY2M5ZTNhYjFhOTNmZWYwOTA4NjE1ODU3NmI4OTNiYTMxOWZiMjVhYzVlODY1NjkxMWVjMjE3YzgwZTE&v=1714768387869",
        "images": [
            "https://www.heinemann.com.au/medias/527Wx527H-null?context=bWFzdGVyfGltYWdlc3w4MjM0NHxpbWFnZS9qcGVnfGFHTXpMMmhqWkM4eE1EWXlOVEU0TURJek56ZzFOQzgxTWpkWGVEVXlOMGhmYm5Wc2JBfGU1ZmJjY2M5ZTNhYjFhOTNmZWYwOTA4NjE1ODU3NmI4OTNiYTMxOWZiMjVhYzVlODY1NjkxMWVjMjE3YzgwZTE&v=1714768387869",
            "https://www.heinemann.com.au/medias/527Wx527H-null?context=bWFzdGVyfGltYWdlc3w4MTIzOXxpbWFnZS9qcGVnfGFEWXpMMmhpWXk4eE1EWXlOVEU0TURjMk1qRTBNaTgxTWpkWGVEVXlOMGhmYm5Wc2JBfDUzZTRjOTMzNjk4NDlhOTRmZjY3MGE3MWY1NzA3MTU3OTc0ODJiZTgxZjNlMDcyMzczYTRjNzU1ZTVkNmY4ZmE&v=1714768402867"
        ]
    },
    {
        "product_url": "https://www.heinemann.com.au/en/sydt1/chivas/chivas-triple-pack-40vol-2-2l/p/000000000001117886/",
        "brand_name": "Chivas",
        "brand_url": "https://www.heinemann.com.au/en/sydt1/chivas/c/BRAND_0190/",
        "product_name": "Chivas Triple Pack 40% 2.2L",
        "quantity": "2.2\u00a0l",
        "price": "$148.00",
        "price_per_quantity": "($67.27 / 1 l)",
        "stock_availability": "In stock",
        "description": "From the oldest operating distillery in the Scottish Highlands, Chivas regal has been famous for its extraordinary selection of malt Whiskies. Chivas Regal Triple Pack contains 1x 1L Chivas Regal Extra 13 Sherry Cask, 1 x 700mL Chivas Regal 12 Year Old and 1 x 500mL Chivas Regal 18 Year Old.",
        "primary_image": "https://www.heinemann.com.au/medias/527Wx527H-null?context=bWFzdGVyfGltYWdlc3w2NjgyNnxpbWFnZS9qcGVnfGFERm1MMmd4T0M4eE1EZ3pORFk1TWprek1UWXhOQzgxTWpkWGVEVXlOMGhmYm5Wc2JBfDIyM2I4M2MzMGVjZGUyZDU4OWY0MDA5MGUxODQ5MDBlZDFlZjg4YzA1MzRiOThjNjE0YWQxYmVjMjAxNGMwN2M&v=1719950953097",
        "images": [
            "https://www.heinemann.com.au/medias/527Wx527H-null?context=bWFzdGVyfGltYWdlc3w2NjgyNnxpbWFnZS9qcGVnfGFERm1MMmd4T0M4eE1EZ3pORFk1TWprek1UWXhOQzgxTWpkWGVEVXlOMGhmYm5Wc2JBfDIyM2I4M2MzMGVjZGUyZDU4OWY0MDA5MGUxODQ5MDBlZDFlZjg4YzA1MzRiOThjNjE0YWQxYmVjMjAxNGMwN2M&v=1719950953097",
            "https://www.heinemann.com.au/medias/527Wx527H-null?context=bWFzdGVyfGltYWdlc3w2MTc2MXxpbWFnZS9qcGVnfGFERTJMMmc0WXk4eE1EZ3pORFk1T0Rjek1UVTFNQzgxTWpkWGVEVXlOMGhmYm5Wc2JBfDkzOWYyNzE4NzdhZWZlYTk0NzdkMjc0ZDA4N2JhODQwZTgwYTM2ZTUwNzVhYzJiZjNmMGE2ZTQ2YWRiNmU3Yjk&v=1719951153340"
        ]
    },
    {
        "product_url": "https://www.heinemann.com.au/en/sydt1/the-singleton/the-singleton-radiant-spring-garden-travel-exclusive-single-malt-whisky-1l-40vol/p/000000000001643853/",
        "brand_name": "The Singleton",
        "brand_url": "https://www.heinemann.com.au/en/sydt1/the-singleton/c/BRAND_4739/",
        "product_name": "The Singleton Radiant Spring Garden Travel Exclusive Single Malt Whisky 1L 40%",
        "quantity": "1\u00a0l",
        "price": "$99.00",
        "price_per_quantity": "($99.00 / 1 l)",
        "stock_availability": "Low stock",
        "description": "Inspired by springtime gardens with blossoming fruit trees. This whisky has been matured in our Select White Oak casks. The result is an exceptional expression of Glendullan\u2019s quintessential\u00a0 bright and fruity character.",
        "primary_image": "https://www.heinemann.com.au/medias/527Wx527H-null?context=bWFzdGVyfGltYWdlc3w2ODY3NXxpbWFnZS9qcGVnfGFEQmtMMmczTXk4eE1UTTNNamMxTURjd01EVTNOQzgxTWpkWGVEVXlOMGhmYm5Wc2JBfDdiNmZkODQ0ZDgyN2RjZGNlMDhkMzVlNjI4ZGE3YjI2MGU0MjU4OWU3NWY5ZTFjNTI5NDlmNDQzMDFjOTNhMTg&v=1730933428644",
        "images": []
    },
    {
        "product_url": "https://www.heinemann.com.au/en/sydt1/the-singleton/the-singleton-exotic-spice-grove-travel-exclusive-single-malt-whisky-1l-42-8vol/p/000000000001643852/",
        "brand_name": "The Singleton",
        "brand_url": "https://www.heinemann.com.au/en/sydt1/the-singleton/c/BRAND_4739/",
        "product_name": "The Singleton Exotic Spice Grove Travel Exclusive Single Malt Whisky 1L 42.8%",
        "quantity": "1\u00a0l",
        "price": "$265.00",
        "price_per_quantity": "($265.00 / 1 l)",
        "stock_availability": "In stock",
        "description": "Inspired by exotic spice groves, where\u00a0nutmeg trees whisper in the breeze and\u00a0the scent of honey fills the air. This whisky\u00a0has been Triple Cask Matured, first rested\u00a0in Ex-Wine and Rejuvenated casks before\u00a0married together in Reserve Oak casks.\u00a0The result is a rich Single Malt with\u00a0unfolding opulent flavours.",
        "primary_image": "https://www.heinemann.com.au/medias/527Wx527H-null?context=bWFzdGVyfGltYWdlc3w3MDIwM3xpbWFnZS9qcGVnfGFEZzBMMmczWXk4eE1UTTNNamMxTURRM01URTVPQzgxTWpkWGVEVXlOMGhmYm5Wc2JBfDBjZGRiZjk4YjBkZTE0N2EzMjcwMWY5Yzk4OGNkN2Q1YTU2ZjQ5YzhlNDVmNTQyYzQ2N2RlMTc4YzYwOWQwNGU&v=1730933412404",
        "images": []
    },
    {
        "product_url": "https://www.heinemann.com.au/en/sydt1/fettercairn/fettercairn-17y-highland-single-malt-scotch-whisky-47vol-0-7l-gift-pack/p/000000000001630834/",
        "brand_name": "Fettercairn",
        "brand_url": "https://www.heinemann.com.au/en/sydt1/fettercairn/c/BRAND_9040/",
        "product_name": "Fettercairn 17y Highland Single Malt Scotch Whisky 47% 0.7L gift pack",
        "quantity": "0.7\u00a0l",
        "price": "$225.00",
        "price_per_quantity": "($321.43 / 1 l)",
        "stock_availability": "Low stock",
        "description": "Established in 1824 in the foothills of the Cairngorm mountains, Fettercairn has become renowned for our innovative approach to flavour-led whisky making. From our commitment to locally sourced ingredients, to our unique copper cooling ring \u2013 which cascades mountain water down our stills.",
        "primary_image": "https://www.heinemann.com.au/medias/527Wx527H-null?context=bWFzdGVyfGltYWdlc3w2MTgzOXxpbWFnZS9qcGVnfGFEZGtMMmhoTmk4eE1UZ3lOVFkyTURJMk5EUTNPQzgxTWpkWGVEVXlOMGhmYm5Wc2JBfGEwZjU2OWQwNTMwZWQ3NTliNjMzZjc5YWUwN2M3Mzk1NjYxMjlmOWM5YjQ2YWY4NDk4M2ExMWE3NTFiNGI3YmI&v=1740692748678",
        "images": []
    },
    {
        "product_url": "https://www.heinemann.com.au/en/sydt1/the-glenlivet/the-glenlivet-caskmakers-single-malt-scotch-whisky-40vol-0-7l-giftpack/p/000000000001636911/",
        "brand_name": "The Glenlivet",
        "brand_url": "https://www.heinemann.com.au/en/sydt1/the-glenlivet/c/BRAND_0970/",
        "product_name": "The Glenlivet Caskmakers Single Malt Scotch Whisky 40% 0.7L giftpack",
        "quantity": "0.7\u00a0l",
        "price": "$309.00",
        "price_per_quantity": "($441.43 / 1 l)",
        "stock_availability": "Low stock",
        "description": "For over 200 years, the Glenlivet has continued to challenge the conventions of whisky-making, always pushing the boundaries in pursuit of creating single malts of the highest quality. This time, masters of their craft have come together to take the whisky experience to a new level: perfectly crafting two casks into one, a feat of originality. Allied with our cask experts, the master coopers in Jerez, Spain have hand-selected the finest ex-Spanish sherry and freshly charred European oak casks; these casks were deconstructed and intricately recrafted \u2013 alternating stave by stave. A portion of the whisky is then selectively finished in these reconstructed casks, bringing new depths to the interplay of flavours.",
        "primary_image": "https://www.heinemann.com.au/medias/527Wx527H-null?context=bWFzdGVyfGltYWdlc3w2OTIyMHxpbWFnZS9qcGVnfGFETmhMMmc0WlM4eE1USTROak01T1RJMU5EVTFPQzgxTWpkWGVEVXlOMGhmYm5Wc2JBfDQ0ODVlMmJhMWNjZmJlOWI2YjEyM2ZhNzQwYWIxODU4MDA2MTUxZjc5ZTI3ZDEzNmE1OTZkMzg4NTZiMzdkYTI&v=1729324473302",
        "images": [
            "https://www.heinemann.com.au/medias/527Wx527H-null?context=bWFzdGVyfGltYWdlc3w2OTIyMHxpbWFnZS9qcGVnfGFETmhMMmc0WlM4eE1USTROak01T1RJMU5EVTFPQzgxTWpkWGVEVXlOMGhmYm5Wc2JBfDQ0ODVlMmJhMWNjZmJlOWI2YjEyM2ZhNzQwYWIxODU4MDA2MTUxZjc5ZTI3ZDEzNmE1OTZkMzg4NTZiMzdkYTI&v=1729324473302",
            "https://www.heinemann.com.au/medias/527Wx527H-null?context=bWFzdGVyfGltYWdlc3w0ODMyMnxpbWFnZS9qcGVnfGFEVXhMMmd3TkM4eE1USTROalF3TXpZME5UUTNNQzgxTWpkWGVEVXlOMGhmYm5Wc2JBfDBlMjAxMDJiMzJmNjk1YmNkNDY0MGIzMTM1MWVlZDg2MzkwOWY2MWYyNzljNjFhMGFlZWU2ODBiZjIxYjMzNjc&v=1729324729639",
            "https://www.heinemann.com.au/medias/527Wx527H-null?context=bWFzdGVyfGltYWdlc3w1NTY5NHxpbWFnZS9qcGVnfGFEa3dMMmcxTUM4eE1USTROalF3TkRBd05Ua3hPQzgxTWpkWGVEVXlOMGhmYm5Wc2JBfGJmNmZjYTE4NmZmMTk3ZGRiY2QyNzBjZGMzMTE1YzRjZTg0YTFmYTNjZGIyZWFjNTI2N2Q4MGUwMzRiZDQzNjI&v=1729324740668"
        ]
    },
    {
        "product_url": "https://www.heinemann.com.au/en/sydt1/johnnie-walker/johnnie-walker-island-green-blended-malt-scotch-whisky-43vol-1l/p/000000000001207505/",
        "brand_name": "",
        "brand_url": "https://www.heinemann.com.au/en/sydt1/johnnie-walker/johnnie-walker-island-green-blended-malt-scotch-whisky-43vol-1l/p/000000000001207505/",
        "product_name": "Johnnie Walker Island Green Blended Malt Scotch Whisky 43% 1L",
        "quantity": "1\u00a0l",
        "price": "$113.00",
        "price_per_quantity": "($113.00 / 1 l)",
        "stock_availability": "In stock",
        "description": "Johnnie Walker Island Green is a new interpretation of the classic Johnnie Walker Green Label. Crafted only from the finest mature malt whiskies to demonstrate the distinctive characters from the four main whisky regions of Scotland, with an emphasis on the Island Malt style. The smoky, maritime flavour of Caol Ila\u2122 from Islay is balanced with fruity Highland malts including Clynelish\u2122, lighter Lowland malts such as Glenkinchie\u2122 and the classic Speyside style of Cardhu\u2122.",
        "primary_image": "https://www.heinemann.com.au/medias/527Wx527H-null?context=bWFzdGVyfGltYWdlc3wyNjc3OXxpbWFnZS9qcGVnfGFEVTRMMmczWXk4eE1UTXpOamszTURneU9UZzFOQzgxTWpkWGVEVXlOMGhmYm5Wc2JBfGY1ZWZhY2U1YzM3ZTQzN2YxMzI1ZTM0NzhkMzc3NmYzZmI5MmQ0MTE5N2EwM2ZjOGQyNTA5NjM3MTYyNDcyYjg&v=1730235922969",
        "images": [
            "https://www.heinemann.com.au/medias/527Wx527H-null?context=bWFzdGVyfGltYWdlc3wyNjc3OXxpbWFnZS9qcGVnfGFEVTRMMmczWXk4eE1UTXpOamszTURneU9UZzFOQzgxTWpkWGVEVXlOMGhmYm5Wc2JBfGY1ZWZhY2U1YzM3ZTQzN2YxMzI1ZTM0NzhkMzc3NmYzZmI5MmQ0MTE5N2EwM2ZjOGQyNTA5NjM3MTYyNDcyYjg&v=1730235922969",
            "https://www.heinemann.com.au/medias/527Wx527H-null?context=bWFzdGVyfGltYWdlc3w1MTAyNnxpbWFnZS9qcGVnfGFEa3lMMmczWmk4eE1UTXpOamszTlRReE56TTNOQzgxTWpkWGVEVXlOMGhmYm5Wc2JBfDM5ZDg3NDAyMjk2ZmM1MTBjY2NiMWE4ZjI4NGRkZTkyZTI3N2QwNTI1ZGIyMjg4NmIzYjA2NDMyMWFkODdhYzI&v=1730236335666"
        ]
    },
    {
        "product_url": "https://www.heinemann.com.au/en/sydt1/wild-turkey/wild-turkey-kentucky-spirit-50-5vol-1l-giftbox/p/000000000001497907/",
        "brand_name": "Wild Turkey",
        "brand_url": "https://www.heinemann.com.au/en/sydt1/wild-turkey/c/BRAND_1279/",
        "product_name": "Wild Turkey Kentucky Spirit, 50.5% 1L, Giftbox",
        "quantity": "1\u00a0l",
        "price": "$145.00",
        "price_per_quantity": "($145.00 / 1 l)",
        "stock_availability": "In stock",
        "description": "Each barrel of this full-bodied Kentucky Spirit Bourbon is hand selected under the watchful eye of legendary Master Distiller Jimmy Russell; every drop of its bold and spicy character is drawn from a single barrel.",
        "primary_image": "https://www.heinemann.com.au/medias/1497907-527Wx527H?context=bWFzdGVyfGltYWdlc3w2NzU2NXxpbWFnZS9qcGVnfGFEWTVMMmd4Tnk4NU5qVXpNVGsxTlRBMU5qazBMekUwT1RjNU1EZGZOVEkzVjNnMU1qZEl8OWRkNzVkNzUyYzMwMTAwZjgzZGEzYjZkY2Y1ZWFjZjA4MjI2ZGY3MGYwMTc3NmM1MTc5ZGMyNTEwYjdlMTc2MQ&v=1642540634170",
        "images": []
    },
    {
        "product_url": "https://www.heinemann.com.au/en/sydt1/bunnahabhain/bunnahabhain-cruach-mhona-islay-single-malt-scotch-whisky-50vol-1l-gift-pack/p/000000000000500318/",
        "brand_name": "Bunnahabhain",
        "brand_url": "https://www.heinemann.com.au/en/sydt1/bunnahabhain/c/BRAND_3307/",
        "product_name": "Bunnahabhain Cruach Mhona Islay Single Malt Scotch Whisky 50% 1L gift pack",
        "quantity": "1\u00a0l",
        "price": "$144.00",
        "price_per_quantity": "($144.00 / 1 l)",
        "stock_availability": "In stock",
        "description": "Bunnahabhain Cruach-Mhona introduces a wonderfully smoky dimension to the famous gentle taste. \"Cruach-Mhona\" means \"peat stack\" in Scots Gaelic. It's the smoke from our peated malted barley that gives this Islay single malt its distinctive taste. And because Cruach-Mhona is un-chillfiltered, it's a taste that's pure and strong.",
        "primary_image": "https://www.heinemann.com.au/medias/527Wx527H-null?context=bWFzdGVyfGltYWdlc3w2MjI2M3xpbWFnZS9qcGVnfGFEUTBMMmd6TUM4NU56VXhOREk1TnpjMU16a3dMelV5TjFkNE5USTNTRjl1ZFd4c3xhN2U0ZWUyODE5MjJiNGI4NDk2N2JjNTU5N2ZmMDAzNzAyZGE0ZGI3NGEzNDE3NTM2MmM5YmI1ZDAwZDY2NzRl&v=1680305109607",
        "images": [
            "https://www.heinemann.com.au/medias/527Wx527H-null?context=bWFzdGVyfGltYWdlc3w2MjI2M3xpbWFnZS9qcGVnfGFEUTBMMmd6TUM4NU56VXhOREk1TnpjMU16a3dMelV5TjFkNE5USTNTRjl1ZFd4c3xhN2U0ZWUyODE5MjJiNGI4NDk2N2JjNTU5N2ZmMDAzNzAyZGE0ZGI3NGEzNDE3NTM2MmM5YmI1ZDAwZDY2NzRl&v=1680305109607",
            "https://www.heinemann.com.au/medias/527Wx527H-null?context=bWFzdGVyfGltYWdlc3w0Mzg1NnxpbWFnZS9qcGVnfGFHSTRMMmcwT0M4NU56VXhORE15TmpVNE9UYzBMelV5TjFkNE5USTNTRjl1ZFd4c3xiYTg3ZjMwNDhmMjRiZmE5N2YxNTk0MTYwZDVkYmMxZDNjZjYyNGQ0NTkwNTliMjBhNjUzMTQwNmY0YjZhNzk0&v=1680305162911"
        ]
    },
    {
        "product_url": "https://www.heinemann-shop.com/en/global/m-m/m-m-s-choco-milk-chocolate-in-a-sugar-shell/p/000000000001626225/",
        "brand_name": "M&M",
        "brand_url": "https://www.heinemann-shop.com/en/global/m-m/c/BRAND_2969/",
        "product_name": "M&M's Choco milk chocolate in a sugar shell",
        "quantity": "0.2\u00a0kg",
        "price": "\u20ac5.30",
        "price_per_quantity": "(\u20ac26.50 / 1 kg)",
        "stock_availability": "In stock, immediately available",
        "description": "These world famous chocolates in a colorful candy shell are instantly recognizable all over the globe. M&M'S Choco is made of delicious milk chocolate.",
        "primary_image": "https://www.heinemann-shop.com/medias/527Wx527H-null?context=bWFzdGVyfGltYWdlc3w3NTI0MXxpbWFnZS9qcGVnfGFHVmtMMmcwTXk4eE1EUTJOakUyT1RJMU9EQXhOQzgxTWpkWGVEVXlOMGhmYm5Wc2JBfDhlZmY1ZWMzY2I2YmViZDM0MjhlZjhlMmY5ZmY1NTA0NWY0MTc5MTAyZjJlM2FkZDAzZWFmZmJmY2FkYzJlYTg&v=1711055155795",
        "images": []
    },
    {
        "product_url": "https://www.heinemann.com.au/en/sydt1/the-glenlivet/glenlivet-triple-cask-matured-white-oak-reserve-speyside-single-malt-scotch-whisky-40vol-1l/p/000000000001141689/",
        "brand_name": "The Glenlivet",
        "brand_url": "https://www.heinemann.com.au/en/sydt1/the-glenlivet/c/BRAND_0970/",
        "product_name": "Glenlivet Triple Cask Matured White Oak Reserve Speyside Single Malt Scotch Whisky 40% 1L",
        "quantity": "1\u00a0l",
        "price": "$132.00",
        "price_per_quantity": "($132.00 / 1 l)",
        "stock_availability": "In stock",
        "description": "The White oak reserve has a high proportion of the American white oak casks which creates a deep, velvety taste with subtle, creamy coconut and vanilla notes. For a richer, intense character, The Master Distiller has also used the 'never - emptied' Solera Vat.",
        "primary_image": "https://www.heinemann.com.au/medias/527Wx527H-null?context=bWFzdGVyfGltYWdlc3wzODM5MXxpbWFnZS9qcGVnfGFHSTJMMmhqTkM4eE1USTROVFkzTmpBek1qQXpNQzgxTWpkWGVEVXlOMGhmYm5Wc2JBfDQ1N2RkMDY3NTVkZjUxYzQ1ZTEzZjViOGYzZDE2NjBlODY1ZjUyYTVjMmI1ZDVlMTFmOTIwMjlmMmYzMTQ4Yjc&v=1729316553031",
        "images": [
            "https://www.heinemann.com.au/medias/527Wx527H-null?context=bWFzdGVyfGltYWdlc3wzODM5MXxpbWFnZS9qcGVnfGFHSTJMMmhqTkM4eE1USTROVFkzTmpBek1qQXpNQzgxTWpkWGVEVXlOMGhmYm5Wc2JBfDQ1N2RkMDY3NTVkZjUxYzQ1ZTEzZjViOGYzZDE2NjBlODY1ZjUyYTVjMmI1ZDVlMTFmOTIwMjlmMmYzMTQ4Yjc&v=1729316553031",
            "https://www.heinemann.com.au/medias/527Wx527H-null?context=bWFzdGVyfGltYWdlc3w2Njc1NnxpbWFnZS9qcGVnfGFHRmlMMmc1TkM4eE1USTROVFkzT1RnNU9EWTFOQzgxTWpkWGVEVXlOMGhmYm5Wc2JBfDUwM2Q0MzdiZGQyY2E2YmJhMTAwYjhjNjA0MDI4MjQ5MWZiNzVmMjljMDM3ZjMwODAxMjczMWRlMzIyZGRjM2I&v=1729316805686"
        ]
    },
    {
        "product_url": "https://www.heinemann.com.au/en/sydt1/glen-garioch/glen-garioch-15y-53-7vol-0-7l/p/000000000001219435/",
        "brand_name": "Glen Garioch",
        "brand_url": "https://www.heinemann.com.au/en/sydt1/glen-garioch/c/BRAND_6046/",
        "product_name": "Glen Garioch 15y 53.7% 0.7L",
        "quantity": "0.7\u00a0l",
        "price": "$164.00",
        "price_per_quantity": "($234.29 / 1 l)",
        "stock_availability": "In stock",
        "description": "Glen Garioch 15YO was one of the most highly revered liquids in the original portfolio and hasn\u2019t been released for over 8 years. Glen Garioch has always favoured quality over quantity. So rather than releasing a new batch on a whim, the distillery only selects casks at the peak of perfection. This 15YO expression is matured in finest oloroso sherry casks, is non-peated and non chill filtered. Richly spiced Highland malt interwoven with dried fruit.",
        "primary_image": "https://www.heinemann.com.au/medias/1219435-527Wx527H?context=bWFzdGVyfGltYWdlc3w0ODExNHxpbWFnZS9qcGVnfGFEWmpMMmd6Tnk4NU5qTXdOemMyTlRrd016WTJMekV5TVRrME16VmZOVEkzVjNnMU1qZEl8NDY1MjRkOTEwZjEzNTMyYWE2ZTJhYzRkNTZmMTUyM2NmNDkwMTljNGZjOWY2YjgzNjA1MDE0YTIyZTA4Mjg0OQ&v=1635888616430",
        "images": []
    },
    {
        "product_url": "https://www.heinemann.com.au/en/sydt1/belvedere/belvedere-single-estate-rye-smogory-forest-40vol-1l/p/000000000001380291/",
        "brand_name": "Belvedere",
        "brand_url": "https://www.heinemann.com.au/en/sydt1/belvedere/c/BRAND_4805/",
        "product_name": "Belvedere Single Estate Rye Smogory Forest 40% 1L",
        "quantity": "1\u00a0l",
        "price": "$126.00",
        "price_per_quantity": "($126.00 / 1 l)",
        "stock_availability": "In stock",
        "description": "Smog\u00f3ry Forest is crafted with rare Diamond Dankowskie Rye from a single estate located in Smog\u00f3ry, a tiny village in rural western Poland surrounded by the region\u2019s vast, pristine forests. This exceptionally bold and savory vodka captures the essence of its unspoiled region, recalling the dense hardwood forests dominating the terroir.The Belvedere Single Estate Rye Series celebrates Belvedere\u2019s craftsmanship and expertise in vodka distilling.",
        "primary_image": "https://www.heinemann.com.au/medias/1380291-527Wx527H?context=bWFzdGVyfGltYWdlc3wzNTM1MnxpbWFnZS9qcGVnfGFHVTVMMmd4WkM4NU5qTXdPRFl4T1Rnek56YzBMekV6T0RBeU9URmZOVEkzVjNnMU1qZEl8YTBmYzQ2MDFlNTk5OGQzYTdmMjBkY2Q5OTA2NjM4MGU2MTk4YzNmYjMxNDY2YTZjYjk4YWU2ZTQ1ZDc0ZDFmMw&v=1635889366113",
        "images": []
    },
    {
        "product_url": "https://www.heinemann.com.au/en/sydt1/bowmore/bowmore-16y-islay-single-malt-scotch-whisky-43vol-0-7l/p/000000000001661643/",
        "brand_name": "Bowmore",
        "brand_url": "https://www.heinemann.com.au/en/sydt1/bowmore/c/BRAND_4592/",
        "product_name": "Bowmore 16y Islay Single Malt Scotch Whisky 43% 0.7L",
        "quantity": "0.7\u00a0l",
        "price": "$165.00",
        "price_per_quantity": "($235.71 / 1 l)",
        "stock_availability": "In stock",
        "description": "Bowmore 16-year-old Ruby Port Cask is an enchantingly rich and complex Bowmore single malt whisky matured in American Oak ex-Bourbon casks and European Oak Sherry casks, and finished in Ruby Port casks for a unique layer of flavour.",
        "primary_image": "https://www.heinemann.com.au/medias/527Wx527H-null?context=bWFzdGVyfGltYWdlc3w3MDI1NXxpbWFnZS9qcGVnfGFHWm1MMmhoT1M4eE1UTXdNamcwTnpnM016QTFOQzgxTWpkWGVEVXlOMGhmYm5Wc2JBfGFlN2NmZjkyMzlmYjg1MmViMWNlZWM4ZDMzMjk4YWQxZDQ4ZTkwMDdmZTgxMzU5MThjY2MwYTA5M2I5ODVkNzA&v=1729627954042",
        "images": [
            "https://www.heinemann.com.au/medias/527Wx527H-null?context=bWFzdGVyfGltYWdlc3w3MDI1NXxpbWFnZS9qcGVnfGFHWm1MMmhoT1M4eE1UTXdNamcwTnpnM016QTFOQzgxTWpkWGVEVXlOMGhmYm5Wc2JBfGFlN2NmZjkyMzlmYjg1MmViMWNlZWM4ZDMzMjk4YWQxZDQ4ZTkwMDdmZTgxMzU5MThjY2MwYTA5M2I5ODVkNzA&v=1729627954042",
            "https://www.heinemann.com.au/medias/527Wx527H-null?context=bWFzdGVyfGltYWdlc3wzOTM1MXxpbWFnZS9qcGVnfGFEZzBMMmczWkM4eE1UTXdNamcxTURFNU9UVTRNaTgxTWpkWGVEVXlOMGhmYm5Wc2JBfDQ0M2JiZTg1ZmQ2N2E2MGExMGU5MzUyMjQ1ZTk3Njc5ZDI5MDI3NWU2OTIwNmQ1ODliYTQ3Y2ZiNmFlMTc2NmU&v=1729628110610"
        ]
    },
    {
        "product_url": "https://www.heinemann.com.au/en/sydt1/talisker/talisker-surge-single-malt-scotch-whisky-45-8vol-0-7l-giftpack/p/000000000001530716/",
        "brand_name": "Talisker",
        "brand_url": "https://www.heinemann.com.au/en/sydt1/talisker/c/BRAND_4603/",
        "product_name": "Talisker Surge Single Malt Scotch Whisky 45.8% 0.7L giftpack",
        "quantity": "0.7\u00a0l",
        "price": "$167.00",
        "price_per_quantity": "($238.57 / 1 l)",
        "stock_availability": "In stock",
        "description": "Introducing Talisker Surge, a Global Travel Exclusive offering from single malt brand Talisker. The first Talisker variant aged in 100% bourbon casks making it uniquely rich spiced and vibrant. Made by the sea; flashes of surging spice and rich honeyed berries electrify the palate, while rolling smoke rumbles underneath. Liquid lightning that stirs the soul and sets pulses racing.",
        "primary_image": "https://www.heinemann.com.au/medias/527Wx527H-null?context=bWFzdGVyfGltYWdlc3w3OTgyNHxpbWFnZS9qcGVnfGFERXhMMmcyWXk4eE1USTRORGt5TlRjM05Ua3dNaTgxTWpkWGVEVXlOMGhmYm5Wc2JBfGFjMGMwMzZiNGNkNmE1ZmQ3ODM4MDcwMmMwMTNiZTVlMDE0ZWE1MGViYTRlYTdmYzE0NTM1YjQ5M2IwMzA2OGU&v=1729302258333",
        "images": []
    },
    {
        "product_url": "https://www.heinemann-shop.com/en/global/al-rifai/rifai-goji-soy-magic-mix-of-roasted-soy-beans-dried-fruits-raw-seeds/p/000000000001626378/",
        "brand_name": "Al Rifai",
        "brand_url": "https://www.heinemann-shop.com/en/global/al-rifai/c/BRAND_3164/",
        "product_name": "Rifai Goji Soy Magic Mix of roasted soy beans, dried fruits & raw seeds",
        "quantity": "0.17\u00a0kg",
        "price": "\u20ac9.90",
        "price_per_quantity": "(\u20ac58.24 / 1 kg)",
        "stock_availability": "",
        "description": "The perfect snack any time of day, our Goji Soy Magic combines a blend of Soy Beans, Goji, Pumpkin Seeds and Raisins in one delicious pack. This super trail mix is a delicious snack that will give you the healthy energy you need to maximize your day!",
        "primary_image": "https://www.heinemann-shop.com/medias/527Wx527H-null?context=bWFzdGVyfGltYWdlc3w1NzAxNXxpbWFnZS9qcGVnfGFHWmpMMmd4WVM4eE1UTTVOVFk1TVRjME1USXhOQzgxTWpkWGVEVXlOMGhmYm5Wc2JBfDQzMTQxNWZjM2FhNTkwMTAyYTZmNjkzN2U4NDQ4N2NiOGZlMGQ3YjJlNDI1MmM0MGVlMjU5OTA1NGJlMmRkZWM&v=1731361647259",
        "images": []
    },
    {
        "product_url": "https://www.heinemann.com.au/en/sydt1/aviation-gin/aviation-gin-expedition-strength-46-5vol-1l/p/000000000001646031/",
        "brand_name": "Aviation Gin",
        "brand_url": "https://www.heinemann.com.au/en/sydt1/aviation-gin/c/BRAND_A331/",
        "product_name": "Aviation Gin Expedition Strength 46.5% 1L",
        "quantity": "1\u00a0l",
        "price": "$80.00",
        "price_per_quantity": "($80.00 / 1 l)",
        "stock_availability": "In stock",
        "description": "As an adventurous traveller, Aviation American Gin \u2013 Expedition Strength is born, a completely unique and distinguished travel exclusive gin, focussing on a \u2018Botanical Democracy\u2019 rather than the standard, dictatorial influence of juniper.",
        "primary_image": "https://www.heinemann.com.au/medias/527Wx527H-null?context=bWFzdGVyfGltYWdlc3w0MjExNXxpbWFnZS9qcGVnfGFHWXhMMmd6WWk4eE1USTROVE14T1RnME16ZzNNQzgxTWpkWGVEVXlOMGhmYm5Wc2JBfGQ5Y2Y3YzYwMTlkMjhjYjM2NjA3NGUxNTE3NjU4ODgyYzRjMDA1MmZkZDZhZjFhMzljN2YyODg0NTBjNjg3NWM&v=1729310986766",
        "images": []
    },
    {
        "product_url": "https://www.heinemann-shop.com/en/global/al-rifai/rifai-nutty-mix-of-chocolate-coated-raisins-dried-fruits-raw-almonds/p/000000000001626539/",
        "brand_name": "Al Rifai",
        "brand_url": "https://www.heinemann-shop.com/en/global/al-rifai/c/BRAND_3164/",
        "product_name": "Rifai Nutty Mix of chocolate coated raisins, dried fruits & raw almonds",
        "quantity": "0.17\u00a0kg",
        "price": "\u20ac9.90",
        "price_per_quantity": "(\u20ac58.24 / 1 kg)",
        "stock_availability": "",
        "description": "Premium simple ingredients, great for on the go snacking. The raw nuts and dried berries benefits will help achieve a balanced diet. Try this mix in combination with skinny yoghurt for breakfast and start your day the healthy way!",
        "primary_image": "https://www.heinemann-shop.com/medias/527Wx527H-null?context=bWFzdGVyfGltYWdlc3w2MzUxOXxpbWFnZS9qcGVnfGFEbGpMMmcwWWk4eE1UTTVOVFk1TURneU16Y3hNQzgxTWpkWGVEVXlOMGhmYm5Wc2JBfGZmNDQ0NmFmZTg1NGQxYWExNjk0OTdkMTgwY2VkM2Q5YzgyODc5ZmMwM2Q3NTZiZWRlMWZjZGNhYjYwZmM1OGI&v=1731361599413",
        "images": []
    },
    {
        "product_url": "https://www.heinemann-shop.com/en/global/m-m/milk-chocolate-55vol-with-a-rice-centre-16vol-in-a-sugar-shell/p/000000000001688006/",
        "brand_name": "M&M",
        "brand_url": "https://www.heinemann-shop.com/en/global/m-m/c/BRAND_2969/",
        "product_name": "Milk chocolate (55%) with a rice centre (16%) in a sugar shell.",
        "quantity": "0.675\u00a0kg",
        "price": "\u20ac21.90",
        "price_per_quantity": "(\u20ac32.44 / 1 kg)",
        "stock_availability": "",
        "description": "These world famous chocolates in a colorful candy shell are instantly recognizable all over the globe. M&M'S Crispy has a delicious center of puffed rice surrounded by milk chocolate.",
        "primary_image": "https://www.heinemann-shop.com/medias/527Wx527H-null?context=bWFzdGVyfGltYWdlc3w1OTA3N3xpbWFnZS9qcGVnfGFETmxMMmd4WlM4eE1UWTVNVFE1TURRME16STVOQzgxTWpkWGVEVXlOMGhmYm5Wc2JBfGQyMjMyMTIwZDZiZjMxN2M5MWJhMjY0YTZmNjg0NDA4YzFjMzk5Y2U5MDhkYTU1ODhjNzM4NTIwMjk4NWRjOGY&v=1738014422735",
        "images": []
    },
    {
        "product_url": "https://www.heinemann-shop.com/en/global/al-rifai/rifai-premium-mix-of-dried-fruits-raw-peanuts-nuts/p/000000000001626537/",
        "brand_name": "Al Rifai",
        "brand_url": "https://www.heinemann-shop.com/en/global/al-rifai/c/BRAND_3164/",
        "product_name": "Rifai Premium Mix of dried fruits, raw peanuts & nuts",
        "quantity": "0.17\u00a0kg",
        "price": "\u20ac9.90",
        "price_per_quantity": "(\u20ac58.24 / 1 kg)",
        "stock_availability": "",
        "description": "Dried fruits and raw nuts are a perfect munchy moment snack. Berries and nuts are considered super foods, a nutrient-rich food especially beneficial for health and well-being. Get your load of energy in this package!",
        "primary_image": "https://www.heinemann-shop.com/medias/527Wx527H-null?context=bWFzdGVyfGltYWdlc3w2NDQzMXxpbWFnZS9qcGVnfGFETmlMMmcxWXk4eE1UTTVOVFk1TURNMk5EazFPQzgxTWpkWGVEVXlOMGhmYm5Wc2JBfGM4Njg1MWU5YzMxNzQyNTE1MzQwMGE3MjlkYzU0YzIxM2UxYjAzOGJmNjYxYjg1OGQyOGZlYjZhMTVlMmM5NmU&v=1731361574650",
        "images": []
    },
    {
        "product_url": "https://www.heinemann.com.au/en/sydt1/hibiki/hibiki-japanese-harmony-limited-edition-43vol-0-7l/p/000000000001164417/",
        "brand_name": "Hibiki",
        "brand_url": "https://www.heinemann.com.au/en/sydt1/hibiki/c/BRAND_4407/",
        "product_name": "Hibiki Japanese Harmony Limited Edition 43% 0.7L",
        "quantity": "0.7\u00a0l",
        "price": "$483.00",
        "price_per_quantity": "($690.00 / 1 l)",
        "stock_availability": "In stock",
        "description": "Hibiki Whisky celebrates an unrivaled art of blending, fine craftsmanship and a sense of luxury from the House of Suntory.",
        "primary_image": "https://www.heinemann.com.au/medias/527Wx527H-null?context=bWFzdGVyfGltYWdlc3w2NDMzOHxpbWFnZS9qcGVnfGFERmxMMmczTWk4NU56VTJNelF4TWpjeU5qQTJMelV5TjFkNE5USTNTRjl1ZFd4c3xiMDBhMWQyY2YxZjUzMTYyMjUzMjMyMWI4YmZkYTI3NTNhM2Q0ZDJlYzBkZGJiNTE0NWZiZjczOTZjOTQyNjRm&v=1681764239681",
        "images": []
    },
    {
        "product_url": "https://www.heinemann.com.au/en/sydt1/tamnavulin/tamnavulin-speyside-single-malt-scotch-whisky-tempranillo-cask-edition-40vol-1l/p/000000000001372842/",
        "brand_name": "Tamnavulin",
        "brand_url": "https://www.heinemann.com.au/en/sydt1/tamnavulin/c/BRAND_7860/",
        "product_name": "Tamnavulin Speyside Single Malt Scotch Whisky Tempranillo Cask Edition 40% 1L",
        "quantity": "1\u00a0l",
        "price": "$85.00",
        "price_per_quantity": "($85.00 / 1 l)",
        "stock_availability": "In stock",
        "description": "",
        "primary_image": "https://www.heinemann.com.au/medias/527Wx527H-null?context=bWFzdGVyfGltYWdlc3w3MjMxMXxpbWFnZS9qcGVnfGFEQmhMMmhqTmk4eE1UZ3lOVFE0TlRZeE1UQXpPQzgxTWpkWGVEVXlOMGhmYm5Wc2JBfDhiYjA1NTFhODljODI5YmM2YjYwMzliMTk3YmE1M2EzODQwYWRmZmFlNTY0MDNjNzM1YzNjOGQzZWYyNzE0OWU&v=1740691936159",
        "images": []
    },
    {
        "product_url": "https://www.heinemann.com.au/en/sydt1/fettercairn/fettercairn-25y-highland-single-malt-scotch-whisky-46-3vol-0-7l-gift-pack/p/000000000001630835/",
        "brand_name": "Fettercairn",
        "brand_url": "https://www.heinemann.com.au/en/sydt1/fettercairn/c/BRAND_9040/",
        "product_name": "Fettercairn 25y Highland Single Malt Scotch Whisky 46.3% 0.7L gift pack",
        "quantity": "0.7\u00a0l",
        "price": "$999.00",
        "price_per_quantity": "($1,427.14 / 1 l)",
        "stock_availability": "In stock",
        "description": "Established in 1824 in the foothills of the Cairngorm mountains, Fettercairn has become renowned for our innovative approach to flavour-led whisky making. From our commitment to locally sourced ingredients, to our unique copper cooling ring \u2013 which cascades mountain water down our stills.",
        "primary_image": "https://www.heinemann.com.au/medias/527Wx527H-null?context=bWFzdGVyfGltYWdlc3w2NDEwNXxpbWFnZS9qcGVnfGFEZzRMMmc1TlM4eE1UZ3lOVFkyTURjMU5UazVPQzgxTWpkWGVEVXlOMGhmYm5Wc2JBfGI3YmIyN2I0YWM1Zjk1OTA4YzJkNTgyZjZmMjEzNDAyZjBmMDQwYzkzMDg1MWFlMTgwODFiZTJlNWUwOGVkZTM&v=1740692793923",
        "images": []
    },
    {
        "product_url": "https://www.heinemann.com.au/en/sydt1/royal-salute/royal-salute-21-yo-fashion-richard-quinn-limited-edition-scotch-whisky-40vol-0-7l-gift-pack/p/000000000001609485/",
        "brand_name": "Royal Salute",
        "brand_url": "https://www.heinemann.com.au/en/sydt1/royal-salute/c/BRAND_6184/",
        "product_name": "Royal Salute 21 YO Fashion Richard Quinn Limited Edition Scotch Whisky 40% 0,7L gift pack",
        "quantity": "0.7\u00a0l",
        "price": "$297.50",
        "price_per_quantity": "($425.00 / 1 l)",
        "stock_availability": "In stock",
        "description": "The 21-Year-Old Richard Quinn edition, designed by British fashion designer Richard Quinn, pays tribute to one of Britain\u2019s most influential and innovative designers. This special limited edition features exceptional whiskies from Braeval, Strathisla and Caperdonich, and offers a rich, fruity and lightly peated flavour.",
        "primary_image": "https://www.heinemann.com.au/medias/527Wx527H-null?context=bWFzdGVyfGltYWdlc3w4NTM3M3xpbWFnZS9qcGVnfGFEVmlMMmd5T0M4eE1USTROakk0TXpZeE5qSTROaTgxTWpkWGVEVXlOMGhmYm5Wc2JBfDM3ZGQ5YzgzN2Q4YzIzZmIyOTBkOTVhMGZiNWFiNzM0NWRhNmFmYjViODczY2U4MjRkNmExZWRjMWViNzRkMzk&v=1729323538166",
        "images": []
    },
    {
        "product_url": "https://www.heinemann-shop.com/en/global/m-m/milk-chocolate-48vol-covered-peanuts-24vol-in-a-sugar-shell/p/000000000001688007/",
        "brand_name": "M&M",
        "brand_url": "https://www.heinemann-shop.com/en/global/m-m/c/BRAND_2969/",
        "product_name": "Milk chocolate (48%) covered peanuts (24%) in a sugar shell.",
        "quantity": "0.33\u00a0kg",
        "price": "\u20ac9.70",
        "price_per_quantity": "(\u20ac29.39 / 1 kg)",
        "stock_availability": "",
        "description": "Introducing M&M'S with heartfelt messages on every pack\u2014because a little chocolate and a kind word can make anyone\u2019s day sweeter.",
        "primary_image": "",
        "images": []
    },
    {
        "product_url": "https://www.heinemann-shop.com/en/global/al-rifai/rifai-sporty-mix-of-roasted-soy-beans-dried-fruits-raw-nuts/p/000000000001626538/",
        "brand_name": "Al Rifai",
        "brand_url": "https://www.heinemann-shop.com/en/global/al-rifai/c/BRAND_3164/",
        "product_name": "Rifai Sporty Mix of roasted soy beans, dried fruits & raw nuts",
        "quantity": "0.17\u00a0kg",
        "price": "\u20ac9.90",
        "price_per_quantity": "(\u20ac58.24 / 1 kg)",
        "stock_availability": "",
        "description": "A mix of the finest nutrient packed fruits and nuts that make a great pre and post-workout snack as well as an everyday snack at work.",
        "primary_image": "https://www.heinemann-shop.com/medias/527Wx527H-null?context=bWFzdGVyfGltYWdlc3w2MzQyM3xpbWFnZS9qcGVnfGFERXpMMmcxTlM4eE1UTTVOVFk1TURVNU5ETXpOQzgxTWpkWGVEVXlOMGhmYm5Wc2JBfDg0MTk1Y2RhZjY2MzZmZWQ4YzQ4Y2U4YTk0OWRjODFlOGI1ODkyYzEwZGNiNDQzNmM1NDJlOTA5MGQ0ODM1YTg&v=1731361586556",
        "images": []
    },
    {
        "product_url": "https://www.heinemann-shop.com/en/global/lindt/lindt-teddy-advent-calendar-170g/p/000000000001520837/",
        "brand_name": "Lindt",
        "brand_url": "https://www.heinemann-shop.com/en/global/lindt/c/BRAND_1486/",
        "product_name": "Lindt TEDDY Advent Calendar 170g",
        "quantity": "0.17\u00a0kg",
        "price": "\u20ac18.50",
        "price_per_quantity": "(\u20ac108.82 / 1 kg)",
        "stock_availability": "",
        "description": "The Lindt Ma\u00eetres Chocolatiers have crafted an adorable symbol of care for Christmas - the Lindt Teddy. Created using the finest Lindt milk chocolate, dressed in gold, with a heart charm, the Lindt Teddy is the most heartwarming gift for your friends and family. This adorable Lindt Teddy calendar will fill you with anticipation: every window is filled with the thrills of Christmas. Counting down to Christmas has never been so exciting.",
        "primary_image": "https://www.heinemann-shop.com/medias/527Wx527H-null?context=bWFzdGVyfGltYWdlc3wxMDA3Njh8aW1hZ2UvanBlZ3xhR0kzTDJnellpOHhNVEk0TmpBMk1qTTJOamMxTUM4MU1qZFhlRFV5TjBoZmJuVnNiQXxhNTAyZTY2NjE2ZjA1OGU0ZjkzMzU1Y2M3NmYyZDIyMjk0ZmNhMWY2ZWEwOGI0ZTIyZWY1YjVlZTUzNTdjOGYy&v=1729322077134",
        "images": []
    },
    {
        "product_url": "https://www.heinemann.com.au/en/sydt1/hendrick-s/hendrick-s-original-44vol-1l-amazonia-43-4vol-1l-twinpack/p/000000000001512770/",
        "brand_name": "Hendrick's",
        "brand_url": "https://www.heinemann.com.au/en/sydt1/hendrick-s/c/BRAND_3047/",
        "product_name": "Hendrick's Original 44% 1L + Amazonia 43.4% 1L Twinpack",
        "quantity": "2\u00a0l",
        "price": "$159.00",
        "price_per_quantity": "($79.50 / 1 l)",
        "stock_availability": "",
        "description": "Our oddly delicious set of infusions of rose petal and cucumber yields a one-of-a-kind gin that is passionately loved all over the world. Now paired with the latest concotion from Lesley Gracie featuring tropical notes characteristic of the native jungle flora. This convenient twin pack makes for the perfect peculiar pair.",
        "primary_image": "https://www.heinemann.com.au/medias/1512770-527Wx527H?context=bWFzdGVyfGltYWdlc3w3OTk3M3xpbWFnZS9qcGVnfGFHUmhMMmd3WkM4NU5qVTVOak01TURjd056VXdMekUxTVRJM056QmZOVEkzVjNnMU1qZEl8YzBlMGJjM2Q2NDY0NTVjNzVlZWU2NWUxZmExZjVmOWI2ODBlYTAxYTc1MjNiZTc3MGRkZDFjNWNiMmQ0OTMxMQ&v=1645650337382",
        "images": []
    },
    {
        "product_url": "https://www.heinemann.com.au/en/sydt1/glen-deveron/glen-deveron-24-yo-54-3vol-70cl-gp/p/000000000001631412/",
        "brand_name": "Glen Deveron",
        "brand_url": "https://www.heinemann.com.au/en/sydt1/glen-deveron/c/BRAND_6270/",
        "product_name": "GLEN DEVERON 24 YO 54.3% 70CL GP",
        "quantity": "0.7\u00a0l",
        "price": "$1,260.00",
        "price_per_quantity": "($1,800.00 / 1 l)",
        "stock_availability": "",
        "description": "THE EXCEPTIONAL CASK SERIES is a collection of Extraordinary single cask bottlings, Double-Cask expressions, and small-batch releases.",
        "primary_image": "https://www.heinemann.com.au/medias/527Wx527H-null?context=bWFzdGVyfGltYWdlc3w3MTY1NHxpbWFnZS9qcGVnfGFEQmhMMmc0TXk4eE1UY3dNREExTWpRMU9UVTFNQzgxTWpkWGVEVXlOMGhmYm5Wc2JBfGNkMjkxNDRkNjU4OTY1NDRmMmFkZTI1YWFkNTI0YzZjOWViZDkwZWZkNzgxNTQ0ZDU2MzkxOTg3MzVlYjMyZGE&v=1738190619203",
        "images": []
    },
    {
        "product_url": "https://www.heinemann.com.au/en/sydt1/bushmills/bushmills-steamship-port-cask-40vol-0-7l-gp/p/000000000001263342/",
        "brand_name": "Bushmills",
        "brand_url": "https://www.heinemann.com.au/en/sydt1/bushmills/c/BRAND_0215/",
        "product_name": "Bushmills Steamship Port Cask 40% 0.7L GP",
        "quantity": "0.7\u00a0l",
        "price": "$178.00",
        "price_per_quantity": "($254.29 / 1 l)",
        "stock_availability": "",
        "description": "Bushmills Steamship Port Cask Reserve is the second edition in its travel retail-exclusive Steamship Collection; it follows the launch of Bushmills Sherry Cask Reserve. This new Travel Retail edition markes the 125th anniversary of the maiden voyage of the SS Bushmills steamship. The new edition is a triple-distilled single malt and has been fully matured in ruby port pipes, sourced from then Douro Valley in Portugal, which impart complex flavours of the port wine into the whiskey.",
        "primary_image": "https://www.heinemann.com.au/medias/1263342-527Wx527H?context=bWFzdGVyfGltYWdlc3w2NjEyOXxpbWFnZS9qcGVnfGFHWTJMMmc0TWk4NU5qTXdOemd4TkRBM01qWXlMekV5TmpNek5ESmZOVEkzVjNnMU1qZEl8MzBjM2M0MmRiZTU1ZWFjZDVlNjI5MzQzOWNlNzkzZjdmYThmZTdlZWQ0YmNkZjNjNDdlOWM2OTBjN2RjMWE0Yw&v=1635888657838",
        "images": []
    },
    {
        "product_url": "https://www.heinemann-shop.com/en/global/toblerone/toblerone-tiny-milk-germany-272g/p/000000000001513692/",
        "brand_name": "Toblerone",
        "brand_url": "https://www.heinemann-shop.com/en/global/toblerone/c/BRAND_0485/",
        "product_name": "Toblerone Tiny Milk Germany 272g",
        "quantity": "0.272\u00a0kg",
        "price": "\u20ac11.50",
        "price_per_quantity": "(\u20ac42.28 / 1 kg)",
        "stock_availability": "",
        "description": "Toblerone gives\u00a0the opportunity to the consumer to share with family and friends a souvenir from their trips\u00a0to GERMANY. An exclusive design that keeps the brand proposition fresh",
        "primary_image": "https://www.heinemann-shop.com/medias/527Wx527H-null?context=bWFzdGVyfGltYWdlc3w3NTgyN3xpbWFnZS9qcGVnfGFHTXpMMmd6TXk4NU9EQXhNVFE1TnpRek1UTTBMelV5TjFkNE5USTNTRjl1ZFd4c3w4MmY3ZTRhYmIwNWQxZWFmNWNhMGYxZmJlMjczNDYzYWRmZDg0MjU2MmQwNDM0MjE1ODViZDgxMjBkMzZlMGQy&v=1691506601300",
        "images": []
    },
    {
        "product_url": "https://www.heinemann.com.au/en/sydt1/bowmore/bowmore-10y-islay-single-malt-scotch-whisky-40vol-1l-gift-pack/p/000000000001251561/",
        "brand_name": "Bowmore",
        "brand_url": "https://www.heinemann.com.au/en/sydt1/bowmore/c/BRAND_4592/",
        "product_name": "Bowmore 10y Islay Single Malt Scotch Whisky 40% 1L gift pack",
        "quantity": "1\u00a0l",
        "price": "$102.00",
        "price_per_quantity": "($102.00 / 1 l)",
        "stock_availability": "",
        "description": "Dark & Intense. Bowmore\u2019s 10 years old pushes the boundaries with bold flavour fusions. Spanish oak sherry casks develop spicy notes on our signature peat smoke in an intense marriage of fire and earth. Experience the layered spectrum of baked Seville orange, toasted maple, peat smoked walnuts and sherry.",
        "primary_image": "https://www.heinemann.com.au/medias/527Wx527H-null?context=bWFzdGVyfGltYWdlc3w1ODUxM3xpbWFnZS9qcGVnfGFETTVMMmhqT0M4eE1USTROVFk0TkRBMk1ERTVNQzgxTWpkWGVEVXlOMGhmYm5Wc2JBfGMyMzgzZjYzYjY3MDg4OTgyY2NjYWVhMmI2NmNiOWQ4NGU4OWIyMmJlZWNkOTNkN2E3MTVmM2FhMjk3NWFhZDg&v=1729317216634",
        "images": [
            "https://www.heinemann.com.au/medias/527Wx527H-null?context=bWFzdGVyfGltYWdlc3w1ODUxM3xpbWFnZS9qcGVnfGFETTVMMmhqT0M4eE1USTROVFk0TkRBMk1ERTVNQzgxTWpkWGVEVXlOMGhmYm5Wc2JBfGMyMzgzZjYzYjY3MDg4OTgyY2NjYWVhMmI2NmNiOWQ4NGU4OWIyMmJlZWNkOTNkN2E3MTVmM2FhMjk3NWFhZDg&v=1729317216634",
            "https://www.heinemann.com.au/medias/527Wx527H-null?context=bWFzdGVyfGltYWdlc3w4MzM4NHxpbWFnZS9qcGVnfGFEZ3lMMmc0TWk4eE1USTROVFk0TnpRek5USTVOQzgxTWpkWGVEVXlOMGhmYm5Wc2JBfGU5MDQ2Zjk3OGZlNGI3MDM5MmE0OWQ1ZWRmYmJmNDM0OTg4N2I3ZTFkMWVhNmFlZThmYmJlOTI1Mzc5NDAzYjY&v=1729317500278"
        ]
    },
    {
        "product_url": "https://www.heinemann.com.au/en/sydt1/dalmore/the-dalmore-portfolio-series-2-highland-single-malt-scotch-whisky-46vol-0-7l/p/000000000001665103/",
        "brand_name": "Dalmore",
        "brand_url": "https://www.heinemann.com.au/en/sydt1/dalmore/c/BRAND_4658/",
        "product_name": "The Dalmore Portfolio Series 2 Highland Single Malt Scotch Whisky 46% 0.7L",
        "quantity": "0.7\u00a0l",
        "price": "$1,415.00",
        "price_per_quantity": "($2,021.43 / 1 l)",
        "stock_availability": "",
        "description": "The Dalmore Portfolio Series showcases the work of rising talents within art & design and celebrates the Dalmore's partnership with the V&A museum in Dundee. The series pairs specially commissioned works of art with masterpieces of whisky making. Fraser Gray is an Edinburgh artist recognised for his striking use of colour & for pushing boundaries with large-scale street art. One of only 2000 bottles this highly limited edition is finessed in Chateau Neuf-du-Pape, one of France's finest chateaux vineyards.",
        "primary_image": "https://www.heinemann.com.au/medias/527Wx527H-null?context=bWFzdGVyfGltYWdlc3w1NDUyMnxpbWFnZS9qcGVnfGFEVTBMMmd3WVM4eE1UZ3lOVFE1TVRnek5qazFPQzgxTWpkWGVEVXlOMGhmYm5Wc2JBfDZjNGU0OGNmNjM3MWQ0NjI4ZDllMDVlOWM3OTI0MzM5MTU3YTBmMTg1ZmU4OTQxMGVlYmM2YmQ1ODI2ZTQ4ODI&v=1740692498009",
        "images": []
    },
    {
        "product_url": "https://www.heinemann.com.au/en/sydt1/dewar-s/dewar-s-15-year-old-blend-40vol-100cl/p/000000000001654722/",
        "brand_name": "Dewar's",
        "brand_url": "https://www.heinemann.com.au/en/sydt1/dewar-s/c/BRAND_0167/",
        "product_name": "DEWAR'S 15 YEAR OLD BLEND 40% 100CL",
        "quantity": "1\u00a0l",
        "price": "$91.00",
        "price_per_quantity": "($91.00 / 1 l)",
        "stock_availability": "",
        "description": "Dewar's\u00ae 15 Year Old Blended Scotch Whisky was created by the eponymous Dewar family. It is famous for its \u2018double-aged\u2019 blend, with six months of marrying in oak casks after initial maturation and blending. This Scotch whisky's unique taste and experience is oneof the world\u2019s most popular and awarded whiskies.",
        "primary_image": "https://www.heinemann.com.au/medias/527Wx527H-null?context=bWFzdGVyfGltYWdlc3w2NDk4NnxpbWFnZS9qcGVnfGFEWTJMMmcxTWk4eE1UZ3hOemswTVRZMk16YzNOQzgxTWpkWGVEVXlOMGhmYm5Wc2JBfDhiM2Q4NGE0NWI5M2Y0Nzk2MmM2NWIwZWUxMDEyMjkzYjQ0NTJjMTZhM2U3ZmJlZWNhZjdiZTVhMTFkMWJiZWU&v=1740520515860",
        "images": [
            "https://www.heinemann.com.au/medias/527Wx527H-null?context=bWFzdGVyfGltYWdlc3w2NDk4NnxpbWFnZS9qcGVnfGFEWTJMMmcxTWk4eE1UZ3hOemswTVRZMk16YzNOQzgxTWpkWGVEVXlOMGhmYm5Wc2JBfDhiM2Q4NGE0NWI5M2Y0Nzk2MmM2NWIwZWUxMDEyMjkzYjQ0NTJjMTZhM2U3ZmJlZWNhZjdiZTVhMTFkMWJiZWU&v=1740520515860",
            "https://www.heinemann.com.au/medias/527Wx527H-null?context=bWFzdGVyfGltYWdlc3w2NjEyOXxpbWFnZS9qcGVnfGFEVTFMMmd3WkM4eE1UZ3hOemsxTXpVNU1UTXlOaTgxTWpkWGVEVXlOMGhmYm5Wc2JBfDBlMDI5YmRkYjlhMzJkZjBmYTY1Y2I0YWNjNmExZTBmYWRiMGVmNjQ2OTE5OTBkNmFhZGE1OTJmMzc4YTJiYmQ&v=1740521088616"
        ]
    },
    {
        "product_url": "https://www.heinemann.com.au/en/sydt1/glen-grant/the-glen-grant-exploration-series-1-48vol-0-7l/p/000000000001690495/",
        "brand_name": "Glen Grant",
        "brand_url": "https://www.heinemann.com.au/en/sydt1/glen-grant/c/BRAND_0210/",
        "product_name": "The Glen Grant Exploration Series 1 48% 0.7L",
        "quantity": "0.7\u00a0l",
        "price": "$190.00",
        "price_per_quantity": "($271.43 / 1 l)",
        "stock_availability": "",
        "description": "The Glen Grant Exploration Series honours our forefather James \u2018The Major\u2019 Grant\u2019s search for such inspiration as he explored the world, discovering a diversity and depth of flavours from his travels. From the vibrancy of our delicately aromatic spirit defined by a distinctive fruity character, the finish on these whiskies tells a story of rich layers of added flavour from the specific cask selection, enhancing the intensity of each unique taste experience. Bottled at 48% ABV and non-chill filtered, Exploration No. 1 is a limited-edition release matured in ex-Bourbon barrels and finished in Jamaican rum casks. This combination of casks delivers a tropical flair with notes of spice, rich dark sugar and ripe banana.",
        "primary_image": "https://www.heinemann.com.au/medias/527Wx527H-null?context=bWFzdGVyfGltYWdlc3wzODM3NnxpbWFnZS9qcGVnfGFEWmhMMmczTlM4eE1UY3pORGc0TURBNU1qRTVNQzgxTWpkWGVEVXlOMGhmYm5Wc2JBfDYwYmUyYzEyN2JhZmIyNjRlZGIzNGUxMTJiY2NkYzk5M2E3YTMxYzBhNjE1YzM0OWI4ZmFjMzU4NmRlMzRhYTM&v=1738880293788",
        "images": []
    },
    {
        "product_url": "https://www.heinemann.com.au/en/sydt1/glenmorangie/glenmorangie-the-tayne-43vol-1l-giftbox/p/000000000001181755/",
        "brand_name": "Glenmorangie",
        "brand_url": "https://www.heinemann.com.au/en/sydt1/glenmorangie/c/BRAND_0194/",
        "product_name": "Glenmorangie The Tayne 43% 1L, giftbox",
        "quantity": "1\u00a0l",
        "price": "$90.00",
        "price_per_quantity": "($90.00 / 1 l)",
        "stock_availability": "",
        "description": "A treasure worth discovering, this expression honours the local lore of a Spanish galleon said to have broken from the Armada in 1588 and sailed up the Firth of Tayne \u2013 now known as Dornoch \u2013 before running aground and being swallowed by the swirling currents, its treasures dragged into the depths where they remain to this day.",
        "primary_image": "https://www.heinemann.com.au/medias/527Wx527H-null?context=bWFzdGVyfGltYWdlc3w2ODc1NnxpbWFnZS9qcGVnfGFHUmxMMmc1T1M4NU56a3dNVGd4TkRBNE56azRMelV5TjFkNE5USTNTRjl1ZFd4c3wyZDY4OGZiZTg5YzgwZjIxOWVkZDg0OTkwODAyOGJlMDUxNWRmZWRkMWNjNjQ3NzhhMjA4ZTk2ODQxMmMxY2U2&v=1689626494557",
        "images": []
    },
    {
        "product_url": "https://www.heinemann.com.au/en/sydt1/macallan/macallan-rare-cask-black-speyside-single-malt-scotch-whisky-48vol-0-7l-gift-pack/p/000000000001174154/",
        "brand_name": "Macallan",
        "brand_url": "https://www.heinemann.com.au/en/sydt1/macallan/c/BRAND_0996/",
        "product_name": "Macallan Rare Cask Black Speyside Single Malt Scotch Whisky 48% 0.7L gift pack",
        "quantity": "0.7\u00a0l",
        "price": "$999.00",
        "price_per_quantity": "($1,427.14 / 1 l)",
        "stock_availability": "",
        "description": "A Macallan with a surprisingly distinctive attitude, Rare Cask Black is a whisky unlike any other Macallan today. This is a darkly, smoky and unexpected Macallan crafted by creativity, innovation and experimentation at The Macallan distillery. Less than 100 casks maturing at The Macallan distillery have contributed to the creation of this out of character smoky whisky. Drawn from 100% sherry seasoned casks, built from Spanish and American oak. The majority of these, over 50%, are first fill.",
        "primary_image": "https://www.heinemann.com.au/medias/1174154-527Wx527H?context=bWFzdGVyfGltYWdlc3w1MzY3MXxpbWFnZS9qcGVnfGFHUm1MMmd6WlM4NU5qYzBPVFF5TVRnMU5UQXlMekV4TnpReE5UUmZOVEkzVjNnMU1qZEl8MjBkNmM1M2YyNDYwZmZhM2ZmN2MzODlmOGViNjIxMzJiMWE3OGM4YTQ2ZjhhMzg5Y2JiM2IyY2I4NTAyMjc4MQ&v=1650699931956",
        "images": [
            "https://www.heinemann.com.au/medias/1174154-527Wx527H?context=bWFzdGVyfGltYWdlc3w1MzY3MXxpbWFnZS9qcGVnfGFHUm1MMmd6WlM4NU5qYzBPVFF5TVRnMU5UQXlMekV4TnpReE5UUmZOVEkzVjNnMU1qZEl8MjBkNmM1M2YyNDYwZmZhM2ZmN2MzODlmOGViNjIxMzJiMWE3OGM4YTQ2ZjhhMzg5Y2JiM2IyY2I4NTAyMjc4MQ&v=1650699931956",
            "https://www.heinemann.com.au/medias/1174154-2-527Wx527H?context=bWFzdGVyfGltYWdlc3wzNTAwMHxpbWFnZS9qcGVnfGFERTJMMmhpTmk4NU5qYzBPVFF6TlRZeE56VTRMekV4TnpReE5UUmZNbDgxTWpkWGVEVXlOMGd8MWFiNjExNTg2ZDZlMmYwNmYwMTJkMzEyZmNlMTU5Y2IwYzU2Zjk3OTcwYzM1MzE3OGNmMjhiYWFmODdmNzE3Mg&v=1650699944472"
        ]
    },
    {
        "product_url": "https://www.heinemann-shop.com/en/global/pringles/hot-paprika-40g/p/000000000001165543/",
        "brand_name": "Pringles",
        "brand_url": "https://www.heinemann-shop.com/en/global/pringles/c/BRAND_3809/",
        "product_name": "Hot Paprika 40g",
        "quantity": "0.04\u00a0kg",
        "price": "\u20ac1.79",
        "price_per_quantity": "(\u20ac44.75 / 1 kg)",
        "stock_availability": "",
        "description": "A tasty twist on a classic snack, Pringles Paprika crisps are a perfect way to spice up your snack.  These delectable crisps are perfect for any party or get together, or afternoon snack. Enjoy a mind popping experience with Pringles Paprika crisps.",
        "primary_image": "https://www.heinemann-shop.com/medias/527Wx527H-null?context=bWFzdGVyfGltYWdlc3w1NzY4N3xpbWFnZS9qcGVnfGFEWTVMMmc1T1M4eE1UYzRNalkwTVRjM09EY3hPQzgxTWpkWGVEVXlOMGhmYm5Wc2JBfDNmY2ZjMTYzYjM4ZGFjZTkwMmJlOTdlZjI4MWE4NjJlZjRkM2Q3NDEyOGE3MzBkMDZlOTMxOThmODMwMWRiNzQ&v=1739831577776",
        "images": []
    },
    {
        "product_url": "https://www.heinemann.com.au/en/sydt1/dalmore/the-dalmore-portfolio-series-3-highland-single-malt-scotch-whisky-49-7vol-0-7l/p/000000000001665104/",
        "brand_name": "Dalmore",
        "brand_url": "https://www.heinemann.com.au/en/sydt1/dalmore/c/BRAND_4658/",
        "product_name": "The Dalmore Portfolio Series 3 Highland Single Malt Scotch Whisky 49.7% 0.7L",
        "quantity": "0.7\u00a0l",
        "price": "$1,945.00",
        "price_per_quantity": "($2,778.57 / 1 l)",
        "stock_availability": "",
        "description": "The Dalmore Portfolio Series showcases the work of rising talents within art & design and celebrates the Dalmore's partnership with the V&A museum in Dundee. The series pairs specially commissioned works of art with masterpieces of whisky making. Fraser Gray is an Edinburgh artist recognised for his striking use of colour & for pushing boundaries with large-scale street art. One of only 1000 bottles this highly limited edition in finessed in Select Cabernet Sauvignon wine casks sourced from one of Bordeaux's finest chateaux vineyards.",
        "primary_image": "https://www.heinemann.com.au/medias/527Wx527H-null?context=bWFzdGVyfGltYWdlc3w1NTA3MHxpbWFnZS9qcGVnfGFEZGxMMmcwTkM4eE1UZ3lOVFE1TWpBMk5qTXpOQzgxTWpkWGVEVXlOMGhmYm5Wc2JBfGI5ZWQ1MmMyYjNkY2I5YmFjMjFlMTcwNmExMGE1ZWUyYmIyYjY2MjJkYzU1YjcyZDhiYmUwYmYwMDA4ZjNlYjU&v=1740692513835",
        "images": []
    },
    {
        "product_url": "https://www.heinemann.com.au/en/sydt1/23rd-street/23rd-street-distillery-signature-gin-tropical-gin-40vol-2x1l/p/000000000001643245/",
        "brand_name": "23rd Street",
        "brand_url": "https://www.heinemann.com.au/en/sydt1/23rd-street/c/BRAND_9935/",
        "product_name": "23rd Street Distillery Signature Gin + Tropical Gin 40% 2x1L",
        "quantity": "1\u00a0l",
        "price": "$110.00",
        "price_per_quantity": "($110.00 / 1 l)",
        "stock_availability": "",
        "description": "Our much loved and forever popular Signature Gin paired with the bright, juicy and colourful Tropical Gin in a convenient 2 pack.",
        "primary_image": "https://www.heinemann.com.au/medias/527Wx527H-null?context=bWFzdGVyfGltYWdlc3w3MDAxMHxpbWFnZS9qcGVnfGFEVXpMMmcyTXk4eE1EazBNekExTURrM016SXhOQzgxTWpkWGVEVXlOMGhmYm5Wc2JBfGM4ODRmMGNhM2QxOWI5ZjBlZDU0OWMxYzJiZTUyYzBhOGFlZDQ2MjY4YTc4MGU1ZjU0ZjY4MDYyYjAyOTBlODE&v=1722458035089",
        "images": [
            "https://www.heinemann.com.au/medias/527Wx527H-null?context=bWFzdGVyfGltYWdlc3w3MDAxMHxpbWFnZS9qcGVnfGFEVXpMMmcyTXk4eE1EazBNekExTURrM016SXhOQzgxTWpkWGVEVXlOMGhmYm5Wc2JBfGM4ODRmMGNhM2QxOWI5ZjBlZDU0OWMxYzJiZTUyYzBhOGFlZDQ2MjY4YTc4MGU1ZjU0ZjY4MDYyYjAyOTBlODE&v=1722458035089",
            "https://www.heinemann.com.au/medias/527Wx527H-null?context=bWFzdGVyfGltYWdlc3w2ODA2MnxpbWFnZS9qcGVnfGFHRTBMMmc1T0M4eE1EazBNek0xTWpJM05EazNOQzgxTWpkWGVEVXlOMGhmYm5Wc2JBfDI4Y2IwOWMxNzlmZjNjYWI3MWQ5MTY2NzM0MzYzM2E2NWUzMzVlZmQxMWEzMTk0MDEyNmM1YzE4ZmRhZWEyYWE&v=1722458271094"
        ]
    },
    {
        "product_url": "https://www.heinemann.com.au/en/sydt1/jameson/jameson-deconstructed-series-round-40vol-1l/p/000000000001197968/",
        "brand_name": "Jameson",
        "brand_url": "https://www.heinemann.com.au/en/sydt1/jameson/c/BRAND_0233/",
        "product_name": "Jameson Deconstructed Series Round 40% 1L",
        "quantity": "1\u00a0l",
        "price": "$60.00",
        "price_per_quantity": "($60.00 / 1 l)",
        "stock_availability": "",
        "description": "This whiskey demonstrates the impact that wood can have on the flavour and complexity of a whiskey. Jameson Round is a blend of pot still and grain whiskey but this time some of the grain whiskey is matured in virgin American oak barrels giving additional vanilla sweetness. The pot still whiskey is matured in American barrels, sherry butts and Madeira casks. This combination of cask types brings a variety of flavours showcasing the impact on the whiskey of the different woods varying from leather to dried fruits to ripe fruits.",
        "primary_image": "https://www.heinemann.com.au/medias/527Wx527H-null?context=bWFzdGVyfGltYWdlc3w0NjIxMXxpbWFnZS9qcGVnfGFEUmpMMmcwWVM4eE1EazJNelU1TURZeE1EazNOQzgxTWpkWGVEVXlOMGhmYm5Wc2JBfDdhZWIzMWY1OWQ3ZDE2YmEwN2ZlNDY5OGZjMmUyYzFjMThjYzgyYmJkNTdjMDZiMTgyOGI5ZTE0ZmNmZDBhNGY&v=1722976011260",
        "images": [
            "https://www.heinemann.com.au/medias/527Wx527H-null?context=bWFzdGVyfGltYWdlc3w0NjIxMXxpbWFnZS9qcGVnfGFEUmpMMmcwWVM4eE1EazJNelU1TURZeE1EazNOQzgxTWpkWGVEVXlOMGhmYm5Wc2JBfDdhZWIzMWY1OWQ3ZDE2YmEwN2ZlNDY5OGZjMmUyYzFjMThjYzgyYmJkNTdjMDZiMTgyOGI5ZTE0ZmNmZDBhNGY&v=1722976011260",
            "https://www.heinemann.com.au/medias/527Wx527H-null?context=bWFzdGVyfGltYWdlc3w5NjgyMXxpbWFnZS9qcGVnfGFEZzRMMmd5WVM4eE1EazJNelU1TVRrNE56SXpNQzgxTWpkWGVEVXlOMGhmYm5Wc2JBfGUxODQ2MzU2OGRmYjI2MGE4ODZhNTBiZDAyOGI5N2M0MjQzODQ3MGVmNTI5ZDk4M2ZjNGY3NzQyY2I2OTZjMTY&v=1722976064346",
            "https://www.heinemann.com.au/medias/527Wx527H-null?context=bWFzdGVyfGltYWdlc3w0MDczNXxpbWFnZS9qcGVnfGFHRmlMMmczWWk4eE1EazJNelU1TWpJeE5qWXdOaTgxTWpkWGVEVXlOMGhmYm5Wc2JBfDQ4ZWNhNWYzODVlMDA2ZmI5MTAzMmQ5NjNlMWI3ZWZmYjE5YmQyNGVlZmQ4NWU1OGYwMTNkZTg1OGJmZjQ5ZDQ&v=1722976072325"
        ]
    },
    {
        "product_url": "https://www.heinemann-shop.com/en/global/al-rifai/rifai-super-mix-of-roasted-nuts/p/000000000001618823/",
        "brand_name": "Al Rifai",
        "brand_url": "https://www.heinemann-shop.com/en/global/al-rifai/c/BRAND_3164/",
        "product_name": "Rifai Super Mix of roasted nuts",
        "quantity": "0.35\u00a0kg",
        "price": "\u20ac14.50",
        "price_per_quantity": "(\u20ac41.43 / 1 kg)",
        "stock_availability": "",
        "description": "A mix of nuts roasted, salted and flavored to perfection. An ideal mix for snacking and sharing during gatherings.",
        "primary_image": "https://www.heinemann-shop.com/medias/527Wx527H-null?context=bWFzdGVyfGltYWdlc3w1NTU0NHxpbWFnZS9qcGVnfGFEYzJMMmhsTkM4eE1UTTVOVFk0TlRNeE9EWTROaTgxTWpkWGVEVXlOMGhmYm5Wc2JBfDFkMWUwYjQzYjMyYzBiNzBkMWNlYmQ5ZjRlNDJiMzhjZGFhMDRlMGIwNTMxMGZhMDhmYzI5ZTAxMGE1MzNkODY&v=1731361314761",
        "images": []
    },
    {
        "product_url": "https://www.heinemann-shop.com/en/global/sal-de-ibiza/sal-de-ibiza-chips-la-vie-en-rose-125g/p/000000000001618563/",
        "brand_name": "Sal de Ibiza",
        "brand_url": "https://www.heinemann-shop.com/en/global/sal-de-ibiza/c/BRAND_0297/",
        "product_name": "Sal de Ibiza Chips \"La Vie en Rose\", 125g",
        "quantity": "0.125\u00a0kg",
        "price": "",
        "price_per_quantity": "(\u20ac51.92 / 1 kg)",
        "stock_availability": "",
        "description": "With our latest chips creation \"La Vie en Rose\", we are expanding the snack cosmos with an unexpectedly elegant flavour. If you are looking for a crunchy snack with that certain something, you will be thrilled by the subtle rose note. A whole new way to enjoy potato crisps.",
        "primary_image": "https://www.heinemann-shop.com/medias/527Wx527H-null?context=bWFzdGVyfGltYWdlc3w2MDQ1OHxpbWFnZS9qcGVnfGFETTFMMmhrTnk4eE1ESXpNell3TXpJeU56WTNPQzgxTWpkWGVEVXlOMGhmYm5Wc2JBfGE2MWQ4ZDQ3Mjc4MTY3N2RjYzU4ZDIxMWMxYTMyYThiODUxYjVkNGM0NDI0NzZhYjBiYmI2Zjk2ODM3MjViYjM&v=1705646584258",
        "images": []
    },
    {
        "product_url": "https://www.heinemann.com.au/en/sydt1/jack-daniel-s/jack-daniel-s-american-single-malt-whiskey-45vol-1l/p/000000000001578099/",
        "brand_name": "Jack Daniel's",
        "brand_url": "https://www.heinemann.com.au/en/sydt1/jack-daniel-s/c/BRAND_0218/",
        "product_name": "Jack Daniel's American Single Malt Whiskey 45% 1L",
        "quantity": "1\u00a0l",
        "price": "$165.00",
        "price_per_quantity": "($165.00 / 1 l)",
        "stock_availability": "",
        "description": "\"This Jack Daniel's American Single Malt finished in Oloroso Sherry Casks is a new take on timeless single malt traditions.",
        "primary_image": "https://www.heinemann.com.au/medias/527Wx527H-null?context=bWFzdGVyfGltYWdlc3w0MjU3NXxpbWFnZS9qcGVnfGFESTFMMmhqT1M4eE1EVTRPVGs1T0RnME1UZzROaTgxTWpkWGVEVXlOMGhmYm5Wc2JBfGM0ZWFjM2YwNTRmNDVlZmE5ZTljM2IwZjQwYjBjYzU4NjA1NTIyNzllMDNlMzZjYzE1ZWUzMzIxNmM0YTZhZDA&v=1713857468591",
        "images": [
            "https://www.heinemann.com.au/medias/527Wx527H-null?context=bWFzdGVyfGltYWdlc3w0MjU3NXxpbWFnZS9qcGVnfGFESTFMMmhqT1M4eE1EVTRPVGs1T0RnME1UZzROaTgxTWpkWGVEVXlOMGhmYm5Wc2JBfGM0ZWFjM2YwNTRmNDVlZmE5ZTljM2IwZjQwYjBjYzU4NjA1NTIyNzllMDNlMzZjYzE1ZWUzMzIxNmM0YTZhZDA&v=1713857468591",
            "https://www.heinemann.com.au/medias/527Wx527H-null?context=bWFzdGVyfGltYWdlc3wzODY3MnxpbWFnZS9qcGVnfGFHTm1MMmcxWWk4eE1EVTRPVGs1T1RrMU5UazVPQzgxTWpkWGVEVXlOMGhmYm5Wc2JBfDY3Y2IzZmM3OWM1MGEzMmZlY2IxODkxZWI5ODY5Y2E1YzZhN2YyZDI2MjFmNTNkMmU3ODZjZDE5MTk2OTE4N2Y&v=1713857521140"
        ]
    },
    {
        "product_url": "https://www.heinemann-shop.com/en/global/den-lille-noettefabrikken/den-lille-noettefabrikken-noetti-frutti-salt-soett-170g/p/000000000001510110/",
        "brand_name": "Den Lille N\u00f8ttefabrikken",
        "brand_url": "https://www.heinemann-shop.com/en/global/den-lille-noettefabrikken/c/BRAND_9036/",
        "product_name": "Den Lille N\u00f8ttefabrikken N\u00f8tti Frutti Salt & S\u00f8tt 170g",
        "quantity": "0.17\u00a0kg",
        "price": "\u20ac4.30",
        "price_per_quantity": "(\u20ac25.29 / 1 kg)",
        "stock_availability": "",
        "description": "N\u00f8tti Frutti Salt & S\u00f8tt is a part of the N\u00f8tti Frutti Family. This product will cover your need for energy refill with proteins and sweetnes. More healthy snacking.",
        "primary_image": "https://www.heinemann-shop.com/medias/527Wx527H-null?context=bWFzdGVyfGltYWdlc3w2ODUyN3xpbWFnZS9qcGVnfGFEY3hMMmc0Wmk4NU56WXhNalF3TnpRek9UWTJMelV5TjFkNE5USTNTRjl1ZFd4c3w2MWQ0MmQyYzBlZjcwZDI5Y2QwNTVmY2I3NmJjMmIzYjM3YTQ0YTMxM2M4ODc2NWRmMzZjYjNhNTU5NGIzZWRl&v=1683186008176",
        "images": []
    },
    {
        "product_url": "https://www.heinemann.com.au/en/sydt1/monkey-shoulder/monkey-shoulder-twinpack-40vol-2x1l/p/000000000001512772/",
        "brand_name": "Monkey Shoulder",
        "brand_url": "https://www.heinemann.com.au/en/sydt1/monkey-shoulder/c/BRAND_4861/",
        "product_name": "Monkey Shoulder Twinpack 40% 2x1L",
        "quantity": "2\u00a0l",
        "price": "$119.00",
        "price_per_quantity": "($59.50 / 1 l)",
        "stock_availability": "",
        "description": "Introducing a new style of whisky for a new kind of whisky drinker. Inspired by our own Malt men who still turn the malting barley by hand, Monkey Shoulder is blended from three of Speyside\u2019s finest single malts resting in first fill bourbon casks. Each batch is made by using just 27 casks carefully selected by our Malt Master, Brian Kinsman. Unlike traditional blends, Monkey Shoulder is made from 100% malt whisky (not a drop of grain whisky in there) resulting in an exceptional creation.",
        "primary_image": "https://www.heinemann.com.au/medias/1512772-527Wx527H?context=bWFzdGVyfGltYWdlc3w4MDQ5MnxpbWFnZS9qcGVnfGFHRTRMMmd4Tnk4NU5qVTVOak01TXpNeU9EazBMekUxTVRJM056SmZOVEkzVjNnMU1qZEl8OGRiYzc1OTU3MGJjM2M1ZjA0ODE2YjZiZTc3MzUyNDU2OTA0ZGI5YjU1ZDQ3NzkxNWUwODJmOGExYzQ2N2JiZQ&v=1645650338396",
        "images": []
    },
    {
        "product_url": "https://www.heinemann.com.au/en/sydt1/highland-park/highland-park-16y-wings-of-the-eagle-island-single-malt-scotch-whisky-44-5vol-0-7l-gift-pack/p/000000000001345726/",
        "brand_name": "Highland Park",
        "brand_url": "https://www.heinemann.com.au/en/sydt1/highland-park/c/BRAND_0944/",
        "product_name": "Highland Park 16y Wings of the Eagle Island Single Malt Scotch Whisky 44.5% 0.7L gift pack",
        "quantity": "0.7\u00a0l",
        "price": "$209.00",
        "price_per_quantity": "($298.57 / 1 l)",
        "stock_availability": "",
        "description": "16 year old Wings of the Eagle celebrates Orkney\u2019s wild and windy island climate. Matured in both sherry seasoned European and American oak casks resulting in a glowing amber natural cask driven colour; its spicy and elegant character reveals a sophisticated combination of flavours layered as intricately as the feathers of an eagle\u2019s wing.",
        "primary_image": "https://www.heinemann.com.au/medias/527Wx527H-null?context=bWFzdGVyfGltYWdlc3w5NDIyMXxpbWFnZS9qcGVnfGFESmlMMmc1WWk4NU9ERTFOek16TXpjd09URXdMelV5TjFkNE5USTNTRjl1ZFd4c3wzZGIwNmUxZDAyMmE5YmIyMzk2ZWU3YzM0Y2M1ZTE2MGIzOTNmMWU2NmM3ZWJlMjQzYjI5OWI4N2Q1MzY2MTBi&v=1694120409738",
        "images": []
    },
    {
        "product_url": "https://www.heinemann.com.au/en/sydt1/glenmorangie/glenmorangie-19y-highland-single-malt-scotch-whisky-43vol-0-7l-gift-pack/p/000000000001276147/",
        "brand_name": "Glenmorangie",
        "brand_url": "https://www.heinemann.com.au/en/sydt1/glenmorangie/c/BRAND_0194/",
        "product_name": "Glenmorangie 19y Highland Single Malt Scotch Whisky 43% 0.7L gift pack",
        "quantity": "0.7\u00a0l",
        "price": "$228.00",
        "price_per_quantity": "($325.71 / 1 l)",
        "stock_availability": "",
        "description": "Glenmorangie 19 Years Old single malt whisky is available only in Travel Retail, for the exclusive appreciation of the travelling connoisseur.",
        "primary_image": "https://www.heinemann.com.au/medias/527Wx527H-null?context=bWFzdGVyfGltYWdlc3w1NzE2NHxpbWFnZS9qcGVnfGFEVXhMMmc1TXk4eE1UUTVOemcxTWpRd016YzBNaTgxTWpkWGVEVXlOMGhmYm5Wc2JBfDYxZjAyMWQ2YTU0ZGI5NjdjOTdiNGU0ZTg1YjVjMjAyNjRjYzM3NDkxOTc0NTQ0ZWE2N2FjZTY4OGIxNmRhZjM&v=1733866004419",
        "images": [
            "https://www.heinemann.com.au/medias/527Wx527H-null?context=bWFzdGVyfGltYWdlc3w1NzE2NHxpbWFnZS9qcGVnfGFEVXhMMmc1TXk4eE1UUTVOemcxTWpRd016YzBNaTgxTWpkWGVEVXlOMGhmYm5Wc2JBfDYxZjAyMWQ2YTU0ZGI5NjdjOTdiNGU0ZTg1YjVjMjAyNjRjYzM3NDkxOTc0NTQ0ZWE2N2FjZTY4OGIxNmRhZjM&v=1733866004419",
            "https://www.heinemann.com.au/medias/527Wx527H-null?context=bWFzdGVyfGltYWdlc3w1OTQ2N3xpbWFnZS9qcGVnfGFERmhMMmhpTlM4eE1UUTVOemcxTlRjM09EZzBOaTgxTWpkWGVEVXlOMGhmYm5Wc2JBfGYxYTRkOThiNDExYWE4YWE2ZjEwNGQ3ODUwNGEwZTQ2MmEwNTA4NjAwYzUwOWI5NGYyYjk2Y2M2NTNhODUzNjI&v=1733866169730"
        ]
    },
    {
        "product_url": "https://www.heinemann.com.au/en/sydt1/bowmore/bowmore-15y-islay-single-malt-scotch-whisky-43vol-1l-gift-pack/p/000000000001260310/",
        "brand_name": "Bowmore",
        "brand_url": "https://www.heinemann.com.au/en/sydt1/bowmore/c/BRAND_4592/",
        "product_name": "Bowmore 15y Islay Single Malt Scotch Whisky 43% 1L gift pack",
        "quantity": "1\u00a0l",
        "price": "$151.00",
        "price_per_quantity": "($151.00 / 1 l)",
        "stock_availability": "",
        "description": "Golden & Elegant. Bowmore\u2019s 15 years old marriage of 1st fill bourbon casks and hogsheads has a refreshing, inspired and uplifting character. Harmonised through maturation, let its layers of perfect silk citrus and salty-sweet vanilla glide over the palate, finishing with peat smoke, sweet almond and lemon.",
        "primary_image": "https://www.heinemann.com.au/medias/527Wx527H-null?context=bWFzdGVyfGltYWdlc3w2MDMxMnxpbWFnZS9qcGVnfGFHWm1MMmhtTmk4eE1USTROVFk0T0RjM09EYzRNaTgxTWpkWGVEVXlOMGhmYm5Wc2JBfGI0MTQ0MTFjNDc5MDYzNjkyOWYyMmM5M2U2M2I4N2UwMzNlZTMzYTUwZmRkZjM4M2Q2ZTQxNmE0MGYwYjE2ZDA&v=1729317585740",
        "images": [
            "https://www.heinemann.com.au/medias/527Wx527H-null?context=bWFzdGVyfGltYWdlc3w2MDMxMnxpbWFnZS9qcGVnfGFHWm1MMmhtTmk4eE1USTROVFk0T0RjM09EYzRNaTgxTWpkWGVEVXlOMGhmYm5Wc2JBfGI0MTQ0MTFjNDc5MDYzNjkyOWYyMmM5M2U2M2I4N2UwMzNlZTMzYTUwZmRkZjM4M2Q2ZTQxNmE0MGYwYjE2ZDA&v=1729317585740",
            "https://www.heinemann.com.au/medias/527Wx527H-null?context=bWFzdGVyfGltYWdlc3w0Mzk3MnxpbWFnZS9qcGVnfGFEY3lMMmhpTnk4eE1USTROVFk1TWpZM09ERTNOQzgxTWpkWGVEVXlOMGhmYm5Wc2JBfDI3NzM3Y2UyMTg0ZmZiZTBmMzA2MTgwOGE3Y2M0NDJiOTc3YzlhMWRhMjU3ODk5NjY4M2ZkNDIwODhhNWUwODU&v=1729318077831"
        ]
    },
    {
        "product_url": "https://www.heinemann.com.au/en/sydt1/benriach/benriach-quarter-cask-classic-speyside-single-malt-scotch-whisky-46vol-1l-gift-pack/p/000000000001455961/",
        "brand_name": "BenRiach",
        "brand_url": "https://www.heinemann.com.au/en/sydt1/benriach/c/BRAND_5256/",
        "product_name": "BenRiach Quarter Cask Classic Speyside Single Malt Scotch Whisky 46% 1L gift pack",
        "quantity": "1\u00a0l",
        "price": "$105.00",
        "price_per_quantity": "($105.00 / 1 l)",
        "stock_availability": "",
        "description": "Taking the sweet, fruity Speyside style of BenRiach, we've further enriched it with contrasting spicy oak notes through an extended maturation in quarter casks. This process balances the influence of the cask with our signature distillery charakter",
        "primary_image": "https://www.heinemann.com.au/medias/527Wx527H-null?context=bWFzdGVyfGltYWdlc3w1NzA5N3xpbWFnZS9qcGVnfGFHUmpMMmhpTlM4NU9EQXhNelU1TkRJMU5UWTJMelV5TjFkNE5USTNTRjl1ZFd4c3wzNjkzYmYzOWRjNjc0OTNmYzk0NWNkNDY4NzQyNDE1N2U1YTg1NDAzODI1YWM1MWEwZmM3YjkyYWQwNzZmZGZj&v=1691529934588",
        "images": []
    },
    {
        "product_url": "https://www.heinemann.com.au/en/sydt1/23rd-street/23rd-street-distillery-signature-gin-40vol-2x1l/p/000000000001643243/",
        "brand_name": "23rd Street",
        "brand_url": "https://www.heinemann.com.au/en/sydt1/23rd-street/c/BRAND_9935/",
        "product_name": "23rd Street Distillery Signature Gin 40% 2x1L",
        "quantity": "1\u00a0l",
        "price": "$110.00",
        "price_per_quantity": "($110.00 / 1 l)",
        "stock_availability": "",
        "description": "Our much loved and forever popular Signature Gin in a convenient 2 pack. Our Distiller individually infuses ten botanicals including traditional juniper and coriander, complemented by zesty local citrus. Astute blending is key, creating a layered palate and full-bodied mouthfeel.",
        "primary_image": "https://www.heinemann.com.au/medias/527Wx527H-null?context=bWFzdGVyfGltYWdlc3w2ODY0NXxpbWFnZS9qcGVnfGFHTmxMMmcwTnk4eE1EazBNekExTURFMU5EQXhOQzgxTWpkWGVEVXlOMGhmYm5Wc2JBfGJkZWMxYmQ3NjBkODFkZDZmODEzNmRlMDBiYzIzMDg3OWVhNzI0ZTc1ZDViNGM5NDRhNGYzZGRmOGIxMjQzNDE&v=1722457998476",
        "images": [
            "https://www.heinemann.com.au/medias/527Wx527H-null?context=bWFzdGVyfGltYWdlc3w2ODY0NXxpbWFnZS9qcGVnfGFHTmxMMmcwTnk4eE1EazBNekExTURFMU5EQXhOQzgxTWpkWGVEVXlOMGhmYm5Wc2JBfGJkZWMxYmQ3NjBkODFkZDZmODEzNmRlMDBiYzIzMDg3OWVhNzI0ZTc1ZDViNGM5NDRhNGYzZGRmOGIxMjQzNDE&v=1722457998476",
            "https://www.heinemann.com.au/medias/527Wx527H-null?context=bWFzdGVyfGltYWdlc3w2MTA5N3xpbWFnZS9qcGVnfGFEZzFMMmd6T0M4eE1EazBNek0xTVRVeU1UTXhNQzgxTWpkWGVEVXlOMGhmYm5Wc2JBfGM1MGQ3Njg4MWUwODcxYmY3ZjVmNWExMDhmZTFlOWI1YmQxYmM4OWQ4MzM1MDE0NmNlNjJiNTZlYWMyOGU2ZWE&v=1722458246264"
        ]
    },
    {
        "product_url": "https://www.heinemann-shop.com/en/global/chipsletten/chipsletten-salt-100g/p/000000000001018737/",
        "brand_name": "Chipsletten",
        "brand_url": "https://www.heinemann-shop.com/en/global/chipsletten/c/BRAND_4765/",
        "product_name": "Chipsletten Salt 100g",
        "quantity": "0.1\u00a0kg",
        "price": "\u20ac2.99",
        "price_per_quantity": "(\u20ac29.90 / 1 kg)",
        "stock_availability": "",
        "description": "Chipsletten are the classic stacked chips with best ingredients and tangy flavourings. Chipsletten are the \u201cgourmet snacker\u2019s\u201d choice with high brand awareness and over 30 years of market experience. They are packed in serving tray and sealed for freshness. Chipsletten with finest sea salt for pure pleasure!",
        "primary_image": "https://www.heinemann-shop.com/medias/527Wx527H-null?context=bWFzdGVyfGltYWdlc3w1MDIwM3xpbWFnZS9qcGVnfGFHSTRMMmhoTnk4eE1UYzRNalkwTVRNeE9UazJOaTgxTWpkWGVEVXlOMGhmYm5Wc2JBfGU1MjEzZmE5OWE2YWZiZDRkYTVhMTlmY2QyNTNkODhlODQ4ZTVmOWQ0MzNiNTZiZTI1OTFmNDRhZjlhNGEyZDg&v=1739831556916",
        "images": []
    },
    {
        "product_url": "https://www.heinemann.com.au/en/sydt1/glendronach/glendronach-10y-forgue-highland-single-malt-scotch-whisky-43vol-1l-gift-pack/p/000000000001351305/",
        "brand_name": "GlenDronach",
        "brand_url": "https://www.heinemann.com.au/en/sydt1/glendronach/c/BRAND_7687/",
        "product_name": "GlenDronach 10y Forgue Highland Single Malt Scotch Whisky 43% 1L gift pack",
        "quantity": "1\u00a0l",
        "price": "$125.00",
        "price_per_quantity": "($125.00 / 1 l)",
        "stock_availability": "",
        "description": "The GlenDronach Forgue Aged 10 Years is a richly sherried Highland single malt, matured in fine Pedro Xim\u00e9nez and Oloroso sherry casks. A dram which encapsulates the heritage and terroir of Forgue: a cornucopia of brambles, ripe barley and resinous oak, with a long, lingering finish.",
        "primary_image": "https://www.heinemann.com.au/medias/527Wx527H-null?context=bWFzdGVyfGltYWdlc3w1OTM5MHxpbWFnZS9qcGVnfGFHSmtMMmcyWXk4NU9EQXhNelUzTVRZME5UYzBMelV5TjFkNE5USTNTRjl1ZFd4c3w3MWVlZTQyMzE0ZTc3NmVhNTk3YTc0MGY5ODNmYzViMWQ3MjU5NGFjZWUxMWRlNWZlOWNmODgwODNiYjgwNjNj&v=1691529615297",
        "images": []
    },
    {
        "product_url": "https://www.heinemann.com.au/en/sydt1/glenmorangie/glenmorangie-tarlogan-43vol-0-7l-giftpack/p/000000000001210362/",
        "brand_name": "Glenmorangie",
        "brand_url": "https://www.heinemann.com.au/en/sydt1/glenmorangie/c/BRAND_0194/",
        "product_name": "Glenmorangie Tarlogan 43% 0.7L, giftpack",
        "quantity": "0.7\u00a0l",
        "price": "$119.00",
        "price_per_quantity": "($170.00 / 1 l)",
        "stock_availability": "",
        "description": "Glenmorangie Legends are a unique collection of single malt whiskies exclusively available in Travel Retail. Glenmorangie Tarlogan honours the ancient Pictish King said to be the namesake of the woodland safeguarding Glenmorangie\u2019s precious water source, the Tarlogie Spring.",
        "primary_image": "https://www.heinemann.com.au/medias/527Wx527H-null?context=bWFzdGVyfGltYWdlc3w3MjIzNnxpbWFnZS9qcGVnfGFEWm1MMmhoTVM4NU56a3dNVGd4Tmpjd09UUXlMelV5TjFkNE5USTNTRjl1ZFd4c3xlMzU5MGI0NDZkYWMzNzRlNGZhODljMzIwOTllYTRmM2NiODBjYWM1YTI3ZWZlNGUwMjBjNzg3ZmFkYjRmMTgw&v=1689626499963",
        "images": []
    },
    {
        "product_url": "https://www.heinemann.com.au/en/sydt1/jameson/jameson-irish-whiskey-the-deconstructed-series-bold-40vol-1l/p/000000000001197966/",
        "brand_name": "Jameson",
        "brand_url": "https://www.heinemann.com.au/en/sydt1/jameson/c/BRAND_0233/",
        "product_name": "Jameson Irish Whiskey The Deconstructed Series: Bold 40% 1L",
        "quantity": "1\u00a0l",
        "price": "$60.00",
        "price_per_quantity": "($60.00 / 1 l)",
        "stock_availability": "",
        "description": "Jameson Bold is pot still perfection. With a heavy emphasis of pot still distillate; this blend lets you know it\u2019s a chip off the old block. Bold has an undoubted spiciness which and gives fruit and spice notes centre stage. For a whiskey that lives up to its name, Jameson Bold makes a Bold entrance.",
        "primary_image": "https://www.heinemann.com.au/medias/527Wx527H-null?context=bWFzdGVyfGltYWdlc3w5NTYwN3xpbWFnZS9qcGVnfGFEZGpMMmhoT0M4eE1EazJNelU0T1RreU1qZzBOaTgxTWpkWGVEVXlOMGhmYm5Wc2JBfDZjMmFjOThkOGU5YWIyNTEzZmI3OWQxZDA2YjUzZTA0NTE4ZjYyODc3Y2IzNDU1M2RjMmVhZDlhZTVhMzc4NTU&v=1722975984131",
        "images": [
            "https://www.heinemann.com.au/medias/527Wx527H-null?context=bWFzdGVyfGltYWdlc3w5NTYwN3xpbWFnZS9qcGVnfGFEZGpMMmhoT0M4eE1EazJNelU0T1RreU1qZzBOaTgxTWpkWGVEVXlOMGhmYm5Wc2JBfDZjMmFjOThkOGU5YWIyNTEzZmI3OWQxZDA2YjUzZTA0NTE4ZjYyODc3Y2IzNDU1M2RjMmVhZDlhZTVhMzc4NTU&v=1722975984131",
            "https://www.heinemann.com.au/medias/527Wx527H-null?context=bWFzdGVyfGltYWdlc3w0Mzk0NXxpbWFnZS9qcGVnfGFETTVMMmd4WXk4eE1EazJNelU1TVRVeU9EUTNPQzgxTWpkWGVEVXlOMGhmYm5Wc2JBfGEzNjIxMmZjMmYyMTA5YWRjZTk4MjZmMjVkOTViMjg3MDdiMjQ1YjhhY2M4MmEyM2RlYmM2NmMwOTkwY2Y0ODg&v=1722976047892",
            "https://www.heinemann.com.au/medias/1197966-2-527Wx527H?context=bWFzdGVyfGltYWdlc3wxMDk3NzN8aW1hZ2UvanBlZ3xhR001TDJneVpDODVOakE0TVRnM05EUTFNamM0THpFeE9UYzVOalpmTWw4MU1qZFhlRFV5TjBnfGRjNWU4ZDI2MjUwYWQ0OTM1YmM4YjYyNzE3OWI3YzFhNzgyOTk2YzkxZTlmYzNlNDdlNmJhY2ZhNzczZjY2NTI&v=1627417396170",
            "https://www.heinemann.com.au/medias/1197966-4-527Wx527H?context=bWFzdGVyfGltYWdlc3w1MzM4NXxpbWFnZS9qcGVnfGFHWmlMMmd5TXk4NU5qQTRNVGczTnpBM05ESXlMekV4T1RjNU5qWmZORjgxTWpkWGVEVXlOMGd8ODkyYmJhNjdjODJhNmExYzQ2YTY0Yjc5MDI5YTA1NjlmODgyZmExYmUyMTJhNTQ3N2QxZTNkMzdkNWViYTBhNA&v=1627417400397"
        ]
    },
    {
        "product_url": "https://www.heinemann.com.au/en/sydt1/jameson/jameson-irish-whiskey-the-deconstructed-series-lively-40vol-1l/p/000000000001197967/",
        "brand_name": "Jameson",
        "brand_url": "https://www.heinemann.com.au/en/sydt1/jameson/c/BRAND_0233/",
        "product_name": "Jameson Irish Whiskey The Deconstructed Series: Lively 40% 1L",
        "quantity": "1\u00a0l",
        "price": "$60.00",
        "price_per_quantity": "($60.00 / 1 l)",
        "stock_availability": "",
        "description": "Jameson Lively is a whiskey that goes with the grain. While pot still whiskey is still part of the blend, this whiskey unlocks the grain whiskey element resulting in a light touch and fresher, greener notes. With zesty vanilla, citrus and floral notes floating above all others, the delicate side of Jameson is placed front and centre. For a whiskey that lives up to its name, Jameson Lively leaps to life.",
        "primary_image": "https://www.heinemann.com.au/medias/527Wx527H-null?context=bWFzdGVyfGltYWdlc3w0Mzk0MnxpbWFnZS9qcGVnfGFHTXpMMmcxTXk4eE1EazJNelU1TURNNE1UVTVPQzgxTWpkWGVEVXlOMGhmYm5Wc2JBfDQ4MWVhMDllN2ZkZWEyOTZmMDE4NzVmYzdlNzI2OTcyMWM2MDA0ZDkyMzVhNDA4OWY2YzFmMzZiNmE3ZWI4ZmQ&v=1722976002276",
        "images": [
            "https://www.heinemann.com.au/medias/527Wx527H-null?context=bWFzdGVyfGltYWdlc3w0Mzk0MnxpbWFnZS9qcGVnfGFHTXpMMmcxTXk4eE1EazJNelU1TURNNE1UVTVPQzgxTWpkWGVEVXlOMGhmYm5Wc2JBfDQ4MWVhMDllN2ZkZWEyOTZmMDE4NzVmYzdlNzI2OTcyMWM2MDA0ZDkyMzVhNDA4OWY2YzFmMzZiNmE3ZWI4ZmQ&v=1722976002276",
            "https://www.heinemann.com.au/medias/527Wx527H-null?context=bWFzdGVyfGltYWdlc3w5NTA5NXxpbWFnZS9qcGVnfGFEWXdMMmd5TXk4eE1EazJNelU1TVRjMU56ZzFOQzgxTWpkWGVEVXlOMGhmYm5Wc2JBfDdlMWJiMzZlYTcwYTIxMzk4NmQ5YjVkZTNkZjYxYWZhYzQwMTMyNWExZGZhMDQ3NDJjZGZlNDY4ZDBjYzliZDg&v=1722976056111"
        ]
    },
    {
        "product_url": "https://www.heinemann-shop.com/en/global/cartwright-butler/cartwright-butler-lemon-curd-275g/p/000000000001259571/",
        "brand_name": "Cartwright & Butler",
        "brand_url": "https://www.heinemann-shop.com/en/global/cartwright-butler/c/BRAND_6725/",
        "product_name": "Cartwright & Butler Lemon Curd 275g",
        "quantity": "0.275\u00a0kg",
        "price": "\u20ac10.99",
        "price_per_quantity": "(\u20ac39.96 / 1 kg)",
        "stock_availability": "",
        "description": "A zingy mouth-watering traditional homemade spread using ripe lemons for the juice and lemon zest for a fresh citrus flavour, smooth to spread and delicious with fresh baked white bread and cheese.",
        "primary_image": "https://www.heinemann-shop.com/medias/527Wx527H-null?context=bWFzdGVyfGltYWdlc3w0ODk1OHxpbWFnZS9qcGVnfGFEUTJMMmczWmk4eE1Ea3pOVGN3TmpReE9USXpNQzgxTWpkWGVEVXlOMGhmYm5Wc2JBfDBiN2FiOWNjNGZhZWZjOTFjNzE2ZjExNzE4OTFkYWI2NThiNzM1YjU2NmQ2ZDhmZWVhZTNiYWNhODg3ZDkzYzc&v=1722284057604",
        "images": []
    },
    {
        "product_url": "https://www.heinemann-shop.com/en/global/m-m/milk-chocolate-sovered-peanuts-in-a-sugar-shell/p/000000000001687770/",
        "brand_name": "M&M",
        "brand_url": "https://www.heinemann-shop.com/en/global/m-m/c/BRAND_2969/",
        "product_name": "Milk Chocolate sovered peanuts in a sugar shell.",
        "quantity": "0.045\u00a0kg",
        "price": "\u20ac1.30",
        "price_per_quantity": "(\u20ac28.89 / 1 kg)",
        "stock_availability": "",
        "description": "These world famous chocolates in a colorful candy shell are instantly recognizable all over the globe. M&M'S Peanut has a delicious peanut center surrounded by milk chocolate.",
        "primary_image": "https://www.heinemann-shop.com/medias/527Wx527H-null?context=bWFzdGVyfGltYWdlc3w0ODIwOHxpbWFnZS9qcGVnfGFESXdMMmczWVM4eE1UWTVNVFE1TkRNM05UUTFOQzgxTWpkWGVEVXlOMGhmYm5Wc2JBfDIxZTQ1MDA3YjA1ZDJhOGM5ODlmOGVmY2MyZjgyZDk5NTYwYzIyMmI4MmNiODYxOTNhYjBiNjk3YjIzMDgxZmE&v=1738014617169",
        "images": []
    },
    {
        "product_url": "https://www.heinemann-shop.com/en/global/al-rifai/al-rifai-bar-with-peanuts-seeds-and-cranberries-sweetened-with-maltitol/p/000000000001443853/",
        "brand_name": "Al Rifai",
        "brand_url": "https://www.heinemann-shop.com/en/global/al-rifai/c/BRAND_3164/",
        "product_name": "Al Rifai bar with peanuts, seeds and cranberries sweetened with maltitol",
        "quantity": "0.04\u00a0kg",
        "price": "\u20ac3.30",
        "price_per_quantity": "(\u20ac82.50 / 1 kg)",
        "stock_availability": "",
        "description": "A snack that bursts with flavor and nutrition with \u201cno added sugar\u201d",
        "primary_image": "https://www.heinemann-shop.com/medias/527Wx527H-null?context=bWFzdGVyfGltYWdlc3wyMzE1NXxpbWFnZS9qcGVnfGFEY3lMMmcwTUM4eE1UTTVOVFk0TnpVM09UWTNPQzgxTWpkWGVEVXlOMGhmYm5Wc2JBfDI0Mzk1MjkxNjFjNTJjZjA5MTE0ODFjYjYyMmIyZmI4ZTA4ZjQ2ODgzYjY3YmIwYTI4MTNkYzU2YTdiYWZjYTQ&v=1731361429995",
        "images": []
    },
    {
        "product_url": "https://www.heinemann.com.au/en/sydt1/four-pillars/four-pillars-rare-dry-gin-41-8vol-1l/p/000000000001152431/",
        "brand_name": "Four Pillars",
        "brand_url": "https://www.heinemann.com.au/en/sydt1/four-pillars/c/BRAND_5531/",
        "product_name": "Four Pillars Rare Dry Gin 41.8% 1L",
        "quantity": "1\u00a0l",
        "price": "$73.00",
        "price_per_quantity": "($73.00 / 1 l)",
        "stock_availability": "",
        "description": "Four Pillars Rare Dry Gin is crafted to deliver the best of all worlds: a perfect, classic gin and also something that would fascinate and delight even the most hardened gin fanatic. It\u2019s spicy but with great citrus, a truly modern Australian gin which captures the essence of contemporary Australia\u2019s heritage in Europe and Asia. Four Pillars Rare Dry Gin has been awarded medals at many prestigious international competitions since it was released in 2013.",
        "primary_image": "https://www.heinemann.com.au/medias/1152431-527Wx527H?context=bWFzdGVyfGltYWdlc3w1NTkxNXxpbWFnZS9qcGVnfGFERTVMMmd6T0M4NU5UZzVNVFk1TnpVd01EUTJMekV4TlRJME16RmZOVEkzVjNnMU1qZEl8MjFjOGNiMjY4NmY2MTNiZDZjNDhlZGIwN2QzMzUzMWI4YjQ4MzRiYTJhYTYyNjk2MDRmMTc1OTU1M2E4NmYwZQ&v=1620165638301",
        "images": []
    },
    {
        "product_url": "https://www.heinemann.com.au/en/sydt1/woodford/woodford-reserve-double-xo-blend-blended-kentucky-straight-bourbon-whiskey-45-2vol0-7l/p/000000000001533029/",
        "brand_name": "Woodford",
        "brand_url": "https://www.heinemann.com.au/en/sydt1/woodford/c/BRAND_2090/",
        "product_name": "Woodford Reserve Double XO Blend - Blended Kentucky Straight Bourbon Whiskey 45.2%0.7L",
        "quantity": "0.7\u00a0l",
        "price": "$260.00",
        "price_per_quantity": "($371.43 / 1 l)",
        "stock_availability": "",
        "description": "Woodford Reserve Double XO Limited Edition is the unique and rare marriage of 2 extraordinary finishes. On the one hand, the heavily toasted American oak casks, drawing out rich, bold oak flavors and XO cognac casks, enhancing the notes of fine fruits and spices. The result is a masterpiece greate than the sum of its parts.",
        "primary_image": "https://www.heinemann.com.au/medias/527Wx527H-null?context=bWFzdGVyfGltYWdlc3wzNjA5NXxpbWFnZS9qcGVnfGFERmtMMmcwWmk4NU56ZzVORGN5TkRBM05UZ3lMelV5TjFkNE5USTNTRjl1ZFd4c3w5NTk4NWRlMDJhNWI1N2ExM2Q4MTM3NjU0NmEwOTNhNTQzZTIwNWVlMWRlZjZkZmRiYjcwNmE2YmM5OTMyMjAy&v=1689522312691",
        "images": []
    },
    {
        "product_url": "https://www.heinemann.com.au/en/sydt1/jura/jura-the-loch-44-5vol-0-7l-gp/p/000000000001308360/",
        "brand_name": "Jura",
        "brand_url": "https://www.heinemann.com.au/en/sydt1/jura/c/BRAND_4656/",
        "product_name": "Jura The Loch 44.5% 0.7L GP",
        "quantity": "0.7\u00a0l",
        "price": "$129.00",
        "price_per_quantity": "($184.29 / 1 l)",
        "stock_availability": "",
        "description": "Market Loch. Found 1000ft above sea level, its importance to our Distillery cannot be understated. A serene and almost spiritual place; these pure waters bring our whisky to life. The Lock is matured in American White Oak ex-bourbon barrels and enhanced by a rich finish from hand-selected thirty year old Pedro Xim\u00e9nez Sherry Casks.",
        "primary_image": "https://www.heinemann.com.au/medias/1308360-527Wx527H?context=bWFzdGVyfGltYWdlc3w3MzgwM3xpbWFnZS9qcGVnfGFEUTBMMmc0TXk4NU5UZzVPRFkzTmpReU9URXdMekV6TURnek5qQmZOVEkzVjNnMU1qZEl8MGMxZGQ5NjEwMTc3OTU2MGU0MWUyOTU1YjczOTc5YzdiMTViZDhiZjYzZmQzOGUwY2ZkNmYzYzNiY2Q3M2Q0OA&v=1620208585418",
        "images": []
    },
    {
        "product_url": "https://www.heinemann-shop.com/en/global/pringles/pringles-hot-spicy/p/000000000001684966/",
        "brand_name": "Pringles",
        "brand_url": "https://www.heinemann-shop.com/en/global/pringles/c/BRAND_3809/",
        "product_name": "Pringles Hot & Spicy",
        "quantity": "0.07\u00a0kg",
        "price": "",
        "price_per_quantity": "(\u20ac27.14 / 1 kg)",
        "stock_availability": "",
        "description": "Pringles Hot & Spicy crisps pack a bold and spicy flavour certain to satisfy even the most intense of cravings. These delectable crisps are perfect for any snacks, or even a quick nibble. No matter when you enjoy Pringles Hot & Spicy crisps they will always stay fresh with our iconic resealable container.",
        "primary_image": "https://www.heinemann-shop.com/medias/527Wx527H-null?context=bWFzdGVyfGltYWdlc3w1NzY0NHxpbWFnZS9qcGVnfGFEQXhMMmd4TkM4eE1UWTNORGt6T1RReU5EYzVPQzgxTWpkWGVEVXlOMGhmYm5Wc2JBfGY1Zjk5NmNiNGRkY2ExM2Y1NTE1ZTM5ZmJlODNkY2ViYmM3MjdiYjJjMTQ1MDM3ZWYyZDI1OTcwMTY5YmM5MzA&v=1737668864223",
        "images": [
            "https://www.heinemann-shop.com/medias/527Wx527H-null?context=bWFzdGVyfGltYWdlc3w1NzY0NHxpbWFnZS9qcGVnfGFEQXhMMmd4TkM4eE1UWTNORGt6T1RReU5EYzVPQzgxTWpkWGVEVXlOMGhmYm5Wc2JBfGY1Zjk5NmNiNGRkY2ExM2Y1NTE1ZTM5ZmJlODNkY2ViYmM3MjdiYjJjMTQ1MDM3ZWYyZDI1OTcwMTY5YmM5MzA&v=1737668864223",
            "https://www.heinemann-shop.com/medias/527Wx527H-null?context=bWFzdGVyfGltYWdlc3w4MzkxNnxpbWFnZS9qcGVnfGFEUmxMMmhsTVM4eE1UWTNORGswTlRjeE5qSTFOQzgxTWpkWGVEVXlOMGhmYm5Wc2JBfGZhMTZkYWQ0Mjk1MTdlNDU5ZjI5NDRiZWU1MWZlNmMxYzA1NGJmZmU5OWU2NGZmYjA3YTlmNWM1ZjUwZTIyMTE&v=1737669069995",
            "https://www.heinemann-shop.com/medias/527Wx527H-null?context=bWFzdGVyfGltYWdlc3wzOTMzNXxpbWFnZS9qcGVnfGFESTNMMmhrWVM4eE1UWTNORGswTlRrME5UWXpNQzgxTWpkWGVEVXlOMGhmYm5Wc2JBfDNhMGE4MzJmNDRjODFhODhkMGYyZDdmNDYzNjViMGJmYjE1MDZkZjQwYWQxN2VlMDVkZjA5MTRlZmJjNDQxMzE&v=1737669079604",
            "https://www.heinemann-shop.com/medias/527Wx527H-null?context=bWFzdGVyfGltYWdlc3w0NTE4MHxpbWFnZS9qcGVnfGFEVTBMMmc0WWk4eE1UWTNORGswTmpFM05UQXdOaTgxTWpkWGVEVXlOMGhmYm5Wc2JBfDk2YTlkY2Y5ZmY3MjQxMWRhODNhMDUyMGM5MTMxM2Y4MGJlMmYzMjE2YTM3Mzk4YTk1NDNlMWMzMzFjY2QxNDg&v=1737669089120"
        ]
    },
    {
        "product_url": "https://www.heinemann.com.au/en/sydt1/benriach/benriach-quarter-cask-peated-speyside-single-malt-scotch-whisky-46vol-1l-gift-pack/p/000000000001455962/",
        "brand_name": "BenRiach",
        "brand_url": "https://www.heinemann.com.au/en/sydt1/benriach/c/BRAND_5256/",
        "product_name": "BenRiach Quarter Cask Peated Speyside Single Malt Scotch Whisky 46% 1L gift pack",
        "quantity": "1\u00a0l",
        "price": "$105.00",
        "price_per_quantity": "($105.00 / 1 l)",
        "stock_availability": "",
        "description": "At BenRiach, we use barley malted with inland peat. It is taken from the top soil surface and is less heavy and oily than the peat from Islay, which is saturated by the sea. As a result, our spirit takes on smoky characteristics without the iodine notes that are found in Islay malts.",
        "primary_image": "https://www.heinemann.com.au/medias/527Wx527H-null?context=bWFzdGVyfGltYWdlc3w1NjI4OXxpbWFnZS9qcGVnfGFEVTNMMmcyWVM4NU9EQXhNall4TURVMk1ETXdMelV5TjFkNE5USTNTRjl1ZFd4c3w3ZGY4Yzc0YTJhY2RmM2IzNDFjNDY1NjZlZjc3ZjA2YjA1YTBkYjk1ODE1NjZkZTA5OTg3NjYxMWZhNzQ0YjYw&v=1691512215301",
        "images": []
    },
    {
        "product_url": "https://www.heinemann.com.au/en/sydt1/benriach/benriach-10y-triple-distilled-speyside-single-malt-scotch-whisky-43vol-1l-gift-pack/p/000000000001455963/",
        "brand_name": "BenRiach",
        "brand_url": "https://www.heinemann.com.au/en/sydt1/benriach/c/BRAND_5256/",
        "product_name": "BenRiach 10y Triple Distilled Speyside Single Malt Scotch Whisky 43% 1L gift pack",
        "quantity": "1\u00a0l",
        "price": "$116.00",
        "price_per_quantity": "($116.00 / 1 l)",
        "stock_availability": "",
        "description": "The spirit used to make BenRiach Triple Distilled Aged 10 Years is distilled a third time, making the spirit even more fruity and floral than our classic BenRiach expression. This rare whisky from Speyside has matured for at least ten years in first fill American Bourbon barrels, which add wonderfully balanced notes of vanilla and spice, and first fill Pedro Ximenez Sherry casks, which contribute to the complexity of this smoothest of Single Malts.",
        "primary_image": "https://www.heinemann.com.au/medias/527Wx527H-null?context=bWFzdGVyfGltYWdlc3w1NjcwNXxpbWFnZS9qcGVnfGFEWmlMMmhrWXk4NU9EQXhNREUxTURBeE1URTRMelV5TjFkNE5USTNTRjl1ZFd4c3w4ZGE1Y2JmODhlZmM5Y2IwZTIyNzg2MGI1YWE2NDMzODliODM5ZTM0YzVlNDkyNTc1MzY0MDE1NTVlYTI4YWVj&v=1691496325297",
        "images": []
    },
    {
        "product_url": "https://www.heinemann-shop.com/en/global/pringles/pringles-hot-flamin-cheese/p/000000000001684967/",
        "brand_name": "Pringles",
        "brand_url": "https://www.heinemann-shop.com/en/global/pringles/c/BRAND_3809/",
        "product_name": "Pringles HOT Flamin' Cheese",
        "quantity": "0.16\u00a0kg",
        "price": "",
        "price_per_quantity": "(\u20ac24.38 / 1 kg)",
        "stock_availability": "",
        "description": "Pringles HOT Flamin' Cheese Crisps combines a creamy cheese flavour with its chilli flavour notes which delivers an intense heat for an adventurous aftertaste experience.",
        "primary_image": "https://www.heinemann-shop.com/medias/527Wx527H-null?context=bWFzdGVyfGltYWdlc3w1Mzk0OHxpbWFnZS9qcGVnfGFEQmpMMmd3TXk4eE1UWTNORGt6T1RreE5qTXhPQzgxTWpkWGVEVXlOMGhmYm5Wc2JBfDEwZDZlOWE3YmU4NjY4NzhkMWQyMDAxZjAxMGI1Njc5NDNlNGNjNmQxZTY2OWYzZjFiNzg3NGYyOGNlYjAxNTY&v=1737668884035",
        "images": [
            "https://www.heinemann-shop.com/medias/527Wx527H-null?context=bWFzdGVyfGltYWdlc3w1Mzk0OHxpbWFnZS9qcGVnfGFEQmpMMmd3TXk4eE1UWTNORGt6T1RreE5qTXhPQzgxTWpkWGVEVXlOMGhmYm5Wc2JBfDEwZDZlOWE3YmU4NjY4NzhkMWQyMDAxZjAxMGI1Njc5NDNlNGNjNmQxZTY2OWYzZjFiNzg3NGYyOGNlYjAxNTY&v=1737668884035",
            "https://www.heinemann-shop.com/medias/527Wx527H-null?context=bWFzdGVyfGltYWdlc3w1NjU2MHxpbWFnZS9qcGVnfGFEVm1MMmczWVM4eE1UWTNORGswTmpZMk5qVXlOaTgxTWpkWGVEVXlOMGhmYm5Wc2JBfDE2OTgzYTc5NGQyYTljNDI5YzI0ZjIyN2IyMDFlOWE0N2QyYWE3OWRkZDdiM2E3YzdlYzk0YmI5MjYyNzk0ODY&v=1737669108994",
            "https://www.heinemann-shop.com/medias/527Wx527H-null?context=bWFzdGVyfGltYWdlc3w3Mzg1NXxpbWFnZS9qcGVnfGFETTNMMmczTXk4eE1UWTNORGswTmpnNU5Ua3dNaTgxTWpkWGVEVXlOMGhmYm5Wc2JBfDExMjA5Y2IzZWZmMDcyZmJmZGQwMmUxMmYyMTQyNGI1Y2UxNmZiNzdlODY5YzIwNmY3MTBlMDlhOGM5OGExM2Q&v=1737669118525"
        ]
    },
    {
        "product_url": "https://www.heinemann-shop.com/en/global/al-rifai/rifai-fit-mix-of-unsalted-dry-roasted-nuts-coated-with-neopuntia/p/000000000001618821/",
        "brand_name": "Al Rifai",
        "brand_url": "https://www.heinemann-shop.com/en/global/al-rifai/c/BRAND_3164/",
        "product_name": "Rifai Fit Mix of unsalted dry roasted nuts coated with Neopuntia \u00ae",
        "quantity": "0.16\u00a0kg",
        "price": "\u20ac9.90",
        "price_per_quantity": "(\u20ac61.88 / 1 kg)",
        "stock_availability": "",
        "description": "NeoPuntia\u00ae is a revolutionary all-natural fat binding product made of 100% natural dehydrated leaves of a cactus called Opuntia ficus-indica which can absorb 28.3% of total fatty acids during a 4 hour time frame to help reduce body weight and cholesterol level. The green color on the nuts is due to Neopuntia\u00ae's natural composition.",
        "primary_image": "https://www.heinemann-shop.com/medias/527Wx527H-null?context=bWFzdGVyfGltYWdlc3w2OTM0M3xpbWFnZS9qcGVnfGFESmxMMmc0T1M4eE1UTTVOVFk0TkRjNU5ETTVPQzgxTWpkWGVEVXlOMGhmYm5Wc2JBfDQ3MWI5NjUwODBkYjM5ZTVkNTNlNmM0ZGFjNTlkMGVjOWY2NTY2MDYxMjYzY2NmNDBkNTNkNmU4NzQ3YWE4YmQ&v=1731361289662",
        "images": []
    },
    {
        "product_url": "https://www.heinemann-shop.com/en/global/chipsletten/chipsletten-hot-spicy-100g/p/000000000001018738/",
        "brand_name": "Chipsletten",
        "brand_url": "https://www.heinemann-shop.com/en/global/chipsletten/c/BRAND_4765/",
        "product_name": "Chipsletten Hot & Spicy 100g",
        "quantity": "0.1\u00a0kg",
        "price": "\u20ac2.99",
        "price_per_quantity": "(\u20ac29.90 / 1 kg)",
        "stock_availability": "",
        "description": "Chipsletten are the classic stacked chips with best ingredients and tangy flavourings. Chipsletten are the \u201cgourmet snacker\u2019s\u201d choice with high brand awareness and over 30 years of market experience. They are packed in serving tray and sealed for freshness. Wafer-thin and delightfully crispy with delicious, aromatic chilli flavouring, this Chipsletten variety has a bit of a kick.",
        "primary_image": "https://www.heinemann-shop.com/medias/527Wx527H-null?context=bWFzdGVyfGltYWdlc3w1MTA1NXxpbWFnZS9qcGVnfGFEa3dMMmhoTUM4eE1UYzRNalkwTVRVME9UTTBNaTgxTWpkWGVEVXlOMGhmYm5Wc2JBfDNhYjg3MGFhMmI4YzAyZTNkZjcxNGJkMmY0YTIwYWMwMWRkYjU1MTlhYTY5ODczMDUzOTNlMjFiODNjNmU5OWQ&v=1739831567323",
        "images": []
    },
    {
        "product_url": "https://www.heinemann-shop.com/en/global/saltletts/lorenz-saltletts-cocktail-mix-180g/p/000000000001683382/",
        "brand_name": "Saltletts",
        "brand_url": "https://www.heinemann-shop.com/en/global/saltletts/c/BRAND_4772/",
        "product_name": "Lorenz Saltletts Cocktail Mix 180g",
        "quantity": "0.18\u00a0kg",
        "price": "\u20ac3.90",
        "price_per_quantity": "(\u20ac21.67 / 1 kg)",
        "stock_availability": "",
        "description": "It's all in the mix! Discover our Saltletts Cocktail Mix with delicious mini pretzels, small sticks, mini clubs and crispy crackers in sea animal shapes. Fantastic, varied, delicious! Unadulterated flavour thanks to carefully selected ingredients. It is suitable for vegetarians, without added flavour enhancers and without palm oil.",
        "primary_image": "https://www.heinemann-shop.com/medias/527Wx527H-null?context=bWFzdGVyfGltYWdlc3w4MDgyM3xpbWFnZS9qcGVnfGFHRmpMMmhoWlM4eE1UWTVNVFl3T1RrNE1EazFPQzgxTWpkWGVEVXlOMGhmYm5Wc2JBfDhiMzY0YTExNDJiMmUyMmZjOTExNDA0N2FiZjgxMjAzZGQ1NWY5MzYyMzczODFhNGMwZDk4NDU4NDQ5YThmNDI&v=1738015316728",
        "images": []
    },
    {
        "product_url": "https://www.heinemann.com.au/en/sydt1/aberfeldy/aberfeldy-madeira-cask-21-yo-40vol-0-7l/p/000000000001636869/",
        "brand_name": "Aberfeldy",
        "brand_url": "https://www.heinemann.com.au/en/sydt1/aberfeldy/c/BRAND_3298/",
        "product_name": "Aberfeldy Madeira Cask 21 YO 40% 0.7L",
        "quantity": "0.7\u00a0l",
        "price": "$421.00",
        "price_per_quantity": "($601.43 / 1 l)",
        "stock_availability": "",
        "description": "The ABERFELDY\u00ae 21 Years Old Madeira Cask Release has been expertly finished in Bual Madeira casks to create the perfect balance of flavour between ABERFELDY'S honeyed richness and the sweet notes of Madeira. Richly textured this complex 21-year-old whisky has notes of ripe figs baked in honey, with a hint of walnut oil and a snap of dark chocolate.",
        "primary_image": "https://www.heinemann.com.au/medias/527Wx527H-null?context=bWFzdGVyfGltYWdlc3w4NzI0NHxpbWFnZS9qcGVnfGFHUTVMMmhoTkM4eE1UY3dNREExTnprek1UZ3dOaTgxTWpkWGVEVXlOMGhmYm5Wc2JBfGEzYjVmMjFjNDk5Yjk2OTE2NTNiODk4MGNmZDMxY2QyN2UyZDBiYTQ2MWJiZGQ3YTllZjYzMjYzMDkxN2Y4ZWE&v=1738190903214",
        "images": []
    },
    {
        "product_url": "https://www.heinemann.com.au/en/sydt1/highland-park/highland-park-bear-island-single-malt-scotch-whisky-40vol-1l-gift-pack/p/000000000001345724/",
        "brand_name": "Highland Park",
        "brand_url": "https://www.heinemann.com.au/en/sydt1/highland-park/c/BRAND_0944/",
        "product_name": "Highland Park Bear Island Single Malt Scotch Whisky 40% 1L gift pack",
        "quantity": "1\u00a0l",
        "price": "$114.00",
        "price_per_quantity": "($114.00 / 1 l)",
        "stock_availability": "",
        "description": "The Orkney Islands were under Viking rule for over 600 years and Spirit of the Bear is inspired by the Viking warriors\u2019 belief that they could channel the spirit of the great bear before going into battle.",
        "primary_image": "https://www.heinemann.com.au/medias/1345724-527Wx527H?context=bWFzdGVyfGltYWdlc3w4NTE2N3xpbWFnZS9qcGVnfGFHVXlMMmcxTnk4NU5qYzFOVGcwTmpBeU1UUXlMekV6TkRVM01qUmZOVEkzVjNnMU1qZEl8YTY2ZDlkMjRmMWNlYmE0NDg2MTllZjc2ZjMwMTIzZjgxOTQwMTQ5M2FmNmZjMjI1NmY1OTJiYjIzM2EzZjAxZg&v=1650781223571",
        "images": []
    },
    {
        "product_url": "https://www.heinemann-shop.com/en/global/al-rifai/al-rifai-bar-with-peanuts-nuts-and-dried-fruits-sweetened-with-maltitol/p/000000000001443854/",
        "brand_name": "Al Rifai",
        "brand_url": "https://www.heinemann-shop.com/en/global/al-rifai/c/BRAND_3164/",
        "product_name": "Al Rifai bar with peanuts, nuts and dried fruits sweetened with maltitol",
        "quantity": "0.04\u00a0kg",
        "price": "\u20ac3.30",
        "price_per_quantity": "(\u20ac82.50 / 1 kg)",
        "stock_availability": "",
        "description": "A snack that bursts with flavor and nutrition with \u201cno added sugar\u201d",
        "primary_image": "https://www.heinemann-shop.com/medias/527Wx527H-null?context=bWFzdGVyfGltYWdlc3wyMjYzNnxpbWFnZS9qcGVnfGFHWmlMMmd6Tmk4eE1UTTVOVFk0Tnpnd09UQTFOQzgxTWpkWGVEVXlOMGhmYm5Wc2JBfDViZDA0MDFiZTJhNDBmOGJkMDk0OGFlYzMzNDZjNDY3N2VjN2IzODYxYzA1YmI3NGE1ODY4M2RlNTgyZTllOTM&v=1731361442289",
        "images": []
    },
    {
        "product_url": "https://www.heinemann-shop.com/en/global/pittjes/pittjes-mix-nuts-tin-450g/p/000000000000735506/",
        "brand_name": "Pittjes",
        "brand_url": "https://www.heinemann-shop.com/en/global/pittjes/c/BRAND_2949/",
        "product_name": "Pittjes Mix Nuts Tin, 450g",
        "quantity": "0.453\u00a0kg",
        "price": "\u20ac12.90",
        "price_per_quantity": "(\u20ac28.48 / 1 kg)",
        "stock_availability": "",
        "description": "Freshly roasted mixture of crunchy peanuts, cashew nuts, almonds and hazelnuts.",
        "primary_image": "https://www.heinemann-shop.com/medias/527Wx527H-null?context=bWFzdGVyfGltYWdlc3w4MDkwNHxpbWFnZS9qcGVnfGFEZGtMMmhtTWk4eE1ERTJNRGt6TkRneE16Y3lOaTgxTWpkWGVEVXlOMGhmYm5Wc2JBfDUyZjg4ZTExYWYyNmM0ZmZjOTk2ZDlhZTA5ZmE0YWUzNzUzODA3OWIyOGUzZGRlNzk0OTUyM2ViODc4YTgwNzg&v=1703797610321",
        "images": []
    },
    {
        "product_url": "https://www.heinemann.com.au/en/sydt1/glenmorangie/glenmorangie-cadboll-43vol-1l-giftpack/p/000000000001307451/",
        "brand_name": "Glenmorangie",
        "brand_url": "https://www.heinemann.com.au/en/sydt1/glenmorangie/c/BRAND_0194/",
        "product_name": "Glenmorangie Cadboll 43% 1L, Giftpack",
        "quantity": "1\u00a0l",
        "price": "$144.00",
        "price_per_quantity": "($144.00 / 1 l)",
        "stock_availability": "",
        "description": "Inspired by the secrets of a Highland heirloom, The Cadboll brings a sumptuous sweetness to our Legends Collection.",
        "primary_image": "https://www.heinemann.com.au/medias/527Wx527H-null?context=bWFzdGVyfGltYWdlc3w3NjYzMHxpbWFnZS9qcGVnfGFEYzVMMmhtWkM4NU56a3dNVGd5TWpZd056WTJMelV5TjFkNE5USTNTRjl1ZFd4c3w4MDVmNTQyYWIyMjBlZmE5YzQ4NjBjMGZkODM5YjA2Njg5ZTBjMzdkZTQzYzY0ZjRlYTBjNmQyYjMwMGE4YjU2&v=1689626519063",
        "images": []
    },
    {
        "product_url": "https://www.heinemann.com.au/en/sydt1/dewar-s/dewar-s-15y-the-monarch-blended-scotch-whisky-40vol-1l-gift-pack/p/000000000001124189/",
        "brand_name": "Dewar's",
        "brand_url": "https://www.heinemann.com.au/en/sydt1/dewar-s/c/BRAND_0167/",
        "product_name": "Dewar's 15y The Monarch Blended Scotch Whisky 40% 1L gift pack",
        "quantity": "1\u00a0l",
        "price": "$95.00",
        "price_per_quantity": "($95.00 / 1 l)",
        "stock_availability": "",
        "description": "A more recent Dewar's blend, expertly crafted by Dewar's 7th Master Blender, Stephanie Macleod. The carefully selected malts and grain Whiskies in this blend have been matured in sherry and bourbon casks and once blended put pack into specially selected oak casks to marry for greater smoothness and a longer, lingering finish.",
        "primary_image": "https://www.heinemann.com.au/medias/527Wx527H-null?context=bWFzdGVyfGltYWdlc3w2MDY1OXxpbWFnZS9qcGVnfGFHVmlMMmd5Wmk4eE1URXlNekkwTnpjeE1ESXpPQzgxTWpkWGVEVXlOMGhmYm5Wc2JBfGI5ODBhNzZmOTM4Yjg0YzVhMTQ1NDNjYTdkZGZiMzVkZGE4ZmUxMjliYThhYTgyYmM5OWM1ZTU1ZDU1ZTU5M2I&v=1726001499947",
        "images": [
            "https://www.heinemann.com.au/medias/527Wx527H-null?context=bWFzdGVyfGltYWdlc3w2MDY1OXxpbWFnZS9qcGVnfGFHVmlMMmd5Wmk4eE1URXlNekkwTnpjeE1ESXpPQzgxTWpkWGVEVXlOMGhmYm5Wc2JBfGI5ODBhNzZmOTM4Yjg0YzVhMTQ1NDNjYTdkZGZiMzVkZGE4ZmUxMjliYThhYTgyYmM5OWM1ZTU1ZDU1ZTU5M2I&v=1726001499947",
            "https://www.heinemann.com.au/medias/527Wx527H-null?context=bWFzdGVyfGltYWdlc3wzOTU2OXxpbWFnZS9qcGVnfGFHSXhMMmcwTnk4eE1URXlNekkxTURZMU9UTTFPQzgxTWpkWGVEVXlOMGhmYm5Wc2JBfGMxN2MxYjNiNjEyMzY1OWNkYWUzZjMyYzJjOTZlYjc2MWI3ZGQyNDI1MDI5NTEwOTAwOTljZjgzYTkzNGNiNDY&v=1726001735874"
        ]
    },
    {
        "product_url": "https://www.heinemann.com.au/en/sydt1/bache-gabrielsen/bache-gabrielsen-xo-extra-old-cognac-40vol-1l/p/000000000001484962/",
        "brand_name": "Bache-Gabrielsen",
        "brand_url": "https://www.heinemann.com.au/en/sydt1/bache-gabrielsen/c/BRAND_2932/",
        "product_name": "Bache-Gabrielsen XO Extra Old Cognac 40% 1L",
        "quantity": "1\u00a0l",
        "price": "$125.00",
        "price_per_quantity": "($125.00 / 1 l)",
        "stock_availability": "",
        "description": "Dark golden in color with eaux-de-vie carefully selected by our Cellar Master. Elegantly complex bouquet of spices, dried fruit, flowers and a hint of citrus.  Distinctive and powerful, but not heavy.  Superior concentration of flavour.  Rounded attack with a long, elegant finish and the clear stamp of minimum 10 years in the cask.We invite you to discover the various nuances of Bache-Gabrielsen XO (Extra Old), distilled from Ugni Blanc grapes grown in the Cognac region. This Cognac was aged for a minimum of ten years in small French Oak barrels. Under the control and care of our Cellar Master. In this blend of a great smoothness, the scents of jasmine and iris perfectly meet the fruity flavours of banana and plum. Thetaste offers delicate notes of toasted hazelnuts, candied fruits, almonds and mocha. The finish reveals still lively notes despite the maturity of this Cognac. We hope you will enjoy our XO as much as we enjoyed crafting it.",
        "primary_image": "https://www.heinemann.com.au/medias/527Wx527H-null?context=bWFzdGVyfGltYWdlc3wzNjUyOHxpbWFnZS9qcGVnfGFHSTNMMmczTkM4eE1USTRORGd5TVRJM09EYzFNQzgxTWpkWGVEVXlOMGhmYm5Wc2JBfGFkYmE1YzUwYzcxMGM4OTc4ZmNjZGI3MGRlMzI5YWQ5MjEwOGFiN2RlYWZjZjQ3N2U4ZmRlYzdlYzI5OTNkZDk&v=1729301411425",
        "images": []
    },
    {
        "product_url": "https://www.heinemann.com.au/en/sydt1/highland-park/highland-park-14y-wolf-island-single-malt-scotch-whisky-42-3vol-1l-gift-pack/p/000000000001345725/",
        "brand_name": "Highland Park",
        "brand_url": "https://www.heinemann.com.au/en/sydt1/highland-park/c/BRAND_0944/",
        "product_name": "Highland Park 14y Wolf Island Single Malt Scotch Whisky 42.3% 1L gift pack",
        "quantity": "1\u00a0l",
        "price": "$164.00",
        "price_per_quantity": "($164.00 / 1 l)",
        "stock_availability": "",
        "description": "14 year old Loyalty of the Wolf is a sweet and complex whisky, displaying a fine balance of contrasting flavours that reflects the character of the wolf, with which the Vikings felt tremendous affinity. This naturally light, burnished gold whisky is matured in a combination of sherry seasoned American oak casks and ex-bourbon casks.",
        "primary_image": "https://www.heinemann.com.au/medias/1345725-527Wx527H?context=bWFzdGVyfGltYWdlc3w3ODgyMHxpbWFnZS9qcGVnfGFHSmlMMmcxTUM4NU5qYzFOVGcwT0RNeE5URTRMekV6TkRVM01qVmZOVEkzVjNnMU1qZEl8YjAzNzU0NGQzMTQzNTRmM2U0NTU5Njk3ODAwNmM5OGNmMDNmZTlmNmViMmU3YWE0M2E3Njg1NjIzNDBlZDYxYw&v=1650781225883",
        "images": []
    },
    {
        "product_url": "https://www.heinemann.com.au/en/sydt1/jaegermeister/jaegermeister-liqueur-3-metal-shot-cups-35vol-1l/p/000000000001342068/",
        "brand_name": "J\u00e4germeister",
        "brand_url": "https://www.heinemann.com.au/en/sydt1/jaegermeister/c/BRAND_0360/",
        "product_name": "J\u00e4germeister Liqueur + 3 Metal Shot Cups 35% 1L",
        "quantity": "1\u00a0l",
        "price": "$55.00",
        "price_per_quantity": "($55.00 / 1 l)",
        "stock_availability": "",
        "description": "Unique taste \u2013 at home all over the world. No other herbal liqueur is as well-known and loved internationally as Germany\u2019s Number 1.  J\u00e4germeisters' success is based on a unique mix of innovative marketing concepts and scrupulously careful manufacturing. The herbal liqueur with 35% vol. alcohol is produced by Mast-J\u00e4germeister SE, a traditional family business in Germany with a 135-year history, which brought J\u00e4germeister on to the German market in 1935. Its manufacture follows a secret recipe using 56 different herbs, flowers, roots and fruits from all over the world.",
        "primary_image": "https://www.heinemann.com.au/medias/527Wx527H-null?context=bWFzdGVyfGltYWdlc3w2ODc5NXxpbWFnZS9qcGVnfGFEZGpMMmc1Tmk4eE1USTVPRFF6TXpjMk1UTXhNQzgxTWpkWGVEVXlOMGhmYm5Wc2JBfGMyM2RkMmU3NjI3YmYyNDcyYWU5YmI2Yjk4YTJhYTE1MjE2MGMzNjE0NjU2YTFmMmI2ZmNmYzMxMTJhNzg4ZjU&v=1729546113332",
        "images": []
    },
    {
        "product_url": "https://www.heinemann.com.au/en/sydt1/dalmore/the-dalmore-portfolio-series-1-highland-single-malt-scotch-whisky-46-8vol-0-7l/p/000000000001665102/",
        "brand_name": "Dalmore",
        "brand_url": "https://www.heinemann.com.au/en/sydt1/dalmore/c/BRAND_4658/",
        "product_name": "The Dalmore Portfolio Series 1 Highland Single Malt Scotch Whisky 46.8% 0.7L",
        "quantity": "0.7\u00a0l",
        "price": "$950.00",
        "price_per_quantity": "($1,357.14 / 1 l)",
        "stock_availability": "",
        "description": "The Dalmore Portfolio Series showcases the work of rising talents within art & design and celebrates the Dalmore's partnership with the V&A museum in Dundee. The series pairs specially commissioned works of art with masterpieces of whisky making. Fraser Gray is an Edinburgh artist recognised for his striking use of colour & for pushing boundaries with large-scale street art. One of only 5000 bottles this highly limited edition is finessed in carefully selected Bordeaux wine casks sourced from one of France's finest chateaux vineyards.",
        "primary_image": "https://www.heinemann.com.au/medias/527Wx527H-null?context=bWFzdGVyfGltYWdlc3w1NTU3MXxpbWFnZS9qcGVnfGFEaGhMMmd4Tnk4eE1UZ3lOVFE1TVRRM05qVXhNQzgxTWpkWGVEVXlOMGhmYm5Wc2JBfDhiNmYwNTRkMTgyZGUyNDM4YjA3MzlhNDk3MWM3YzI0MWJkOWI3NTQ2NmU0Zjc1Zjk5Yjk1ZjA5NTc1YmQ2NTE&v=1740692482884",
        "images": []
    },
    {
        "product_url": "https://www.heinemann-shop.com/en/global/al-rifai/rifai-extra-mix-of-roasted-nuts-and-kernels/p/000000000001653649/",
        "brand_name": "Al Rifai",
        "brand_url": "https://www.heinemann-shop.com/en/global/al-rifai/c/BRAND_3164/",
        "product_name": "Rifai Extra Mix of roasted nuts and kernels",
        "quantity": "0.3\u00a0kg",
        "price": "\u20ac8.70",
        "price_per_quantity": "(\u20ac29.00 / 1 kg)",
        "stock_availability": "",
        "description": "A premium Extra mix that combines a perfect combination of both nuts and kernels roasted with love and packed with care.",
        "primary_image": "https://www.heinemann-shop.com/medias/527Wx527H-null?context=bWFzdGVyfGltYWdlc3w3NjQ1OHxpbWFnZS9qcGVnfGFHWTJMMmcwTlM4eE1UVXlNelUyTlRNMU5UQXpPQzgxTWpkWGVEVXlOMGhmYm5Wc2JBfGYwNGExMmE1Y2E3MzViMzk3ZmMwOWNkZjk1YWE4MTBmYzZiYmQxMTM0MjdhOWI1NTRjOWVjZTg2OGE5MWYyNDE&v=1734470692535",
        "images": []
    },
    {
        "product_url": "https://www.heinemann.com.au/en/sydt1/23rd-street/23rd-street-distillery-signature-gin-violet-gin-40vol-2x1l/p/000000000001643244/",
        "brand_name": "23rd Street",
        "brand_url": "https://www.heinemann.com.au/en/sydt1/23rd-street/c/BRAND_9935/",
        "product_name": "23rd Street Distillery Signature Gin + Violet Gin 40% 2x1L",
        "quantity": "1\u00a0l",
        "price": "$110.00",
        "price_per_quantity": "($110.00 / 1 l)",
        "stock_availability": "",
        "description": "Our much loved and forever popular Signature Gin paired with the Distinctfully Australian Violet Gin in a convenient 2 pack.",
        "primary_image": "https://www.heinemann.com.au/medias/527Wx527H-null?context=bWFzdGVyfGltYWdlc3w2OTAyMXxpbWFnZS9qcGVnfGFHUTFMMmcxWWk4eE1EazBNekExTURjeE1UQTNNQzgxTWpkWGVEVXlOMGhmYm5Wc2JBfGMyMWYxMzE3ODAzZDJlMjM0OTliYTYyYmU3YTA3OGY0ZGU3M2IwZjMxMTBmZWU5YjE0NjIwMWRkMDRlOTIwMjA&v=1722458025287",
        "images": [
            "https://www.heinemann.com.au/medias/527Wx527H-null?context=bWFzdGVyfGltYWdlc3w2OTAyMXxpbWFnZS9qcGVnfGFHUTFMMmcxWWk4eE1EazBNekExTURjeE1UQTNNQzgxTWpkWGVEVXlOMGhmYm5Wc2JBfGMyMWYxMzE3ODAzZDJlMjM0OTliYTYyYmU3YTA3OGY0ZGU3M2IwZjMxMTBmZWU5YjE0NjIwMWRkMDRlOTIwMjA&v=1722458025287",
            "https://www.heinemann.com.au/medias/527Wx527H-null?context=bWFzdGVyfGltYWdlc3w2NzU2OXxpbWFnZS9qcGVnfGFESTJMMmc1TVM4eE1EazBNek0xTWpBeE1qZ3pNQzgxTWpkWGVEVXlOMGhmYm5Wc2JBfDUwNzY2MDA4M2JmZDc0NTQ4NmVkZmZlZWMyYWVhNGQ3OTdkNzU0MjljMDgxNTY1ZDZhMzNkYzU3MGU0NTU5ZDA&v=1722458262995"
        ]
    },
    {
        "product_url": "https://www.heinemann.com.au/en/sydt1/jura/jura-islanders-expression-no-2-single-malt-scotch-whisky-travel-exclusive-40vol-1l-gift-pack/p/000000000001569557/",
        "brand_name": "Jura",
        "brand_url": "https://www.heinemann.com.au/en/sydt1/jura/c/BRAND_4656/",
        "product_name": "Jura Islanders\u2018 Expression No. 2 Single Malt Scotch Whisky Travel Exclusive 40% 1L gift pack",
        "quantity": "1\u00a0l",
        "price": "$116.00",
        "price_per_quantity": "($116.00 / 1 l)",
        "stock_availability": "",
        "description": "Highland Single Malt Scotch Whisky. Duty-Free Exclusive!",
        "primary_image": "https://www.heinemann.com.au/medias/527Wx527H-null?context=bWFzdGVyfGltYWdlc3w4NzIzOHxpbWFnZS9qcGVnfGFEZG1MMmhrT1M4eE1UZ3lOVFE0TmpNNU56UTNNQzgxTWpkWGVEVXlOMGhmYm5Wc2JBfDUxYzg0ZmI5MGQzMjJhODZlYzk5NzMzNWUyOTM2ZWRiZDhiMDU3M2I0MGM4NGJmMGViYjU0NDliYzFjZWNmY2I&v=1740691985221",
        "images": []
    },
    {
        "product_url": "https://www.heinemann.com.au/en/sydt1/aberlour/aberlour-16yo-40vol-0-7l/p/000000000001667936/",
        "brand_name": "Aberlour",
        "brand_url": "https://www.heinemann.com.au/en/sydt1/aberlour/c/BRAND_0198/",
        "product_name": "Aberlour 16YO 40% 0.7L",
        "quantity": "0.7\u00a0l",
        "price": "$215.00",
        "price_per_quantity": "($307.14 / 1 l)",
        "stock_availability": "",
        "description": "The Aberlour 16 Year Old Double Cask gives rich, dry scented floral and sweet raisin aromas with a spicy nuttiness followed by a smooth, full palate with plum and elegant oak.",
        "primary_image": "https://www.heinemann.com.au/medias/527Wx527H-null?context=bWFzdGVyfGltYWdlc3w2NzUzNHxpbWFnZS9qcGVnfGFETXlMMmc0WkM4eE1URTFNRGMyTmpVd05qQXhOQzgxTWpkWGVEVXlOMGhmYm5Wc2JBfDRlOGYzNDU2ZWJkYzAxMmU1ZjZmYTA2ZjczYmY1ZjZjMjU4MjliYjM2NWZkZDE3MzVkYjMwN2IxYTA0YTZiZTg&v=1726606478213",
        "images": []
    },
    {
        "product_url": "https://www.heinemann-shop.com/en/global/al-rifai/al-rifai-bar-with-peanuts-cranberries-and-seeds-sweetened-with-maltitol/p/000000000001443855/",
        "brand_name": "Al Rifai",
        "brand_url": "https://www.heinemann-shop.com/en/global/al-rifai/c/BRAND_3164/",
        "product_name": "Al Rifai bar with peanuts, cranberries and seeds sweetened with maltitol",
        "quantity": "0.04\u00a0kg",
        "price": "\u20ac3.30",
        "price_per_quantity": "(\u20ac82.50 / 1 kg)",
        "stock_availability": "",
        "description": "A snack that bursts with flavor and nutrition with \u201cno added sugar\u201d",
        "primary_image": "https://www.heinemann-shop.com/medias/527Wx527H-null?context=bWFzdGVyfGltYWdlc3wyMzUzNHxpbWFnZS9qcGVnfGFHUTNMMmd4Tnk4eE1UTTVOVFk0T0RBek9EUXpNQzgxTWpkWGVEVXlOMGhmYm5Wc2JBfDc2MGJlZDQ0MDY2NjRkOWY0NzhmYTNlMzg4NzM5OWM3MzZiMWI2M2E2OWRjNGVlODJhMjYyNTg1YjhiMDJlMzg&v=1731361454156",
        "images": []
    },
    {
        "product_url": "https://www.heinemann-shop.com/en/global/pringles/sour-cream-onion-40g/p/000000000000547584/",
        "brand_name": "Pringles",
        "brand_url": "https://www.heinemann-shop.com/en/global/pringles/c/BRAND_3809/",
        "product_name": "Sour Cream & Onion 40g",
        "quantity": "0.04\u00a0kg",
        "price": "\u20ac1.79",
        "price_per_quantity": "(\u20ac44.75 / 1 kg)",
        "stock_availability": "",
        "description": "Pringles Sour Cream & Onion crisps are the perfect combination of green onion taste and savoury sour cream flavours. These delectable crisps are perfect for any party or get together. Enjoy a mind popping experience with Pringles Sour Cream & Onion crisps",
        "primary_image": "https://www.heinemann-shop.com/medias/527Wx527H-null?context=bWFzdGVyfGltYWdlc3w2NjU5N3xpbWFnZS9qcGVnfGFEVmxMMmhtWXk4eE1UYzRNalkwTlRRNE1UVXdNaTgxTWpkWGVEVXlOMGhmYm5Wc2JBfGI3N2UxNTQ1OTA4YmI0NjUyNWIyYzZiZDZlNDYyNDQ3Y2QzMzhhMzFkYjc0ZjQ1NmE2NDY1ZTFhNWI5NDgwN2U&v=1739831736081",
        "images": []
    },
    {
        "product_url": "https://www.heinemann-shop.com/en/global/food2smile/food2smile-paprika-flavoured-soya-and-potato-chips/p/000000000001671802/",
        "brand_name": "food2smile",
        "brand_url": "https://www.heinemann-shop.com/en/global/food2smile/c/BRAND_9655/",
        "product_name": "Food2Smile Paprika flavoured soya and potato chips",
        "quantity": "0.09\u00a0kg",
        "price": "\u20ac4.50",
        "price_per_quantity": "(\u20ac50.00 / 1 kg)",
        "stock_availability": "",
        "description": "With these popped chips you snack with a smile: lots of protein \u2013 very little fat. Many chips are made from potato, which is only starch. These chips are a source of protein as they consist of half soy. They contain up to 60% less fat than fried chips, are gluten free and with no added sugars. Deliciously 100% natural flavoured. A truly responsible choice.",
        "primary_image": "https://www.heinemann-shop.com/medias/527Wx527H-null?context=bWFzdGVyfGltYWdlc3w3MzMwNHxpbWFnZS9qcGVnfGFHSTFMMmd5TUM4eE1UTXdNamczTkRrM01qRTVNQzgxTWpkWGVEVXlOMGhmYm5Wc2JBfDU3YzA5NDkwZGZhY2M4OGFjYzM2NTg1NzlhN2U5YjcwOWU5OTMyMDVjMTFiNzllZDFmYWU1ZWQyMjM4YzkzNjI&v=1729630772805",
        "images": []
    },
    {
        "product_url": "https://www.heinemann.com.au/en/sydt1/glenmorangie/glenmorangie-duthac-43vol-1l-gift-box/p/000000000001112165/",
        "brand_name": "Glenmorangie",
        "brand_url": "https://www.heinemann.com.au/en/sydt1/glenmorangie/c/BRAND_0194/",
        "product_name": "Glenmorangie Duthac 43% 1L, Gift box",
        "quantity": "1\u00a0l",
        "price": "$114.00",
        "price_per_quantity": "($114.00 / 1 l)",
        "stock_availability": "",
        "description": "The first release in the Legends collection, Glenmorangie Duthac honours the annual pilgrimage of King James IV along \u2018the King\u2019s route\u2019 to the shrine of Saint Duthac, to be found in Tain, the home of Glenmorangie. An outstanding single malt, it has been finished in casks that once contained Pedro Xim\u00e9nez \u2013 \u2018the King of Sherries\u2019 \u2013 as well as charred virgin oak casks. The result is a deep bronze whisky showcasing a beguiling paradox of flavours.",
        "primary_image": "https://www.heinemann.com.au/medias/527Wx527H-null?context=bWFzdGVyfGltYWdlc3w2NDE3OHxpbWFnZS9qcGVnfGFEVXhMMmhtTmk4NU56a3dNVGd5TURNeE16a3dMelV5TjFkNE5USTNTRjl1ZFd4c3xiMDk1NzMyZDU5MThhZWJmNzY5Zjk4YzY3YWViYjllNzg0ZDRiMGVjYmU4MjEwYTQ4ZWViNzBiNzg2Yjk5Y2Fj&v=1689626504360",
        "images": []
    },
    {
        "product_url": "https://www.heinemann.com.au/en/sydt1/dewar-s/dewar-s-18y-the-vintage-blended-scotch-whisky-40vol-1l-gift-pack/p/000000000001142025/",
        "brand_name": "Dewar's",
        "brand_url": "https://www.heinemann.com.au/en/sydt1/dewar-s/c/BRAND_0167/",
        "product_name": "Dewar\u00b4s 18y The Vintage Blended Scotch Whisky 40% 1L gift pack",
        "quantity": "1\u00a0l",
        "price": "$184.00",
        "price_per_quantity": "($184.00 / 1 l)",
        "stock_availability": "",
        "description": "Dewar's 18 Year Old Blended Scotch Whisky is a blend of very rare vintage single malt and single grain Scotch whiskies, hence the nickname, \"The Vintage.\" Each bottle includes whiskies from the five single malt distilleries owned by John Dewar and Sons. The whiskies are then married in vintage oak casks. This special blend is creamy with notes of honey and marzipan.",
        "primary_image": "https://www.heinemann.com.au/medias/527Wx527H-null?context=bWFzdGVyfGltYWdlc3w2MjI3NHxpbWFnZS9qcGVnfGFHRXlMMmhoTXk4eE1URXhPREF4TnpFeE9ESXpPQzgxTWpkWGVEVXlOMGhmYm5Wc2JBfDM3OTVkMTRlMjgyMmNmZGQ2MmQxMDU1ZWNhZGE0ZTA0MjU1MDMzMzRiMTcxYzlmODMwZjMxZTMzYTliMTI4ZGM&v=1725914097394",
        "images": [
            "https://www.heinemann.com.au/medias/527Wx527H-null?context=bWFzdGVyfGltYWdlc3w2MjI3NHxpbWFnZS9qcGVnfGFHRXlMMmhoTXk4eE1URXhPREF4TnpFeE9ESXpPQzgxTWpkWGVEVXlOMGhmYm5Wc2JBfDM3OTVkMTRlMjgyMmNmZGQ2MmQxMDU1ZWNhZGE0ZTA0MjU1MDMzMzRiMTcxYzlmODMwZjMxZTMzYTliMTI4ZGM&v=1725914097394",
            "https://www.heinemann.com.au/medias/527Wx527H-null?context=bWFzdGVyfGltYWdlc3wzOTQ2NnxpbWFnZS9qcGVnfGFEQTNMMmc1WkM4eE1URXhPREF5TXpnek5UWTNPQzgxTWpkWGVEVXlOMGhmYm5Wc2JBfDVjNDQwOWQ1MThhZmQ4N2U1ZDJkOTk0NzliOThkMTBhOGE5NWVmYjRmMDhmNTY4YjBjNzVjNTdmYmY3Yzk5YmY&v=1725914493674"
        ]
    },
    {
        "product_url": "https://www.heinemann.com.au/en/sydt1/tomatin/tomatin-8y-highland-single-malt-scotch-whisky-40vol-1l-gift-pack/p/000000000001306499/",
        "brand_name": "Tomatin",
        "brand_url": "https://www.heinemann.com.au/en/sydt1/tomatin/c/BRAND_6991/",
        "product_name": "Tomatin 8y Highland Single Malt Scotch Whisky 40% 1L gift pack",
        "quantity": "1\u00a0l",
        "price": "$80.00",
        "price_per_quantity": "($80.00 / 1 l)",
        "stock_availability": "",
        "description": "The Tomatin 8YO is sweet and fruity, matured in ex-Bourbon & ex-Oloroso sherry casks. Aromas of vanilla-sweetenedbaked apples and pears dvelop into deeper dark fruit flavours, gently balanced with ginger & cinnamon for a sweet spicy finish. Light, delicate and approachable, appealing to many consumers. Travel Retail Exclusive.",
        "primary_image": "https://www.heinemann.com.au/medias/527Wx527H-null?context=bWFzdGVyfGltYWdlc3w3MDM2MXxpbWFnZS9qcGVnfGFESTJMMmc1WWk4eE1ESTJNVFV5TkRJNE16UXlNaTgxTWpkWGVEVXlOMGhmYm5Wc2JBfGRkNzcyODhmMjRiMTE4YzhkMmQ2MTZmMGVhZmRlNDllN2RjM2I5NmEzOTkyNWQwYjkxOTQ3MjY4MzVhY2Q2OTI&v=1706305911256",
        "images": []
    },
    {
        "product_url": "https://www.heinemann.com.au/en/sydt1/hendrick-s/hendrick-s-twin-pack-44vol-2x1l/p/000000000001361018/",
        "brand_name": "Hendrick's",
        "brand_url": "https://www.heinemann.com.au/en/sydt1/hendrick-s/c/BRAND_3047/",
        "product_name": "Hendrick's Twin Pack 44% 2x1L",
        "quantity": "2\u00a0l",
        "price": "$165.00",
        "price_per_quantity": "($82.50 / 1 l)",
        "stock_availability": "",
        "description": "Our unusual distillation process combined with our oddly delicious set of infusions of rose petal and cucumber yields a one-of-a-kind gin that is passionately loved all over the world. This convenient twin pack makes for the perfect peculiar pair.",
        "primary_image": "https://www.heinemann.com.au/medias/1361018-527Wx527H?context=bWFzdGVyfGltYWdlc3w4MTk2OHxpbWFnZS9qcGVnfGFXMWhaMlZ6TDJobVlpOW9PREV2T1RVeU1UUTBNek0wTURNeE9DNXFjR2N8MDUxOTM3YjYwYzI4N2QwYzk5YWMzYjMyNzU2NjAzMmRkYTk2YTUzOTIzMTdhNTc2ZDg3ZTkxZTE0YmIzMTNlYw&v=1603328534124",
        "images": []
    },
    {
        "product_url": "https://www.heinemann.com.au/en/sydt1/bushmills/bushmills-steamship-collection-sherry-cask-reserve-single-malt-irish-whiskey-40vol-1l-gift-pack/p/000000000001192387/",
        "brand_name": "Bushmills",
        "brand_url": "https://www.heinemann.com.au/en/sydt1/bushmills/c/BRAND_0215/",
        "product_name": "Bushmills Steamship Collection Sherry Cask Reserve Single Malt Irish Whiskey 40% 1L gift pack",
        "quantity": "1\u00a0l",
        "price": "$137.00",
        "price_per_quantity": "($137.00 / 1 l)",
        "stock_availability": "",
        "description": "Bushmills' first release in the Steamship Collection is Sherry Cask Reserve: a limited release of fine malt whiskey exclusively matured in Oloroso Sherry butts. The Steamship Collection marks the 125th anniversary of the maiden voyage of the SS Bushmills, the distillery's own steamship that delivered its whiskey to new corners of the world.",
        "primary_image": "https://www.heinemann.com.au/medias/527Wx527H-null?context=bWFzdGVyfGltYWdlc3w3NjgwOXxpbWFnZS9qcGVnfGFHWm1MMmd6WXk4eE1USTVPRFF5TmpFNU1Ua3dNaTgxTWpkWGVEVXlOMGhmYm5Wc2JBfGMyNzBiMDY0NmFmMWRjNmRhMzc1N2JiZWZjZmZiZmQ4NjRkMzUzOTgxOTAzNTA4NzBlZWI4MGUzZDhlYWNhODc&v=1729545321152",
        "images": []
    },
    {
        "product_url": "https://www.heinemann.com.au/en/sydt1/chivas/chivas-regal-blended-scotch-whisky-brothers-blend-12yo-40vol-1l/p/000000000001002512/",
        "brand_name": "Chivas",
        "brand_url": "https://www.heinemann.com.au/en/sydt1/chivas/c/BRAND_0190/",
        "product_name": "Chivas Regal Blended Scotch Whisky Brothers Blend 12yo 40% 1L",
        "quantity": "1\u00a0l",
        "price": "$66.00",
        "price_per_quantity": "($66.00 / 1 l)",
        "stock_availability": "",
        "description": "The Chivas Brothers\u2019 Blend was launched in 2012 as a Duty Free exclusive. This new blend pays tribute to the pioneering art of blending and the Chivas house style, created by James and John Chivas in the mid-1800s. With a predominance of Speyside malts, in particular Strathisla and Longmorn, the Chivas Brothers\u2019 Blend is Ultra Smooth and Perfect for Sharing.",
        "primary_image": "https://www.heinemann.com.au/medias/527Wx527H-null?context=bWFzdGVyfGltYWdlc3w1MzI0MHxpbWFnZS9qcGVnfGFESTNMMmc0WVM4eE1EVTJPRFUwTmpneE1Ua3pOQzgxTWpkWGVEVXlOMGhmYm5Wc2JBfGU1MTE3MGYzZWZmMzhlYTg2ZWZjMmI1YzRiMDIwMjA1ZmVhMzI3NWE4N2JlNzM2N2IyMWE0Y2I0MDExOGY2ZGM&v=1713302301761",
        "images": [
            "https://www.heinemann.com.au/medias/527Wx527H-null?context=bWFzdGVyfGltYWdlc3w1MzI0MHxpbWFnZS9qcGVnfGFESTNMMmc0WVM4eE1EVTJPRFUwTmpneE1Ua3pOQzgxTWpkWGVEVXlOMGhmYm5Wc2JBfGU1MTE3MGYzZWZmMzhlYTg2ZWZjMmI1YzRiMDIwMjA1ZmVhMzI3NWE4N2JlNzM2N2IyMWE0Y2I0MDExOGY2ZGM&v=1713302301761",
            "https://www.heinemann.com.au/medias/527Wx527H-null?context=bWFzdGVyfGltYWdlc3w3MTg3MnxpbWFnZS9qcGVnfGFHRmxMMmcxTmk4eE1EVTJPVE01T1RjMk1qazNOQzgxTWpkWGVEVXlOMGhmYm5Wc2JBfGI1NDcxMTA4NmVhZjI5OTAzNTBkOWU1NTU1ZDU4NDZhZTQxMTM4MjA4YWEyNmViMGFjMmVlMmM2NTNhMjc5ZTE&v=1713302405073"
        ]
    },
    {
        "product_url": "https://www.heinemann.com.au/en/sydt1/dewar-s/dewar-s-16y-special-edition-double-age-blended-scotch-whisky-40vol-1l/p/000000000001525416/",
        "brand_name": "Dewar's",
        "brand_url": "https://www.heinemann.com.au/en/sydt1/dewar-s/c/BRAND_0167/",
        "product_name": "Dewar's 16y Special Edition Double Age Blended Scotch Whisky 40% 1L",
        "quantity": "1\u00a0l",
        "price": "$135.00",
        "price_per_quantity": "($135.00 / 1 l)",
        "stock_availability": "",
        "description": "DEWAR'S\u00ae Double Agent Blended Scotch Whisky is one of the newest products for Dewar\u2019s. After double ageing, the signature process of Dewar\u2019s, the whisky is separated into two batches: the first is finished in sweet Oloroso sherry casks, the second in peaty Islay whisky casks. The liquids are then blended together again.",
        "primary_image": "https://www.heinemann.com.au/medias/527Wx527H-null?context=bWFzdGVyfGltYWdlc3w2ODc0NHxpbWFnZS9qcGVnfGFHSXhMMmc1T1M4eE1UWTVPVGsxT1RNd01ERXlOaTgxTWpkWGVEVXlOMGhmYm5Wc2JBfGRiYTJhZmUyOWUwM2ZlMjBmY2M3NjRiNWU3YWI2MjJmZWIyNmM3NDMxNTViYmFmMmFiOWYzZDY3MDJmNGEzMGQ&v=1738189100368",
        "images": []
    },
    {
        "product_url": "https://www.heinemann.com.au/en/sydt1/jack-daniel-s/jack-daniel-s-tennessee-travelers-bold-spicy-whiskey-53-5vol-0-5l/p/000000000001481126/",
        "brand_name": "Jack Daniel's",
        "brand_url": "https://www.heinemann.com.au/en/sydt1/jack-daniel-s/c/BRAND_0218/",
        "product_name": "Jack Daniel's Tennessee Travelers Bold & Spicy Whiskey 53.5% 0.5L*",
        "quantity": "0.5\u00a0l",
        "price": "$55.00",
        "price_per_quantity": "($110.00 / 1 l)",
        "stock_availability": "",
        "description": "\"The Tennessee Travelers series honors Jack's desire for him and his whiskey to see the world;",
        "primary_image": "https://www.heinemann.com.au/medias/527Wx527H-null?context=bWFzdGVyfGltYWdlc3w0Njc0MHxpbWFnZS9qcGVnfGFEYzVMMmczWVM4eE1UQTJNRFk1TURjeE5EWTFOQzgxTWpkWGVEVXlOMGhmYm5Wc2JBfDNmOTYyNTBmZDMwMDVhNGY0NTQzNmJiODZjYWUzOWRmMDY1ZGI2ZGFiNjI5YTVmMzU4ZDJlNGVmYmJlYmJiM2U&v=1724827308085",
        "images": []
    },
    {
        "product_url": "https://www.heinemann.com.au/en/sydt1/bushmills/bushmills-steamship-rum-cask-40vol-0-7l-gp/p/000000000001372841/",
        "brand_name": "Bushmills",
        "brand_url": "https://www.heinemann.com.au/en/sydt1/bushmills/c/BRAND_0215/",
        "product_name": "Bushmills Steamship Rum Cask 40% 0.7L, GP",
        "quantity": "0.7\u00a0l",
        "price": "$195.00",
        "price_per_quantity": "($278.57 / 1 l)",
        "stock_availability": "",
        "description": "The Steamship collection marks the extraordinary voyage around the globe of the Steamship SS BUSHMILLS  back in 1890. Her hold was full of the finest Bushmills Irish. She stopped in 1895 in St Vincent, Barbados, to stock up some rum casks to bring back to Ireland. Once refilled with Bushmills Single Malt Irish Whiskey, wonderful new ripe and exotic flavours were folded into our famously smooth and honeyed flavour profile to create a rich and perfectly balanced whiskey.",
        "primary_image": "https://www.heinemann.com.au/medias/1372841-527Wx527H?context=bWFzdGVyfGltYWdlc3w2MzMyMXxpbWFnZS9qcGVnfGFEZG1MMmczT1M4NU5qTXdOemd4TVRjM09EZzJMekV6TnpJNE5ERmZOVEkzVjNnMU1qZEl8N2FlMTdmYTQ2ZDJhYzI4YzcxNGE5MDBkMjA0YjlhMTkzZWJhZWU4MTk5NDRiODc3NzhlYzU0MWI0ZmQzMzk3ZQ&v=1635888655536",
        "images": []
    },
    {
        "product_url": "https://www.heinemann.com.au/en/sydt1/balvenie/the-balvenie-the-creation-of-a-classic-speyside-single-malt-scotch-whisky-43vol-0-7l-gift-pack/p/000000000001457983/",
        "brand_name": "Balvenie",
        "brand_url": "https://www.heinemann.com.au/en/sydt1/balvenie/c/BRAND_4286/",
        "product_name": "The Balvenie The Creation of A Classic Speyside Single Malt Scotch Whisky 43% 0.7L gift pack",
        "quantity": "0.7\u00a0l",
        "price": "$130.00",
        "price_per_quantity": "($185.71 / 1 l)",
        "stock_availability": "In stock",
        "description": "The Balvenie Distillery is built on stories. They\u2019re our lifeblood. In an industry where everything is codified, we don\u2019t write much down. Instead, we pass on what we know, from one person to the next, story by story...This is the story of David C. Stewart creating the world\u2019s original cask-finished Single Malt Scotch whisky. A sweet and syrupy expression of The Balvenie with a touch of vanilla oak and ginger spiciness, finished in sherry casks.",
        "primary_image": "https://www.heinemann.com.au/medias/527Wx527H-null?context=bWFzdGVyfGltYWdlc3w2NjYzOXxpbWFnZS9qcGVnfGFEVmhMMmhoTVM4eE1ESTJNVFV6TURnek56QXlNaTgxTWpkWGVEVXlOMGhmYm5Wc2JBfGM4MjA2NGU5YjI0YWFiZGIyMjlmYWY2MmJmNzZhMTc1YjExMjEyMjNjMGVlNzdiM2RmYjc2NmRkZmZmNDVhMTM&v=1706306263055",
        "images": []
    },
    {
        "product_url": "https://www.heinemann.com.au/en/sydt1/makers-mark/makers-mark-101-kentucky-straight-bourbon-50-5vol-1l-gift-pack/p/000000000001345495/",
        "brand_name": "Makers Mark",
        "brand_url": "https://www.heinemann.com.au/en/sydt1/makers-mark/c/BRAND_1910/",
        "product_name": "Maker\u2019s Mark 101 Kentucky Straight Bourbon 50.5% 1L gift pack*",
        "quantity": "1\u00a0l",
        "price": "$105.00",
        "price_per_quantity": "($105.00 / 1 l)",
        "stock_availability": "In stock",
        "description": "For generations at our distillery, we have welcomed special guests with the opportunity to sample our signature whisky at a higher proof. My parents and grandparents did this to demonstrate how refined our whisky is when batched a little more boldly.The front-of-the-tongue, delicious bourbon flavor is still there thanks to our soft red winter wheat. It\u2019s just richer and more intense at a higher proof. Because everyone cannot visit our little distillery in Loretto, Ky., we\u2019ve bottled this exclusive 101-proof edition so you, too, can experience the bolder side of our refined wheated whisky.",
        "primary_image": "https://www.heinemann.com.au/medias/527Wx527H-null?context=bWFzdGVyfGltYWdlc3w2ODYzNHxpbWFnZS9qcGVnfGFHVmlMMmczWWk4eE1UYzVOVFkwTkRZM09ERTNOQzgxTWpkWGVEVXlOMGhmYm5Wc2JBfDMyMDA1NTJiMGMzZjc4MjM2YTRhMzQ0MmVjZDJkODMwNmVlODgxOTRjOTNjMTQ5MzkyMWQwODk4OTljMzc2MzU&v=1740086434666",
        "images": [
            "https://www.heinemann.com.au/medias/527Wx527H-null?context=bWFzdGVyfGltYWdlc3w2ODYzNHxpbWFnZS9qcGVnfGFHVmlMMmczWWk4eE1UYzVOVFkwTkRZM09ERTNOQzgxTWpkWGVEVXlOMGhmYm5Wc2JBfDMyMDA1NTJiMGMzZjc4MjM2YTRhMzQ0MmVjZDJkODMwNmVlODgxOTRjOTNjMTQ5MzkyMWQwODk4OTljMzc2MzU&v=1740086434666",
            "https://www.heinemann.com.au/medias/527Wx527H-null?context=bWFzdGVyfGltYWdlc3w2MTU0NHxpbWFnZS9qcGVnfGFEZzBMMmcxTUM4eE1UYzVOVFkwTmpRME56WTBOaTgxTWpkWGVEVXlOMGhmYm5Wc2JBfDk0NWM4MDNiMzliZmJlYzM4ZTk4MzAyMTdiOTg3NzY5ODE1Yjk0YjBjMDcwN2E1YjMzNTAyNGJkYTNkNGZkY2M&v=1740086505276"
        ]
    },
    {
        "product_url": "https://www.heinemann.com.au/en/sydt1/royal-park/royal-park-fine-blended-scotch-whisky-40vol-1l/p/000000000001174407/",
        "brand_name": "Royal Park",
        "brand_url": "https://www.heinemann.com.au/en/sydt1/royal-park/c/BRAND_2547/",
        "product_name": "Royal Park Fine Blended Scotch Whisky 40% 1L",
        "quantity": "1\u00a0l",
        "price": "$40.00",
        "price_per_quantity": "($40.00 / 1 l)",
        "stock_availability": "In stock",
        "description": "This distinctive Scotch Whisky offers the perfect blend of the best Grain & Malt Scotch Whiskies slowly matured in oak casks to produce a mellow taste with sweet richness and good depth of flavour",
        "primary_image": "https://www.heinemann.com.au/medias/527Wx527H-null?context=bWFzdGVyfGltYWdlc3w0NTY2NnxpbWFnZS9qcGVnfGFEUmlMMmd6WXk4eE1ESTJNVFV4T0RJNE5qZzNPQzgxTWpkWGVEVXlOMGhmYm5Wc2JBfGFiMDNjOTg1YWQ2NjI3YzJiMGJiMTY5Mzg0ODdlMzViM2Y0NWE5MDg1M2ZlZWM2NDgyYmI5ZjMxOTUwZTc4NGY&v=1706305582256",
        "images": []
    },
    {
        "product_url": "https://www.heinemann.com.au/en/sydt1/23rd-street/23rd-street-distillery-australian-blended-whiskey-40vol-1l/p/000000000001664821/",
        "brand_name": "23rd Street",
        "brand_url": "https://www.heinemann.com.au/en/sydt1/23rd-street/c/BRAND_9935/",
        "product_name": "23rd Street Distillery Australian Blended Whiskey 40% 1L",
        "quantity": "1\u00a0l",
        "price": "$65.00",
        "price_per_quantity": "($65.00 / 1 l)",
        "stock_availability": "In stock",
        "description": "CRAFTED IN THE VERY HEART OF AUSTRALIA, THIS LIQUID MASTERPIECE IS AN ODE TO THE CRAFTMANSHIP, INTENSIFIED FLAVOUR AND UNWAVERING DEDICATION THAT SHAPES EVERY DROP. AS IT AGES GRACEFULLY WITHIN THE CONFINES OF OAK BARRELS, THE WHISKY UNDERGOES A REMARKABLE TRANSFORMATION CULMINATING IN A BLEND THAT REFLECTS THE BOLD SPIRIT OF AUSTRALIA.",
        "primary_image": "https://www.heinemann.com.au/medias/527Wx527H-null?context=bWFzdGVyfGltYWdlc3w0MzUzOXxpbWFnZS9qcGVnfGFEUTVMMmcyWlM4eE1UTTNNamMwTnpJNU1qY3dNaTgxTWpkWGVEVXlOMGhmYm5Wc2JBfDljZTVjNjE0ZGFkZTdhMGMzNTk1NDMzZmE1YzJhZGJhNWFmMGM4NDM1MTliNzU3OWExNzQ0N2JhZmYwNDBiMjA&v=1730933196449",
        "images": []
    },
    {
        "product_url": "https://www.heinemann.com.au/en/sydt1/the-glenlivet/glenlivet-triple-cask-matured-distillers-reserve-speyside-single-malt-scotch-whisky-40vol-1l/p/000000000000540744/",
        "brand_name": "The Glenlivet",
        "brand_url": "https://www.heinemann.com.au/en/sydt1/the-glenlivet/c/BRAND_0970/",
        "product_name": "Glenlivet Triple Cask Matured Distillers Reserve Speyside Single Malt Scotch Whisky 40% 1L",
        "quantity": "1\u00a0l",
        "price": "$90.00",
        "price_per_quantity": "($90.00 / 1 l)",
        "stock_availability": "In stock",
        "description": "The Distillers Reserve is a delicate balance between smooth and fruity notes. The master distiller has ensured that the whiskies from the three different casks have an equal impact on the taste to ensure this balance of flavours.",
        "primary_image": "https://www.heinemann.com.au/medias/527Wx527H-null?context=bWFzdGVyfGltYWdlc3wzODA2MXxpbWFnZS9qcGVnfGFETmlMMmhsWXk4eE1USTROVE16TnpBeE5ETXdNaTgxTWpkWGVEVXlOMGhmYm5Wc2JBfGYxM2EwMzIzODUxMDM3MjQ5OWUwN2UyOWY4YzQ2ODM3ZTczZjU0NWJkNGY4ODQ1MzNkMWJlYjcyZTNmODQ0ZGY&v=1729312676641",
        "images": [
            "https://www.heinemann.com.au/medias/527Wx527H-null?context=bWFzdGVyfGltYWdlc3wzODA2MXxpbWFnZS9qcGVnfGFETmlMMmhsWXk4eE1USTROVE16TnpBeE5ETXdNaTgxTWpkWGVEVXlOMGhmYm5Wc2JBfGYxM2EwMzIzODUxMDM3MjQ5OWUwN2UyOWY4YzQ2ODM3ZTczZjU0NWJkNGY4ODQ1MzNkMWJlYjcyZTNmODQ0ZGY&v=1729312676641",
            "https://www.heinemann.com.au/medias/527Wx527H-null?context=bWFzdGVyfGltYWdlc3w2NzIzOXxpbWFnZS9qcGVnfGFEZzRMMmd4T0M4eE1USTROVE0wTXpFME1Ua3hPQzgxTWpkWGVEVXlOMGhmYm5Wc2JBfDcyYTlkNDY4NzhhODE0MzVlNDBjZTYxZjU3ODcyYzUwNTdkYTc0YzBkODViNzc0Y2ZiMTUxOGQyZjQzNGE0NDA&v=1729313415126"
        ]
    },
    {
        "product_url": "https://www.heinemann.com.au/en/sydt1/absolut/absolut-warhol-40vol-1l/p/000000000001639983/",
        "brand_name": "Absolut",
        "brand_url": "https://www.heinemann.com.au/en/sydt1/absolut/c/BRAND_0796/",
        "product_name": "Absolut Warhol 40% 1L",
        "quantity": "1\u00a0l",
        "price": "$42.00",
        "price_per_quantity": "($42.00 / 1 l)",
        "stock_availability": "In stock",
        "description": "Between 1985 and 2004, a total of 550 artists created more than 800 artworks based on the unique Absolut bottle silhouette. The first, and irrefutably most iconic, was Andy Warhol\u2019s original artwork: Absolut Warhol.",
        "primary_image": "https://www.heinemann.com.au/medias/527Wx527H-null?context=bWFzdGVyfGltYWdlc3w1MDg5MHxpbWFnZS9qcGVnfGFHWTVMMmczTUM4eE1USTROalF3TWpVNU5qZzVOQzgxTWpkWGVEVXlOMGhmYm5Wc2JBfDQwZDljMjhkZDNmM2I3MjIyMmQyNWU0YTEzM2EzZmFkZDdhYWI1NThhNWFkZDM0NTdkODkwZTYxNTdlNzkwNzc&v=1729324670440",
        "images": []
    },
    {
        "product_url": "https://www.heinemann.com.au/en/sydt1/glenfiddich/glenfiddich-perpetual-collection-vat-1-single-malt-scotch-whisky-40vol-1l-gift-pack/p/000000000001523965/",
        "brand_name": "Glenfiddich",
        "brand_url": "https://www.heinemann.com.au/en/sydt1/glenfiddich/c/BRAND_4285/",
        "product_name": "Glenfiddich Perpetual Collection Vat 1 Single Malt Scotch Whisky 40% 1L gift pack",
        "quantity": "1\u00a0l",
        "price": "$100.00",
        "price_per_quantity": "($100.00 / 1 l)",
        "stock_availability": "In stock",
        "description": "VAT 01 is an exceptionally elegant single malt, suited to every palate. Ever in motion thanks to continuous blending in our Solera VAT 1, this expression uniquely layers sweet and spicy notes for a soft and mellow taste with added depth due to its maturation in bourbon & red wine casks. A balanced and refreshingly smooth Glenfiddich.",
        "primary_image": "https://www.heinemann.com.au/medias/527Wx527H-null?context=bWFzdGVyfGltYWdlc3w1OTIxN3xpbWFnZS9qcGVnfGFEQTVMMmd4Tnk4eE1UQTJORGt4TnpFMk5EQTJNaTgxTWpkWGVEVXlOMGhmYm5Wc2JBfDg0ZjcyMDJhZmYzZDQ0MDdlMmRjMDUwM2IxYzA1MzE2ZGQ0NDUzYzlmZmJiODcwNmQwZWM3NTg0OWQ3MjIxNmQ&v=1724844906835",
        "images": []
    },
    {
        "product_url": "https://www.heinemann.com.au/en/sydt1/jura/jura-the-bay-12y-island-single-malt-scotch-whisky-44vol-1l-gift-pack/p/000000000001445475/",
        "brand_name": "Jura",
        "brand_url": "https://www.heinemann.com.au/en/sydt1/jura/c/BRAND_4656/",
        "product_name": "Jura The Bay 12y Island Single Malt Scotch Whisky 44% 1L gift pack",
        "quantity": "1\u00a0l",
        "price": "$104.00",
        "price_per_quantity": "($104.00 / 1 l)",
        "stock_availability": "In stock",
        "description": "Enjoy a sweet and spicy Jura, enhanced in rich Pedro Xim\u00e9nez casks that previously held 15 years old sherry. This whisky is inspired by the \u201cSmall Isles Bay\u201d, located just in front of the village of Craighouse, home to our whisky and many of our tiny island community. Sheltered by a string of small islands, the bay is marked by the coming and going of the tide. Like our slowly maturing whisky, there's no hurry to our days.",
        "primary_image": "https://www.heinemann.com.au/medias/527Wx527H-null?context=bWFzdGVyfGltYWdlc3w2NjQ5OHxpbWFnZS9qcGVnfGFEazJMMmczTUM4eE1UZ3lOVFE0TnpNeE5EazNOQzgxTWpkWGVEVXlOMGhmYm5Wc2JBfGNiMjhhNjRkZTU5YmMyNzkzNDU1NGI5MGM2ZmYyODFjZjliMThjNDJjZTllYzQ1NTBlMDE2YzcxZTNhNTQwYTM&v=1740692080524",
        "images": []
    },
    {
        "product_url": "https://www.heinemann.com.au/en/sydt1/canadian-club/canadian-club-twinpk-40vol-2x1l/p/000000000001117947/",
        "brand_name": "Canadian Club",
        "brand_url": "https://www.heinemann.com.au/en/sydt1/canadian-club/c/BRAND_0174/",
        "product_name": "Canadian Club Twinpk 40% 2x1L",
        "quantity": "2\u00a0l",
        "price": "$65.00",
        "price_per_quantity": "($32.50 / 1 l)",
        "stock_availability": "In stock",
        "description": "Cnvenient Twin Pack of Canadian Club 1858 1L. The 1858 is aged longer than the 3 years required by law in oak barrels before bottling for the smoothest possible flavour.",
        "primary_image": "https://www.heinemann.com.au/medias/1117947-527Wx527H?context=bWFzdGVyfGltYWdlc3w5OTQ4NHxpbWFnZS9qcGVnfGFXMWhaMlZ6TDJnMU5DOW9OMlV2T1RNek9UUXpPVGN4TURJek9DNXFjR2N8NDI2OTE5NTEwYzU5NTFmZGM5NDA1YWZhZTliYzJhZWU5MDUzYTE0MDBkODFkNzZlMzBiZDUxZjg5YzUyMzI4Yg&v=1576772854188",
        "images": []
    },
    {
        "product_url": "https://www.heinemann.com.au/en/sydt1/johnnie-walker/johnnie-walker-black-label-triple-cask-blended-scotch-whisky-40vol-1l-travel-exclusive/p/000000000001439901/",
        "brand_name": "",
        "brand_url": "https://www.heinemann.com.au/en/sydt1/johnnie-walker/johnnie-walker-black-label-triple-cask-blended-scotch-whisky-40vol-1l-travel-exclusive/p/000000000001439901/",
        "product_name": "Johnnie Walker Black Label Triple Cask Blended Scotch Whisky 40% 1L Travel Exclusive",
        "quantity": "1\u00a0l",
        "price": "$85.00",
        "price_per_quantity": "($85.00 / 1 l)",
        "stock_availability": "In stock",
        "description": "Triple cask is a sweet, fruity and spicy blend with notes exotic fruits and brown sugars.",
        "primary_image": "https://www.heinemann.com.au/medias/527Wx527H-null?context=bWFzdGVyfGltYWdlc3w0MjA0MXxpbWFnZS9qcGVnfGFHRXhMMmcwTUM4eE1UY3lNak0wT1RjM01qZ3pNQzgxTWpkWGVEVXlOMGhmYm5Wc2JBfDI4MDUzYWIxNjFiNmZkMzk0Mzg5NjVjM2M0YTYzZWNlYWMxZWE2MjYwNjQwZmZmNzFmOThlYTk2NmYyYzg2YmY&v=1738624114781",
        "images": []
    },
    {
        "product_url": "https://www.heinemann.com.au/en/sydt1/bruichladdich/bruichladdich-port-charlotte-10y-islay-single-malt-scotch-whisky-50vol-1l-gift-pack/p/000000000001349584/",
        "brand_name": "Bruichladdich",
        "brand_url": "https://www.heinemann.com.au/en/sydt1/bruichladdich/c/BRAND_0291/",
        "product_name": "Bruichladdich Port Charlotte 10y Islay Single Malt Scotch Whisky 50% 1L gift pack",
        "quantity": "1\u00a0l",
        "price": "$128.00",
        "price_per_quantity": "($128.00 / 1 l)",
        "stock_availability": "In stock",
        "description": "This Permanent Release Of Port Charlotte 10 Year Old Is The First Time It Has Been Available In Gtr.",
        "primary_image": "https://www.heinemann.com.au/medias/527Wx527H-null?context=bWFzdGVyfGltYWdlc3wzODc2NHxpbWFnZS9qcGVnfGFHRmpMMmcwTkM4eE1USTVPRFF6TkRBMU5qSXlNaTgxTWpkWGVEVXlOMGhmYm5Wc2JBfGFlNzYwNDgxZGI3ZDlmYzliNDA3N2ZmYmZhOGEwNTk0YmNjNWU0MmEwNmFmNmY0ODJhODY3MWQzMDA0YWI1Y2U&v=1729546160728",
        "images": []
    },
    {
        "product_url": "https://www.heinemann.com.au/en/sydt1/four-pillars/four-pillars-bloody-shiraz-infused-gin-37-8vol-1l/p/000000000001270226/",
        "brand_name": "Four Pillars",
        "brand_url": "https://www.heinemann.com.au/en/sydt1/four-pillars/c/BRAND_5531/",
        "product_name": "Four Pillars Bloody Shiraz Infused Gin 37.8% 1L",
        "quantity": "1\u00a0l",
        "price": "$71.10",
        "price_per_quantity": "($71.10 / 1 l)",
        "stock_availability": "In stock",
        "description": "Bloody Shiraz Gin is unfiltered and will develop secondary fruit characters beyond two years (it\u2019s best consumed within two years of vintage). Enjoy it over ice with a slice of fresh orange or add a splash of soda or good tonic water for a longer drink.",
        "primary_image": "https://www.heinemann.com.au/medias/1270226-527Wx527H?context=bWFzdGVyfGltYWdlc3w0ODUwNHxpbWFnZS9qcGVnfGFHWmhMMmc0Tmk4NU5UZzVOakU0TWpRMU5qWXlMekV5TnpBeU1qWmZOVEkzVjNnMU1qZEl8NTA0YTI3MmVlYzMyYTdlYTMzYjJlMTRhOGFjYzBkOTlkNTEyNzNjYzMyNDc2YWY5MGVlMDZjOTdkZWQ4OTQ3Yg&v=1620192318543",
        "images": []
    },
    {
        "product_url": "https://www.heinemann.com.au/en/sydt1/bunnahabhain/bunnahahbhain-eirigh-na-greine-islay-single-malt-scotch-whisky-46-3vol-1l-gift-pack/p/000000000001089562/",
        "brand_name": "Bunnahabhain",
        "brand_url": "https://www.heinemann.com.au/en/sydt1/bunnahabhain/c/BRAND_3307/",
        "product_name": "Bunnahahbhain Eirigh Na Greine Islay Single Malt Scotch Whisky 46.3% 1L gift pack",
        "quantity": "1\u00a0l",
        "price": "$128.70",
        "price_per_quantity": "($128.70 / 1 l)",
        "stock_availability": "In stock",
        "description": "Bunnahabhain Eirigh Na Greine is beautifully presented in its own oak-coloured one-litre bottle with dual front labelling. A rich, deep burgundy-coloured tube \u2013 inspired by the aesthetics of Italian and French red wine-growers \u2013 helps completes the presentation. The sumptuous amber-liquid gold inside, reminiscent of a burnished dawn sky at Bunnahabhain, arises from a complex recipe, at the heart of which is the blending of some of the finest whiskies ever matured in ex-red-wine casks.",
        "primary_image": "https://www.heinemann.com.au/medias/527Wx527H-null?context=bWFzdGVyfGltYWdlc3w2NTgwN3xpbWFnZS9qcGVnfGFEUTFMMmc1TkM4NU56VXhORFE1TmpZMU5UWTJMelV5TjFkNE5USTNTRjl1ZFd4c3xiNDRhNzg0NGUyYTQzNTJhMzAxNjViZWIyYjZiMWNiMDFjYjNjMjZmNzRjNTgyM2FmNjBmNGY3MTY4ZWFlZDdm&v=1680312917540",
        "images": [
            "https://www.heinemann.com.au/medias/527Wx527H-null?context=bWFzdGVyfGltYWdlc3w2NTgwN3xpbWFnZS9qcGVnfGFEUTFMMmc1TkM4NU56VXhORFE1TmpZMU5UWTJMelV5TjFkNE5USTNTRjl1ZFd4c3xiNDRhNzg0NGUyYTQzNTJhMzAxNjViZWIyYjZiMWNiMDFjYjNjMjZmNzRjNTgyM2FmNjBmNGY3MTY4ZWFlZDdm&v=1680312917540",
            "https://www.heinemann.com.au/medias/527Wx527H-null?context=bWFzdGVyfGltYWdlc3w0Mzg1NXxpbWFnZS9qcGVnfGFHVm1MMmczWWk4NU56VXhORFV3TkRFNU1qTXdMelV5TjFkNE5USTNTRjl1ZFd4c3w5M2FlNTViZGUyODYwMTQ0NDdiOGNiMzczNTFkZjNmZDBiNmFiZDZkMTFhYWM2ZDZiMTIyMTczYjRkNWIyNmY4&v=1680312931212"
        ]
    },
    {
        "product_url": "https://www.heinemann.com.au/en/sydt1/talisker/talisker-dark-storm-single-malt-scotch-whisky-45-8vol-1l-gp/p/000000000001054304/",
        "brand_name": "Talisker",
        "brand_url": "https://www.heinemann.com.au/en/sydt1/talisker/c/BRAND_4603/",
        "product_name": "Talisker Dark Storm Single Malt Scotch Whisky 45.8% 1L GP",
        "quantity": "1\u00a0l",
        "price": "$150.00",
        "price_per_quantity": "($150.00 / 1 l)",
        "stock_availability": "In stock",
        "description": "Talisker Dark Storm is the smokiest expression of Talisker\u2122 ever produced. It is matured in heavily charred oak casks on the Isle of Skye, delivering the untamed spirit of a full-blown storm at sea with a new level of intensity. Matured in heavily charred oak casks on the remote and rugged Isle of Skye, Talisker Dark Storm is an intensely smoky single malt Scotch Whisky that captures the wild, untamed spirit of a full-blown storm at sea.",
        "primary_image": "https://www.heinemann.com.au/medias/527Wx527H-null?context=bWFzdGVyfGltYWdlc3w3Mjc0M3xpbWFnZS9qcGVnfGFHTTNMMmc0WkM4eE1USTRORFUzTkRnMk16TTVNQzgxTWpkWGVEVXlOMGhmYm5Wc2JBfGJlMzk5NGFkMDg2ZDAxYmJjZWRjNzE4OGY5N2YxZDc4NDc5YTgyMGNiZDBjZDI2MDI3NjhmOWYzYTY1OGQ5N2Y&v=1729292463741",
        "images": []
    },
    {
        "product_url": "https://www.heinemann.com.au/en/sydt1/jack-daniel-s/jack-daniels-bottled-in-bond-tennessee-whiskey-50vol-1l/p/000000000001305450/",
        "brand_name": "Jack Daniel's",
        "brand_url": "https://www.heinemann.com.au/en/sydt1/jack-daniel-s/c/BRAND_0218/",
        "product_name": "Jack Daniels Bottled in Bond Tennessee Whiskey 50% 1L*",
        "quantity": "1\u00a0l",
        "price": "$62.00",
        "price_per_quantity": "($62.00 / 1 l)",
        "stock_availability": "In stock",
        "description": "Jack Daniel\u2019s Bottled-in-Bond is a guarantee of quality under the US Bottled in Bond Act. This rich and bold whiskey is distilled at a single distillery during",
        "primary_image": "https://www.heinemann.com.au/medias/527Wx527H-null?context=bWFzdGVyfGltYWdlc3w1MzY3MnxpbWFnZS9qcGVnfGFHSmpMMmhpWlM4eE1UQTFPVGMyTlRVeE1ERTNOQzgxTWpkWGVEVXlOMGhmYm5Wc2JBfGM5NWM5OTUzMDc1YmE0MjllMWRmY2UyYjZhZGNkNTc1MWNlYjI5N2IyYTdjMDgwNmQxMDlmYzdkMTZlZTAyZTc&v=1724806781071",
        "images": [
            "https://www.heinemann.com.au/medias/527Wx527H-null?context=bWFzdGVyfGltYWdlc3w1MzY3MnxpbWFnZS9qcGVnfGFHSmpMMmhpWlM4eE1UQTFPVGMyTlRVeE1ERTNOQzgxTWpkWGVEVXlOMGhmYm5Wc2JBfGM5NWM5OTUzMDc1YmE0MjllMWRmY2UyYjZhZGNkNTc1MWNlYjI5N2IyYTdjMDgwNmQxMDlmYzdkMTZlZTAyZTc&v=1724806781071",
            "https://www.heinemann.com.au/medias/1305450-2-527Wx527H?context=bWFzdGVyfGltYWdlc3w1NzMyN3xpbWFnZS9qcGVnfGFEazVMMmhsTWk4NU5UazBNak0xTlRnME5UUXlMekV6TURVME5UQmZNbDgxTWpkWGVEVXlOMGd8YzA2MDU3MWQ2YmU3YTdkOTI4MDA3MzFjMzU3ZjI4ZTJjOWI2NTA1NTRlZWU1MGRlMGMwNzVlNTk4ZDhlN2M0MQ&v=1620891771425"
        ]
    },
    {
        "product_url": "https://www.heinemann.com.au/en/sydt1/the-glenlivet/the-glenlivet-groundbreaker-collection-40vol-0-7l/p/000000000001667932/",
        "brand_name": "The Glenlivet",
        "brand_url": "https://www.heinemann.com.au/en/sydt1/the-glenlivet/c/BRAND_0970/",
        "product_name": "The Glenlivet Groundbreaker Collection 40% 0.7L",
        "quantity": "0.7\u00a0l",
        "price": "$125.10",
        "price_per_quantity": "($178.71 / 1 l)",
        "stock_availability": "In stock",
        "description": "The Glenlivet Groundbreaker Collection is a limited edition series celebrating travel and original perspectives. This first chapter titled 'The Journey Inwards' reflects on how travel shapes who we become in collaboration with renowned artist Hong Yi. Inspired by her artistic style, the whisky is matured in European and American oak casks before a portion is finished in extra-charred American Oak and European Red wine casks, bringing notes of creamy toffee and fresh vanilla pod.",
        "primary_image": "https://www.heinemann.com.au/medias/527Wx527H-null?context=bWFzdGVyfGltYWdlc3w1NjM0NHxpbWFnZS9qcGVnfGFEazFMMmc1TXk4eE1UYzFPRGN4TnpneU9URTFNQzgxTWpkWGVEVXlOMGhmYm5Wc2JBfDllMzdmYjQ4ZTc1OTVjNDYzZDI3Y2JiY2M3ZmI4YThiMTJkMzU2OWExZmQzMjBhMzkzMzU4YWIwOTYxODJhNjU&v=1739395648890",
        "images": []
    },
    {
        "product_url": "https://www.heinemann.com.au/en/sydt1/bunnahabhain/bunnahabhain-an-cladach-islay-single-malt-scotch-whisky-50vol-1l-gift-pack/p/000000000001303638/",
        "brand_name": "Bunnahabhain",
        "brand_url": "https://www.heinemann.com.au/en/sydt1/bunnahabhain/c/BRAND_3307/",
        "product_name": "Bunnahabhain An Cladach Islay Single Malt Scotch Whisky 50% 1L gift pack",
        "quantity": "1\u00a0l",
        "price": "$113.40",
        "price_per_quantity": "($113.40 / 1 l)",
        "stock_availability": "In stock",
        "description": "This World Traveller Exclusive has been specially bottled to celebrate the adventurous spirit in all of us. Crafted in a remote distillery, discovered by intrepid explorers, Bunnahabhain An Cladach is as exquisitely layered and complex as its predecessors. Our forebears were rewarded with Bunnahabhain \u2013 the perfect shore to distil and mature this complex Islay Malt. And because all our whiskies are un-chillfiltered, you can experience An Cladach (The Shore) in its true and natural form, sea salt and all - unpeated.",
        "primary_image": "https://www.heinemann.com.au/medias/527Wx527H-null?context=bWFzdGVyfGltYWdlc3w2MTQ5MHxpbWFnZS9qcGVnfGFESXhMMmd5WWk4NU56VXhORFU0TnpReU16QXlMelV5TjFkNE5USTNTRjl1ZFd4c3xmZWEzNzQ0YjhkZjZlYmQ3NGJkNTE0MjhjYTEwMWYwZTJjNmY5YWY4MzhiMTU2NDRkYzMzMGFkZGQ2N2UzZTky&v=1680314133710",
        "images": [
            "https://www.heinemann.com.au/medias/527Wx527H-null?context=bWFzdGVyfGltYWdlc3w2MTQ5MHxpbWFnZS9qcGVnfGFESXhMMmd5WWk4NU56VXhORFU0TnpReU16QXlMelV5TjFkNE5USTNTRjl1ZFd4c3xmZWEzNzQ0YjhkZjZlYmQ3NGJkNTE0MjhjYTEwMWYwZTJjNmY5YWY4MzhiMTU2NDRkYzMzMGFkZGQ2N2UzZTky&v=1680314133710",
            "https://www.heinemann.com.au/medias/527Wx527H-null?context=bWFzdGVyfGltYWdlc3w0MzAxM3xpbWFnZS9qcGVnfGFEWTBMMmhpTnk4NU56VXhORFl3TXpRM09UTTBMelV5TjFkNE5USTNTRjl1ZFd4c3wzMTI1ZjBjNjkyNjBmMTUxNGExZGZlNzhlMzkwNTkwODkxN2YzN2E1NjIyNTI2M2Q1M2ZmMTBiZDE5ZjJjM2Rh&v=1680314160847"
        ]
    },
    {
        "product_url": "https://www.heinemann.com.au/en/sydt1/martell/martell-cordon-bleu-cny25-40vol-1l-gp/p/000000000001667931/",
        "brand_name": "Martell",
        "brand_url": "https://www.heinemann.com.au/en/sydt1/martell/c/BRAND_0165/",
        "product_name": "Martell Cordon Bleu CNY25 40% 1L GP",
        "quantity": "1\u00a0l",
        "price": "$325.55",
        "price_per_quantity": "($325.55 / 1 l)",
        "stock_availability": "Low stock",
        "description": "The legendary cognac Martell Cordon Bleu is reimagined by Wu Jian\u2019an to celebrate Chinese New Year 2025. Both the bottle and gift box are decorated with layered motifs associated with the cognac making process together with symbols of the Chinese New Year in a joyful, colourful harmony \u2013 a celebration of the perfect moment represented by Maison Martell\u2019s iconic cognac.",
        "primary_image": "https://www.heinemann.com.au/medias/527Wx527H-null?context=bWFzdGVyfGltYWdlc3wxMTAxNDd8aW1hZ2UvanBlZ3xhRFV5TDJnME15OHhNVGM0TlRnd05qYzNORE13TWk4MU1qZFhlRFV5TjBoZmJuVnNiQXwzNDI3NDllZWYyOWYxY2E4M2JmNDA4ZTczNGI2ZmNhMDliM2VmY2I5MzA5YTM1ZjgwMGIzNzQ2Mzg2MWIzM2Ez&v=1739913278415",
        "images": []
    },
    {
        "product_url": "https://www.heinemann-shop.com/en/global/al-rifai/rifai-sweet-sour-mix-of-raisins-raw-peanuts-nuts/p/000000000001626580/",
        "brand_name": "Al Rifai",
        "brand_url": "https://www.heinemann-shop.com/en/global/al-rifai/c/BRAND_3164/",
        "product_name": "Rifai Sweet & Sour Mix of raisins, raw peanuts & nuts",
        "quantity": "0.17\u00a0kg",
        "price": "\u20ac9.90",
        "price_per_quantity": "(\u20ac58.24 / 1 kg)",
        "stock_availability": "",
        "description": "A delicious mix of dark and golden raisins, almonds, cashews, and peanuts. A snack to carry on for work or during break time.",
        "primary_image": "https://www.heinemann-shop.com/medias/527Wx527H-null?context=bWFzdGVyfGltYWdlc3w1NTk5MXxpbWFnZS9qcGVnfGFHVXlMMmczTUM4eE1UTTVOVFk1TWpFNU9UazJOaTgxTWpkWGVEVXlOMGhmYm5Wc2JBfDE1ZTVkMWZkYTY0YTVmNWM2ZmJkZTk0Yzk2ODhjNGQxYmI0NjJkNDRkOTQwMDMzZWMwOTQ4YWUxMjZkZjE5Nzc&v=1731361671596",
        "images": []
    },
    {
        "product_url": "https://www.heinemann.com.au/en/sydt1/dalmore/the-dalmore-king-alexander-iii-single-malt-scotch-whisky-travel-retail-exclusive-edition-42-8vol-0-7l-gift-pack/p/000000000001575908/",
        "brand_name": "Dalmore",
        "brand_url": "https://www.heinemann.com.au/en/sydt1/dalmore/c/BRAND_4658/",
        "product_name": "The Dalmore King Alexander III Single Malt Scotch Whisky Travel Retail Exclusive Edition 42.8% 0.7L gift pack",
        "quantity": "0.7\u00a0l",
        "price": "$549.00",
        "price_per_quantity": "($784.29 / 1 l)",
        "stock_availability": "Low stock",
        "description": "As a brand founded on the unparalleled honour of a gift bestowed by a king, The Dalmore is a whisky unlike any other. The King Alexander III edition, the one and only six cask single malt in the world, is an exceptional whisky crafted of six noble casks and inspired by a true legacy of\u00a0honour.\u00a0A gift, fit for a king, given to celebrate life's greatest moments.",
        "primary_image": "https://www.heinemann.com.au/medias/527Wx527H-null?context=bWFzdGVyfGltYWdlc3wyNjg2NnxpbWFnZS9qcGVnfGFHUXhMMmhpWWk4eE1UZ3lOVFE0TlRNeE5qRXlOaTgxTWpkWGVEVXlOMGhmYm5Wc2JBfGM5Yjg5YjI2MTRjYWY3MGRkNzI1MjQ2ZDcxZGM4Y2FkZDZhY2VlY2FiODBlNWYxODE0Nzg2YWFlYThkNTNjMDk&v=1740691913092",
        "images": []
    },
    {
        "product_url": "https://www.heinemann.com.au/en/sydt1/royal-salute/royal-salute-25y-treasured-blend-blended-scotch-whisky-0-7l-40vol-gift-pack/p/000000000001413768/",
        "brand_name": "Royal Salute",
        "brand_url": "https://www.heinemann.com.au/en/sydt1/royal-salute/c/BRAND_6184/",
        "product_name": "Royal Salute 25y Treasured Blend - Blended Scotch Whisky 0.7L 40% gift pack",
        "quantity": "0.7\u00a0l",
        "price": "$423.30",
        "price_per_quantity": "($604.71 / 1 l)",
        "stock_availability": "In stock",
        "description": "A showcase of treasured whiskies patiently matured for a quarter of a century. Aged for a minimum of 25 years. Housed in beautiful crafted porcelain flagon enhanced with sophisticated gold detailing and adorned with jewelled stopper, Just as the Crown Jewels are carefully watched over at the Tower of London, so too are Royal Salute\u2019s rare collection of precious casks, which are kept under lock at our Speyside Vaults.",
        "primary_image": "https://www.heinemann.com.au/medias/527Wx527H-null?context=bWFzdGVyfGltYWdlc3w2ODQ1NXxpbWFnZS9qcGVnfGFHWmlMMmcyTUM4eE1USTROVGcxTlRnNU5UVTRNaTgxTWpkWGVEVXlOMGhmYm5Wc2JBfDUwYTY1YWE3YWMxNzMxNTA0YzQwZDJmMjhiOTExM2RlODgyMGMzMmJiZDBjNWVmOTFjMDYzYWEzYjhmYTdkZjU&v=1729319590964",
        "images": [
            "https://www.heinemann.com.au/medias/527Wx527H-null?context=bWFzdGVyfGltYWdlc3w2ODQ1NXxpbWFnZS9qcGVnfGFHWmlMMmcyTUM4eE1USTROVGcxTlRnNU5UVTRNaTgxTWpkWGVEVXlOMGhmYm5Wc2JBfDUwYTY1YWE3YWMxNzMxNTA0YzQwZDJmMjhiOTExM2RlODgyMGMzMmJiZDBjNWVmOTFjMDYzYWEzYjhmYTdkZjU&v=1729319590964",
            "https://www.heinemann.com.au/medias/1413768-2-527Wx527H?context=bWFzdGVyfGltYWdlc3w2ODQ1NXxpbWFnZS9qcGVnfGFHWmxMMmhsWlM4NU5qRXpPVEUzTnpFMk5URXdMekUwTVRNM05qaGZNbDgxTWpkWGVEVXlOMGd8ZTIzMWFmYWU5ZGM3MWMyNjcyNjJjZWRhYjllOTZjMjg5ODVkOGI5ZWU5ZjVjMmRlZjJkMjJhNzM3YmFjYzNlNg&v=1629820258818"
        ]
    },
    {
        "product_url": "https://www.heinemann.com.au/en/sydt1/bushmills/bushmills-15y-single-malt-irish-whiskey-46vol-0-7l/p/000000000001597934/",
        "brand_name": "Bushmills",
        "brand_url": "https://www.heinemann.com.au/en/sydt1/bushmills/c/BRAND_0215/",
        "product_name": "Bushmills 15Y Single Malt Irish Whiskey 46% 0.7L",
        "quantity": "0.7\u00a0l",
        "price": "$149.00",
        "price_per_quantity": "($212.86 / 1 l)",
        "stock_availability": "In stock",
        "description": "This intriguing whiskey is a marriage of 15YO Ex Bourbon 1st fill and 15YO Ex Bourbon 2nd fill American oak casks.",
        "primary_image": "https://www.heinemann.com.au/medias/527Wx527H-null?context=bWFzdGVyfGltYWdlc3w0Mjc3OXxpbWFnZS9qcGVnfGFHVTJMMmhtWkM4eE1USTVPRFExTXpVMU16RTRNaTgxTWpkWGVEVXlOMGhmYm5Wc2JBfGQwODJiZjNjMjY5MDJiYzE2ZTdhNDJiOWI4MjZmMWY1NjkwMWM2ZjRkOWZhNTQ5MzNmODRiNDBkNWJkZmQ5NDA&v=1729548422637",
        "images": []
    },
    {
        "product_url": "https://www.heinemann.com.au/en/sydt1/glenfiddich/glenfiddich-perpetual-collection-vat01-twin-pack-40vol-2x1l/p/000000000001536604/",
        "brand_name": "Glenfiddich",
        "brand_url": "https://www.heinemann.com.au/en/sydt1/glenfiddich/c/BRAND_4285/",
        "product_name": "Glenfiddich Perpetual Collection VAT01 Twin Pack 40% 2x1L",
        "quantity": "2\u00a0l",
        "price": "$195.00",
        "price_per_quantity": "($97.50 / 1 l)",
        "stock_availability": "In stock",
        "description": "A range of whiskies that are always in motion, within vats that have never been emptied. Each successive fill is like a new generation, always augmenting and enriching. Each vat represents a line from the past into the future - ever increasing in character, dimension and complexity. We use four different Solera Vats, all housed in Warehouse 8, to create a collection of distinctly different flavour profiles, so there\u2019s something for every palate. This is The Perpetual Collection. The whisky that never sits still.",
        "primary_image": "https://www.heinemann.com.au/medias/1536604-527Wx527H?context=bWFzdGVyfGltYWdlc3w1NDAyM3xpbWFnZS9qcGVnfGFEVTJMMmcyWkM4NU5qazNNVFUyTnpJMk9ERTBMekUxTXpZMk1EUmZOVEkzVjNnMU1qZEl8OWIzNzM0M2MyNDJhOTg2YWQ5YmFiNDlmNTkyYzYwMjY4ZTliM2RmYTQ0NTFkZjVhYjU5ZmU3MGIwYzcyZWZjYw&v=1658953074409",
        "images": []
    },
    {
        "product_url": "https://www.heinemann.com.au/en/sydt1/makers-mark/makers-mark-46-bourbon-47vol-1l/p/000000000001613096/",
        "brand_name": "Makers Mark",
        "brand_url": "https://www.heinemann.com.au/en/sydt1/makers-mark/c/BRAND_1910/",
        "product_name": "Makers Mark 46 Bourbon 47% 1L",
        "quantity": "1\u00a0l",
        "price": "$88.00",
        "price_per_quantity": "($88.00 / 1 l)",
        "stock_availability": "In stock",
        "description": "Maker's Mark 46\u00ae\u00a0is the recipe of Bill Samuels Jr., son of founders Bill and Margie, and the first new major expression since classic Maker\u2019s\u00ae\u00a0was released in 1958. Maker\u2019s 46\u00ae\u00a0is aged longer with special seared French oak staves. With subtly layered bourbon notes and balanced complexity.",
        "primary_image": "https://www.heinemann.com.au/medias/527Wx527H-null?context=bWFzdGVyfGltYWdlc3w0NjcyNHxpbWFnZS9qcGVnfGFERXhMMmc0TWk4eE1EazFNRFkyTURJeU56RXdNaTgxTWpkWGVEVXlOMGhmYm5Wc2JBfGQ2Y2ZkYjQwNDQ0ODc0ZTQ0YTQ4NWFkZmVkNTg1ZmIzYTk4MmYzN2M3NGQxYzQ5MGFmNmQ4OGI3YWQ3OGE4ZWY&v=1722631761927",
        "images": []
    },
    {
        "product_url": "https://www.heinemann.com.au/en/sydt1/ardbeg/ardbeg-smoketrails-cote-rotie-edition-46vol-1l/p/000000000001616397/",
        "brand_name": "Ardbeg",
        "brand_url": "https://www.heinemann.com.au/en/sydt1/ardbeg/c/BRAND_0195/",
        "product_name": "Ardbeg Smoketrails C\u00f4te Rotie Edition 46% 1L",
        "quantity": "1\u00a0l",
        "price": "$144.00",
        "price_per_quantity": "($144.00 / 1 l)",
        "stock_availability": "In stock",
        "description": "Exploring the influence of different hand-selected casks, Ardbeg Smoketrails is an opportunity for global travellers to take their palate on a trip every time a new release comes around. Introducing the Ardbeg Smoketrails C\u00f4te R\u00f4tie Edition",
        "primary_image": "https://www.heinemann.com.au/medias/527Wx527H-null?context=bWFzdGVyfGltYWdlc3wzNzg4NXxpbWFnZS9qcGVnfGFEWTNMMmd4WkM4eE1ESTVPVGMyTlRFNU5EYzRNaTgxTWpkWGVEVXlOMGhmYm5Wc2JBfDhhZmQ1OTMzNzlkMjU0M2QzZDdmZWNiNWIyOWUwNGM3ZTI5NTlkMGJhNWZkYzJjZTkwMjFjM2Y4MjdkODUyMzc&v=1707255250180",
        "images": []
    },
    {
        "product_url": "https://www.heinemann.com.au/en/sydt1/dalmore/the-dalmore-the-trio-highland-single-malt-scotch-whisky-40vol-1l-gift-pack/p/000000000001445476/",
        "brand_name": "Dalmore",
        "brand_url": "https://www.heinemann.com.au/en/sydt1/dalmore/c/BRAND_4658/",
        "product_name": "The Dalmore The Trio Highland Single Malt Scotch Whisky 40% 1L gift pack",
        "quantity": "1\u00a0l",
        "price": "$160.00",
        "price_per_quantity": "($160.00 / 1 l)",
        "stock_availability": "In stock",
        "description": "\"",
        "primary_image": "https://www.heinemann.com.au/medias/527Wx527H-null?context=bWFzdGVyfGltYWdlc3w2NDg1NnxpbWFnZS9qcGVnfGFEWm1MMmcyT1M4eE1UZ3lOVFE0TnpVME5ETTFNQzgxTWpkWGVEVXlOMGhmYm5Wc2JBfGM2N2UyMzhkNTExOTJkNDBhYTllMzY3MjlkOWJkMTk3YjAyNzMyNDYzZjRlN2RmYWNmMjZlNjEzYzVhMzcwODg&v=1740692112457",
        "images": []
    },
    {
        "product_url": "https://www.heinemann.com.au/en/sydt1/balvenie/balvenie-18y-sherry-cask-speyside-single-malt-scotch-whisky-48-7vol-0-7l-gift-pack/p/000000000001511798/",
        "brand_name": "Balvenie",
        "brand_url": "https://www.heinemann.com.au/en/sydt1/balvenie/c/BRAND_4286/",
        "product_name": "Balvenie 18y Sherry Cask Speyside Single Malt Scotch Whisky 48.7% 0.7L gift pack",
        "quantity": "0.7\u00a0l",
        "price": "$369.00",
        "price_per_quantity": "($527.14 / 1 l)",
        "stock_availability": "In stock",
        "description": "The Balvenie Pedro Xim\u00e9nez Cask 18YO is a single malt finished in casks previously held Pedro Xim\u00e9nez sherry.",
        "primary_image": "https://www.heinemann.com.au/medias/527Wx527H-null?context=bWFzdGVyfGltYWdlc3w1NzM2MHxpbWFnZS9qcGVnfGFEUmtMMmhtTkM4eE1ESTJNVFV6TVRnNE5UVTVPQzgxTWpkWGVEVXlOMGhmYm5Wc2JBfDc3ZDlhNTFmY2Y5Njk5Y2Y1MjRjNjQwNzNiNmQwYmExM2I5MDk4MTFmNTBhNzE5NTliNjU2M2IzMDNhMzFmOGE&v=1706306321156",
        "images": []
    },
    {
        "product_url": "https://www.heinemann.com.au/en/sydt1/royal-salute/royal-salute-21y-peated-blend-blended-scotch-whisky-40vol-0-7l-gift-pack/p/000000000001384960/",
        "brand_name": "Royal Salute",
        "brand_url": "https://www.heinemann.com.au/en/sydt1/royal-salute/c/BRAND_6184/",
        "product_name": "Royal Salute 21y Peated Blend - Blended Scotch Whisky 40% 0.7L gift pack",
        "quantity": "0.7\u00a0l",
        "price": "$258.40",
        "price_per_quantity": "($369.14 / 1 l)",
        "stock_availability": "Low stock",
        "description": "Royal Salute 21 YO Lost Blend is the new addition to Royal Salute family. It has been crafted with precious and scarce whiskies. Some of them from \u2018lost distilleries\u2019 that are no longer in production for a bold and rare blend.Royal Salute's Master Blender Sandy Hyslop hand-selected only the most compelling liquids to create this rare expression. It is a perfectly balanced and peated blend with rich fruits and hints of spice. It is a unique whisky that you can only find in airports, as it is traveller exclusive.",
        "primary_image": "https://www.heinemann.com.au/medias/527Wx527H-null?context=bWFzdGVyfGltYWdlc3w2ODQ0MXxpbWFnZS9qcGVnfGFESXpMMmcyT0M4eE1USTROVGcxTlRZMk5qSXdOaTgxTWpkWGVEVXlOMGhmYm5Wc2JBfDk0NGZkNzlmMWJjYjhkODQ1ZjgxZDdhZDNhMmE0NGE1MzIyOTMwNzk5OWU5NDBmMThjOWQ4NDQ0YTU3YWE5MzU&v=1729319568234",
        "images": [
            "https://www.heinemann.com.au/medias/527Wx527H-null?context=bWFzdGVyfGltYWdlc3w2ODQ0MXxpbWFnZS9qcGVnfGFESXpMMmcyT0M4eE1USTROVGcxTlRZMk5qSXdOaTgxTWpkWGVEVXlOMGhmYm5Wc2JBfDk0NGZkNzlmMWJjYjhkODQ1ZjgxZDdhZDNhMmE0NGE1MzIyOTMwNzk5OWU5NDBmMThjOWQ4NDQ0YTU3YWE5MzU&v=1729319568234",
            "https://www.heinemann.com.au/medias/1384960-2-527Wx527H?context=bWFzdGVyfGltYWdlc3w2ODQ0MXxpbWFnZS9qcGVnfGFHTXdMMmd3WXk4NU5qUTBPRE13T0RFNE16TTBMekV6T0RRNU5qQmZNbDgxTWpkWGVEVXlOMGd8N2VjNGFlNzAyNDAwNjQ3MWJhZjU2NTM4NjdkYzBmNTZlNTEzMDg3YjY0OWRhZDNmZjcwOTBkNjUzYzJmOWYyNA&v=1638393361723"
        ]
    },
    {
        "product_url": "https://www.heinemann.com.au/en/sydt1/chivas/chivas-regal-13y-extra-irish-cask-blended-scotch-whisky-traveler-exclusive-40vol-1l-gift-pack/p/000000000001569590/",
        "brand_name": "Chivas",
        "brand_url": "https://www.heinemann.com.au/en/sydt1/chivas/c/BRAND_0190/",
        "product_name": "Chivas Regal 13y Extra Irish Cask Blended Scotch Whisky Traveler Exclusive 40% 1L gift pack",
        "quantity": "1\u00a0l",
        "price": "$79.00",
        "price_per_quantity": "($79.00 / 1 l)",
        "stock_availability": "In stock",
        "description": "Explore a world of Extra Flavour with Chivas Extra 13 Irish Cask. Our notoriously smooth blended scotch has been selectively finished in Irish Whiskey Casks, bringing two worlds of whisk(e)y together for extra balance and smoothness. \u00a0The Chivas 13 Extra Irish Cask edition is inspired by Chivas brothers\u2019 13 King Street Emporium in Aberdeen, where they imported different spirits, exotic spices, and luxury food items from across the globe. Imparting its own unique combination of character.",
        "primary_image": "https://www.heinemann.com.au/medias/527Wx527H-null?context=bWFzdGVyfGltYWdlc3w5OTkzMnxpbWFnZS9qcGVnfGFERXlMMmhrWlM4eE1USTROakkzTWpFME56UTROaTgxTWpkWGVEVXlOMGhmYm5Wc2JBfGJlYWFmOWFjMmIzMTIyNjI2NzkyYmE4YWEwYTJhNGM2MDZmYmY1NzY4Y2M0YWU1NjIyZTM4NGE4MTE0MDliNWY&v=1729322853720",
        "images": []
    },
    {
        "product_url": "https://www.heinemann.com.au/en/sydt1/sailor-jerry/sailor-jerry-twinpack-40vol-2x1l/p/000000000001512771/",
        "brand_name": "Sailor Jerry",
        "brand_url": "https://www.heinemann.com.au/en/sydt1/sailor-jerry/c/BRAND_5743/",
        "product_name": "Sailor Jerry Twinpack 40% 2x1L",
        "quantity": "2\u00a0l",
        "price": "$90.00",
        "price_per_quantity": "($45.00 / 1 l)",
        "stock_availability": "In stock",
        "description": "In a world where brands create stories and change their image to match trends, Sailor Jerry exists to uphold the legacy of an American icon. Our mission is to bring the unique art and timeless values of Norman \u2018Sailor Jerry\u2019 Collins to a new generation of fans. Launched in 1999 to preserve & celebrate the legacy of Sailor Jerry, the Caribbean spiced rum is old school & steeped in real history.",
        "primary_image": "https://www.heinemann.com.au/medias/1512771-527Wx527H?context=bWFzdGVyfGltYWdlc3w2ODk0MnxpbWFnZS9qcGVnfGFEVTFMMmd5WWk4NU5qY3dNVFEwTVRNeE1UQXlMekUxTVRJM056RmZOVEkzVjNnMU1qZEl8YmM2YzlkMWI3OGJmZTM2ZTI1YWYwNWMwYTc2NmU4N2MwYmEwMmQ1NTEyZjhjZDZkMGZlM2I5NDBkYmUwNGQ2NQ&v=1649190635104",
        "images": []
    },
    {
        "product_url": "https://www.heinemann.com.au/en/sydt1/graham-s/graham-s-first-flight-2003-port-20vol-0-75l-gift-pack/p/000000000001307851/",
        "brand_name": "Graham's",
        "brand_url": "https://www.heinemann.com.au/en/sydt1/graham-s/c/BRAND_2134/",
        "product_name": "Graham's First Flight 2003 Port 20% 0.75L gift pack",
        "quantity": "0.75\u00a0l",
        "price": "$96.00",
        "price_per_quantity": "($128.00 / 1 l)",
        "stock_availability": "Low stock",
        "description": "Produced a centenary after man\u2019s first controlled flight in a heavier-than-air aircraft, this unique Port has been bottled to celebrate one of the greatest milestones in history. Made in an excellent year that resulted in a classic Vintage Port declaration, the harvest also produced other very high quality wines, the finest of which were selected for ageing in wood. The Graham\u2019s 2003 Colheita is at a beautiful stage in its development, combining opulence, grace and complexity.",
        "primary_image": "https://www.heinemann.com.au/medias/527Wx527H-null?context=bWFzdGVyfGltYWdlc3w2NTEyMnxpbWFnZS9qcGVnfGFEa3lMMmd6TXk4eE1UYzRNalV6TXpNeE5qWXpPQzgxTWpkWGVEVXlOMGhmYm5Wc2JBfDU2MDViN2JlMTBkM2NmNzM0NmIwMDNlZDA0MTE5MmI3OGRlYzBhZTBkMjczNGQ4M2I3ZGVmNmYwZmZlMzllYjQ&v=1739829207095",
        "images": []
    },
    {
        "product_url": "https://www.heinemann.com.au/en/sydt1/jaegermeister/jaegermeister-syd-edition-liqueur-35vol-1l/p/000000000001141153/",
        "brand_name": "J\u00e4germeister",
        "brand_url": "https://www.heinemann.com.au/en/sydt1/jaegermeister/c/BRAND_0360/",
        "product_name": "J\u00e4germeister SYD Edition Liqueur 35% 1L",
        "quantity": "1\u00a0l",
        "price": "$48.00",
        "price_per_quantity": "($48.00 / 1 l)",
        "stock_availability": "In stock",
        "description": "J\u00e4germeister is the most successful liqueur brand world-wide and ranks on seventh place in the leading Impact International ranking of the international premium spirits. It started with the foundation of the family-owned company in Wolfenb\u00fcttel in 1878. 1934 Curt Mast created the secret recipe for J\u00e4germeister, which has remained unchanged since then. 56 different herbs, blossoms, roots and fruits go to make up the inimitable and complex taste experience. Only careful selected ingredients are used for the production.",
        "primary_image": "https://www.heinemann.com.au/medias/527Wx527H-null?context=bWFzdGVyfGltYWdlc3w1MzY2OHxpbWFnZS9qcGVnfGFHTTBMMmhoWVM4NU56WXdOemMyTlRnMU1qUTJMelV5TjFkNE5USTNTRjl1ZFd4c3xhNTcyODljMWJjMGMwM2JkODE5NzQyYWY3NmFlMjEyM2Y5Mzg0MzlhZGIyMDVmYjAyYmE1YTM5MThhMmVlZWQw&v=1683082233059",
        "images": []
    },
    {
        "product_url": "https://www.heinemann.com.au/en/sydt1/dalmore/the-dalmore-the-quartet-highland-single-malt-scotch-whisky-41-5vol-1l-gift-pack/p/000000000001445477/",
        "brand_name": "Dalmore",
        "brand_url": "https://www.heinemann.com.au/en/sydt1/dalmore/c/BRAND_4658/",
        "product_name": "The Dalmore The Quartet Highland Single Malt Scotch Whisky 41.5% 1L gift pack",
        "quantity": "1\u00a0l",
        "price": "$190.00",
        "price_per_quantity": "($190.00 / 1 l)",
        "stock_availability": "In stock",
        "description": "A rare and exceptionally well-made single malt finished in four special casks. After the initial maturation in American white oak ex-bourbon casks the whisky is apportioned between first fill ex-bourbon casks, Apostoles and 30 year old Matusalem sherry casks and Cabernet Sauvignon wine barriques. The four parts are then brought back together to harmonise.",
        "primary_image": "https://www.heinemann.com.au/medias/527Wx527H-null?context=bWFzdGVyfGltYWdlc3w2NDAzMnxpbWFnZS9qcGVnfGFEUTNMMmcyTWk4eE1UZ3lOVFE0TnpjM016Y3lOaTgxTWpkWGVEVXlOMGhmYm5Wc2JBfDRjYzkyMjMwYjU5ZTZhYzYzOTIxMzc3N2I5OTAwYjI0MmRkZTQ5Y2VmMDNjYWU2YWE5YWRhNjhlMWUwN2ZmMjc&v=1740692153725",
        "images": [
            "https://www.heinemann.com.au/medias/527Wx527H-null?context=bWFzdGVyfGltYWdlc3w2NDAzMnxpbWFnZS9qcGVnfGFEUTNMMmcyTWk4eE1UZ3lOVFE0TnpjM016Y3lOaTgxTWpkWGVEVXlOMGhmYm5Wc2JBfDRjYzkyMjMwYjU5ZTZhYzYzOTIxMzc3N2I5OTAwYjI0MmRkZTQ5Y2VmMDNjYWU2YWE5YWRhNjhlMWUwN2ZmMjc&v=1740692153725",
            "https://www.heinemann.com.au/medias/527Wx527H-null?context=bWFzdGVyfGltYWdlc3w0NTI2OHxpbWFnZS9qcGVnfGFEVmhMMmc0WWk4eE1UZ3lOVFE1TURFNU9EVTFPQzgxTWpkWGVEVXlOMGhmYm5Wc2JBfDhiMmU4OTkwNjA3OTQyYmYwYzg1YTQ2Yjk1Y2VhYTFiZGNlZGEyMjFhOTRiMmIzNDQyOTNjZDI0YmM3YjdmY2Y&v=1740692377579",
            "https://www.heinemann.com.au/medias/527Wx527H-null?context=bWFzdGVyfGltYWdlc3w1OTk0NnxpbWFnZS9qcGVnfGFHVXpMMmc0TVM4eE1UZ3lOVFE1TURReU56a3pOQzgxTWpkWGVEVXlOMGhmYm5Wc2JBfDFlZDQ0YWZiYTU1NDYyNmVhZmJhMThlM2FkMGNmNjBiZmM1MDU5ZGNhOWE3YTgzMGYyM2MzOGNmZGEyMDM1ZWM&v=1740692388353"
        ]
    },
    {
        "product_url": "https://www.heinemann.com.au/en/sydt1/glenmorangie/glenmorangie-the-tribute-16y-highland-single-malt-scotch-whisky-43vol-1l-gift-pack/p/000000000001439147/",
        "brand_name": "Glenmorangie",
        "brand_url": "https://www.heinemann.com.au/en/sydt1/glenmorangie/c/BRAND_0194/",
        "product_name": "Glenmorangie The Tribute 16y Highland Single Malt Scotch Whisky 43% 1L gift pack",
        "quantity": "1\u00a0l",
        "price": "$180.00",
        "price_per_quantity": "($180.00 / 1 l)",
        "stock_availability": "In stock",
        "description": "Glenmorangie\u2019s only lightly peated expression. A tribute to the days-gone by when all Highland whiskies were crafted with peated malted barley. A marriage of whisky distilled from peated and non-peated malted barley, matured in American ex-Bourbon casks. A three-dimensional whisky where Glenmorangie\u2019s famous delicacy is complemented by wood spiciness and subtle hints of smoke.",
        "primary_image": "https://www.heinemann.com.au/medias/527Wx527H-null?context=bWFzdGVyfGltYWdlc3w3OTEyMnxpbWFnZS9qcGVnfGFHWTJMMmhrWlM4NU56WTFNRFk1TURrME9UUXlMelV5TjFkNE5USTNTRjl1ZFd4c3w0YjkzZDc0NTU1OTQ4NDMxNzEyYTlmOTQ0NWY2MjJiMTdlYWI0NjNhZjQ2YzlmYTcwMWUyMTIyODRhYTU4YmQw&v=1684281926740",
        "images": []
    },
    {
        "product_url": "https://www.heinemann.com.au/en/sydt1/jura/jura-the-sound-island-single-malt-scotch-whisky-42-5vol-1l-gift-pack/p/000000000001308198/",
        "brand_name": "Jura",
        "brand_url": "https://www.heinemann.com.au/en/sydt1/jura/c/BRAND_4656/",
        "product_name": "Jura The Sound Island Single Malt Scotch Whisky 42.5% 1L gift pack",
        "quantity": "1\u00a0l",
        "price": "$60.00",
        "price_per_quantity": "($60.00 / 1 l)",
        "stock_availability": "In stock",
        "description": "\"Discover a smooth whisky with unexpected character inspired by the wild seas surrounding Jura and influenced by an enhancement in Pedro Ximenez casks that held 15 years old sherry. An\u00a0inviting\u00a0single malt\u00a0made by a tiny island community.",
        "primary_image": "https://www.heinemann.com.au/medias/527Wx527H-null?context=bWFzdGVyfGltYWdlc3w2NTA4MHxpbWFnZS9qcGVnfGFESTJMMmcyWkM4eE1UZ3lOVFE0T1RZd09EY3pOQzgxTWpkWGVEVXlOMGhmYm5Wc2JBfDIxMjhiYjBiYTZhYTI2ZGM3YTg0NDUzN2EwNmIyZjk3YjA1OGVkMzNhOTZhZDk0NWQzNjM0MWFmOTVmMTE1NGE&v=1740692294740",
        "images": []
    },
    {
        "product_url": "https://www.heinemann.com.au/en/sydt1/jura/jura-the-road-island-single-malt-scotch-whisky-43-6vol-1l-gift-pack/p/000000000001308199/",
        "brand_name": "Jura",
        "brand_url": "https://www.heinemann.com.au/en/sydt1/jura/c/BRAND_4656/",
        "product_name": "Jura The Road Island Single Malt Scotch Whisky 43.6% 1L gift pack",
        "quantity": "1\u00a0l",
        "price": "$76.00",
        "price_per_quantity": "($76.00 / 1 l)",
        "stock_availability": "In stock",
        "description": "\"Explore an array of rich and warm toasted flavours inspired by the winding single road revealing the rugged beauty of Jura. Just 8 miles long, Jura's single track road stretches from the island's ferry port in the West, right up to the Northeast of our island. Winding through lush countryside and tracing the shores, it truly is a beautifully scenic route to our distillery.",
        "primary_image": "https://www.heinemann.com.au/medias/527Wx527H-null?context=bWFzdGVyfGltYWdlc3w2NTU1MXxpbWFnZS9qcGVnfGFEVm1MMmczTnk4eE1UZ3lOVFE0T1Rrd016WTBOaTgxTWpkWGVEVXlOMGhmYm5Wc2JBfDIyMmYzN2U3ODM0YTBiMzcwOTI3NTI2NzRhZTk4YjhlMjY2ZGFlMmUyZWQ1OTcxNzNhYTdmZTY1OGE0MjJlYmE&v=1740692332796",
        "images": []
    },
    {
        "product_url": "https://www.heinemann.com.au/en/sydt1/douglas-laing/douglas-laing-scallywag-speyside-blended-malt-scotch-whisky-48vol-1l-gift-pack/p/000000000001511919/",
        "brand_name": "Douglas Laing",
        "brand_url": "https://www.heinemann.com.au/en/sydt1/douglas-laing/c/BRAND_2324/",
        "product_name": "Douglas Laing Scallywag Speyside Blended Malt Scotch Whisky 48% 1L gift pack",
        "quantity": "1\u00a0l",
        "price": "$99.00",
        "price_per_quantity": "($99.00 / 1 l)",
        "stock_availability": "Low stock",
        "description": "A marriage of Speyside Single Malts, bottled at 48% ABV with no chill filtration and no colouring.",
        "primary_image": "https://www.heinemann.com.au/medias/1511919-527Wx527H?context=bWFzdGVyfGltYWdlc3w3NjIyNXxpbWFnZS9qcGVnfGFEVTRMMmc0Tnk4NU5qYzJOekE1TnpVMk9UVTRMekUxTVRFNU1UbGZOVEkzVjNnMU1qZEl8NGNkYWYwODE1ZjU4NzBiNGYxMjczZTMzOTNkMmUzNmI5NDIwYTgxMDc2OTM5ODRkNDExNTc3MmZhMmU1MmM4YQ&v=1650895519655",
        "images": []
    },
    {
        "product_url": "https://www.heinemann.com.au/en/sydt1/glenfiddich/glenfiddich-perpetual-collection-vat-4-18y-single-malt-scotch-whisky-47-8vol-0-7l-geschenkverpackung/p/000000000001523967/",
        "brand_name": "Glenfiddich",
        "brand_url": "https://www.heinemann.com.au/en/sydt1/glenfiddich/c/BRAND_4285/",
        "product_name": "Glenfiddich Perpetual Collection Vat 4 18y Single Malt Scotch Whisky 47.8% 0.7L Geschenkverpackung",
        "quantity": "0.7\u00a0l",
        "price": "$215.00",
        "price_per_quantity": "($307.14 / 1 l)",
        "stock_availability": "Low stock",
        "description": "Warming and refined, VAT 04 is a whisky for the ages in constant motion. Patiently aged in Oloroso sherry and bourbon casks for 18 years, our most distinguished Solera whisky is married and continuously transformed in Solera VAT 4 to deliver a deep, rich aroma of robust oak, ripe orchard fruit and baked apple. A luxuriously fruity and exceptionally rewarding Glenfiddich.",
        "primary_image": "https://www.heinemann.com.au/medias/527Wx527H-null?context=bWFzdGVyfGltYWdlc3w2Mjk1MHxpbWFnZS9qcGVnfGFEWXpMMmhtWmk4eE1ESTJNVFV6TmpBeE5ETTJOaTgxTWpkWGVEVXlOMGhmYm5Wc2JBfDY3NTUwNTUxZmY4N2ViMzU2YzgxZDYzYmNmZjY4NDRjNTY0MzY3ZmJmYzRiMzdiZGI2ZWE2MzFkNGIzZTEwYjA&v=1706306553460",
        "images": []
    },
    {
        "product_url": "https://www.heinemann.com.au/en/sydt1/jura/jura-the-paps-19y-island-single-malt-scotch-whisky-45-6vol-0-7l-gift-pack/p/000000000001308361/",
        "brand_name": "Jura",
        "brand_url": "https://www.heinemann.com.au/en/sydt1/jura/c/BRAND_4656/",
        "product_name": "Jura The Paps 19y Island Single Malt Scotch Whisky 45.6% 0.7L gift pack",
        "quantity": "0.7\u00a0l",
        "price": "$210.00",
        "price_per_quantity": "($300.00 / 1 l)",
        "stock_availability": "In stock",
        "description": "\"Unlock the rare complexity of flavours at their peak, inspired by the impressive mountain range, The Paps of Jura. This whisky is influenced by an enhancement in Pedro Xim\u00e9nez casks that held 40 year old sherry.",
        "primary_image": "https://www.heinemann.com.au/medias/527Wx527H-null?context=bWFzdGVyfGltYWdlc3w2OTA5N3xpbWFnZS9qcGVnfGFEQmtMMmczWVM4eE1UZ3lOVFE0TnpBNE5UVTVPQzgxTWpkWGVEVXlOMGhmYm5Wc2JBfDQzMTZmMmMzMTZkNGU2NDc0NTcwZmY4YmRhZjEyYTliMDcwYTQ3YWU0NzJkNWUyMzNkMTEzMWRmOGRhNTk5ZTM&v=1740692048425",
        "images": []
    },
    {
        "product_url": "https://www.heinemann.com.au/en/sydt1/bruichladdich/bruichladdich-classic-laddie-sherry-cask-islay-single-malt-scotch-whisky-50vol-0-7l/p/000000000001640108/",
        "brand_name": "Bruichladdich",
        "brand_url": "https://www.heinemann.com.au/en/sydt1/bruichladdich/c/BRAND_0291/",
        "product_name": "Bruichladdich Classic Laddie Sherry Cask Islay Single Malt Scotch Whisky 50% 0.7L",
        "quantity": "0.7\u00a0l",
        "price": "$115.00",
        "price_per_quantity": "($164.29 / 1 l)",
        "stock_availability": "Low stock",
        "description": "Our signature bottling and the definitive Bruichladdich single malt further matured in casks from the famous Jerez bodega, Fernando de Castilla. This additional maturation adds to the complexity of the liquid with notes of dried fruits and almond. This exclusive take on the renowned Classic Laddie will only be available in the GTR channel and distillery home, a product that will be accessible for those new to the brand or continuing to explore the Bruichladdich range.",
        "primary_image": "https://www.heinemann.com.au/medias/527Wx527H-null?context=bWFzdGVyfGltYWdlc3w0MTMyOXxpbWFnZS9qcGVnfGFHTm1MMmczWVM4eE1UVXpNVGsyT0RVM056VTJOaTgxTWpkWGVEVXlOMGhmYm5Wc2JBfDgwNzg5YWI0MmRlY2JkMjQxOWY4MzQ4NTk1YTcwYTk5ODYxOTNlNDZmYmI3NDE3ZWIzZTc3MDllYjI0YjUyMDU&v=1734644718661",
        "images": []
    },
    {
        "product_url": "https://www.heinemann.com.au/en/sydt1/botanist/the-botanist-islay-gin-magnum-46vol-1-5l/p/000000000001300196/",
        "brand_name": "Botanist",
        "brand_url": "https://www.heinemann.com.au/en/sydt1/botanist/c/BRAND_0964/",
        "product_name": "The Botanist Islay Gin Magnum 46% 1.5L",
        "quantity": "1.5\u00a0l",
        "price": "$125.00",
        "price_per_quantity": "($83.33 / 1 l)",
        "stock_availability": "In stock",
        "description": "The one and only Islay gin distilled on the world's last remaining lomond pot-still. A small batch gin that has 'simmer' distillation that is three times longer, an unprecedented total of 31 botanicals (featuring 22 native to the island), it has a genuine Islay provenance and traceability, being bottled at Bruichladdich with Islay spring water.",
        "primary_image": "https://www.heinemann.com.au/medias/527Wx527H-null?context=bWFzdGVyfGltYWdlc3w0ODMzMXxpbWFnZS9qcGVnfGFHUm1MMmc1Wmk4NU56SXpOekl5TURBMk5UVTRMelV5TjFkNE5USTNTRjl1ZFd4c3wwNjcyOGVlNjA3NzAwYmQyZDM2NGMxNDIwZDg3MmI3NGNiZDZkNTNmYmU4MjU2YzkxZTBlOGVlZjVlZWFmMjZi&v=1670968538445",
        "images": []
    },
    {
        "product_url": "https://www.heinemann.com.au/en/sydt1/tanqueray/tanqueray-no-ten-gin-grapefruit-rosemary-45-3vol-1l/p/000000000001464234/",
        "brand_name": "Tanqueray",
        "brand_url": "https://www.heinemann.com.au/en/sydt1/tanqueray/c/BRAND_0282/",
        "product_name": "Tanqueray No. Ten Gin Grapefruit & Rosemary 45.3% 1L",
        "quantity": "1\u00a0l",
        "price": "$99.00",
        "price_per_quantity": "($99.00 / 1 l)",
        "stock_availability": "Low stock",
        "description": "Tanqueray No. Ten Citrus Heart Edition harnesses the definitive taste of Tanqueray No. Ten, spotlighting the fresh, sweet and juicy taste of pink and white grapefruit, balanced with notes of juniper before finishing with subtle hints of enchanting, woody rosemary.",
        "primary_image": "https://www.heinemann.com.au/medias/527Wx527H-null?context=bWFzdGVyfGltYWdlc3w0Mzk3MXxpbWFnZS9qcGVnfGFETXlMMmc1WXk4NU56UTFPRGs1T0Rnd05EYzRMelV5TjFkNE5USTNTRjl1ZFd4c3w0YTVhNzI4OWIxOTgyNDdkMDhhZWY2NDE3NjE2NzNhMzc2MzI0N2NjNGUzNWI0NWQ4MzNmZmQyOGM0ZGMxNjM0&v=1678755009808",
        "images": []
    },
    {
        "product_url": "https://www.heinemann.com.au/en/sydt1/johnnie-walker/johnnie-walker-blue-cny-snake-2025-40vol-1l/p/000000000001666144/",
        "brand_name": "",
        "brand_url": "https://www.heinemann.com.au/en/sydt1/johnnie-walker/johnnie-walker-blue-cny-snake-2025-40vol-1l/p/000000000001666144/",
        "product_name": "Johnnie Walker Blue CNY Snake 2025 40% 1L",
        "quantity": "1\u00a0l",
        "price": "$475.00",
        "price_per_quantity": "($475.00 / 1 l)",
        "stock_availability": "In stock",
        "description": "A whisky with rare depth of flavour. When crafting this incredible Scotch our small team of whisky makers select only 1 in 10,000 casks from our unparalleled reserves of ageing whisky, seeking out the most remarkable flavour expressions. Rolling waves of rich spice give way to a deep surge of vanilla sweetness and honey.Caramel and hazelnuts course through dark chocolate before a luxuriously long, smoky finish. James Jean takes inspiration from the expert craft behind the incredible layers of flavour in every drop of Johnnie Walker Blue Label. His artwork of the mythical Snake, interwoven and layered with auspicious elements, echoes the visceral flavour experience of this exceptional Scotch whisky.",
        "primary_image": "https://www.heinemann.com.au/medias/527Wx527H-null?context=bWFzdGVyfGltYWdlc3w5MTIyNHxpbWFnZS9qcGVnfGFEUXdMMmd4TUM4eE1UTXdNekF4TURVek16UXdOaTgxTWpkWGVEVXlOMGhmYm5Wc2JBfDE0Yjk3ZDdkOTNkZDBhNWNjOTgyNDNkM2I2YmRmNjUzNWIxYjI5Zjg4NWEyNGI5ZWQ5NGQxYmNiOTVhNmIzMTg&v=1729631058472",
        "images": []
    },
    {
        "product_url": "https://www.heinemann-shop.com/en/global/m-m/m-m-s-peanut-milk-chocolate-covered-peanuts-in-a-sugar-shell-330g/p/000000000001626134/",
        "brand_name": "M&M",
        "brand_url": "https://www.heinemann-shop.com/en/global/m-m/c/BRAND_2969/",
        "product_name": "M&M's Peanut milk chocolate covered peanuts in a sugar shell 330g",
        "quantity": "0.33\u00a0kg",
        "price": "\u20ac8.50",
        "price_per_quantity": "(\u20ac25,757.58 / 1000 kg)",
        "stock_availability": "In stock, immediately available",
        "description": "These world famous chocolates in a colorful candy shell are instantly recognizable all over the globe. M&M'S Peanut has a deliciouspeanut center surrounded by milk chocolate.",
        "primary_image": "https://www.heinemann-shop.com/medias/527Wx527H-null?context=bWFzdGVyfGltYWdlc3w2OTIxMnxpbWFnZS9qcGVnfGFERTVMMmhoTnk4eE1EWTBNVFV5T1RBM056YzVNQzgxTWpkWGVEVXlOMGhmYm5Wc2JBfDI5NThmZWUyZDQxMTM3YjdhYTY0ZDNkY2JlZjRkZDcyYzg5OGYwOWNhNzVjZTcyOWM3ODE5NjUwZGJhMWVkMTE&v=1715209815971",
        "images": []
    },
    {
        "product_url": "https://www.heinemann.com.au/en/sydt1/balvenie/balvenie-15y-madeira-cask-speyside-single-malt-scotch-whisky-43vol-0-7l-gift-pack/p/000000000001511795/",
        "brand_name": "Balvenie",
        "brand_url": "https://www.heinemann.com.au/en/sydt1/balvenie/c/BRAND_4286/",
        "product_name": "Balvenie 15y Madeira Cask Speyside Single Malt Scotch Whisky 43% 0.7L gift pack",
        "quantity": "0.7\u00a0l",
        "price": "$219.00",
        "price_per_quantity": "($312.86 / 1 l)",
        "stock_availability": "Low stock",
        "description": "The Balvenie Madeira Cask 15YO is a lively and summery single malt finished in casks previously held sweet Madeira wine.",
        "primary_image": "https://www.heinemann.com.au/medias/527Wx527H-null?context=bWFzdGVyfGltYWdlc3w1ODcwM3xpbWFnZS9qcGVnfGFEWTFMMmhtWVM4eE1ESTJNVFV6TVRNMk1UTXhNQzgxTWpkWGVEVXlOMGhmYm5Wc2JBfGYwYzc5M2UyNGMwY2U4MjVjNGZmMmRjN2VmY2Y5YzkzOWMxMGIzZGE1ZDYyNmJkYmRhMWMyN2RkYmVmN2RhZTg&v=1706306292359",
        "images": []
    },
    {
        "product_url": "https://www.heinemann.com.au/en/sydt1/jack-daniel-s/jack-daniel-s-tennessee-travelers-sweet-oaky-whiskey-53-5vol-0-5l/p/000000000001481127/",
        "brand_name": "Jack Daniel's",
        "brand_url": "https://www.heinemann.com.au/en/sydt1/jack-daniel-s/c/BRAND_0218/",
        "product_name": "Jack Daniel's Tennessee Travelers Sweet & Oaky Whiskey 53.5% 0.5L*",
        "quantity": "0.5\u00a0l",
        "price": "$55.00",
        "price_per_quantity": "($110.00 / 1 l)",
        "stock_availability": "Low stock",
        "description": "\"The Tennessee Travelers series honors Jack's desire for him and his whiskey to see the world;",
        "primary_image": "https://www.heinemann.com.au/medias/527Wx527H-null?context=bWFzdGVyfGltYWdlc3w0NjY3NHxpbWFnZS9qcGVnfGFHVmtMMmhpT0M4eE1UQTJNRFk1TnpBd05qRXhNQzgxTWpkWGVEVXlOMGhmYm5Wc2JBfGZlODFlOTNlNzQ2YmQxNjQxZWQ2NDZiYjdmNGY5YjM2ZGE1ZGIxMGViNGZjZjBiZWZjODQ3ZjQwNTE1ZGRkODg&v=1724827867999",
        "images": []
    },
    {
        "product_url": "https://www.heinemann.com.au/en/sydt1/bushmills/bushmills-21y-single-malt-irish-whiskey-46vol-0-7l/p/000000000001597935/",
        "brand_name": "Bushmills",
        "brand_url": "https://www.heinemann.com.au/en/sydt1/bushmills/c/BRAND_0215/",
        "product_name": "Bushmills 21Y Single Malt Irish Whiskey 46% 0.7L",
        "quantity": "0.7\u00a0l",
        "price": "$439.00",
        "price_per_quantity": "($627.14 / 1 l)",
        "stock_availability": "Low stock",
        "description": "Bushmills 21-year-old is a triple distilled and matured for a long and peaceful 18 years in a combination of Bushmills\u2019 signature Bourbon and Oloroso barrels. The whiskey is then married and transferred to decadent 1st fill Marsala fortified wine barrels for a further three years.",
        "primary_image": "https://www.heinemann.com.au/medias/527Wx527H-null?context=bWFzdGVyfGltYWdlc3wzNTkzNnxpbWFnZS9qcGVnfGFEQXhMMmhtTUM4eE1USTVPRFExTXprM09URTJOaTgxTWpkWGVEVXlOMGhmYm5Wc2JBfDU0MTA4MTU5ZjBiNmM3YTdhYTZjMjEyNmRlNDMwMDMzMWQ4NjExNzFiMzIxYTllYzBhMzU4ZTc5ODRlN2VhOWE&v=1729548464969",
        "images": []
    },
    {
        "product_url": "https://www.heinemann.com.au/en/sydt1/ballantine-s/ballantines-23yo-golden-hour/p/000000000001643468/",
        "brand_name": "Ballantine's",
        "brand_url": "https://www.heinemann.com.au/en/sydt1/ballantine-s/c/BRAND_0199/",
        "product_name": "Ballantines 23YO Golden Hour",
        "quantity": "0.7\u00a0l",
        "price": "$365.00",
        "price_per_quantity": "($521.43 / 1 l)",
        "stock_availability": "In stock",
        "description": "New blend aged 23 years and finished in Cognac casks, a first for Ballantine\u2019s prestige range, with packaging Inspired by the beauty and power of travel",
        "primary_image": "https://www.heinemann.com.au/medias/527Wx527H-null?context=bWFzdGVyfGltYWdlc3w4Mjg0MnxpbWFnZS9qcGVnfGFEZ3pMMmcwWXk4eE1UTTNNamMxTWpFME1qTTJOaTgxTWpkWGVEVXlOMGhmYm5Wc2JBfDE4OGMyNDY0NzBiMjY0ZTljMzU1Y2E1NTA1NGY0MTBiZDdhY2IwNjUzN2E1MmY0MWM3ZTAzYTA5YjU5M2RlOTY&v=1730933539983",
        "images": [
            "https://www.heinemann.com.au/medias/527Wx527H-null?context=bWFzdGVyfGltYWdlc3w4Mjg0MnxpbWFnZS9qcGVnfGFEZ3pMMmcwWXk4eE1UTTNNamMxTWpFME1qTTJOaTgxTWpkWGVEVXlOMGhmYm5Wc2JBfDE4OGMyNDY0NzBiMjY0ZTljMzU1Y2E1NTA1NGY0MTBiZDdhY2IwNjUzN2E1MmY0MWM3ZTAzYTA5YjU5M2RlOTY&v=1730933539983",
            "https://www.heinemann.com.au/medias/527Wx527H-null?context=bWFzdGVyfGltYWdlc3wzOTkzOHxpbWFnZS9qcGVnfGFEQTRMMmcyT0M4eE1UTTNNamMxTWprMk1UVTJOaTgxTWpkWGVEVXlOMGhmYm5Wc2JBfDRlZWMyYWNlODYxMWZjZDAzMzRlOWMyMGFhN2Q2MTI5ZDZiODkyYzcyNjQ2ODU2MjFjODJlZDEzZGI0YzE1MjY&v=1730933578926",
            "https://www.heinemann.com.au/medias/527Wx527H-null?context=bWFzdGVyfGltYWdlc3w0NjA3NnxpbWFnZS9qcGVnfGFHUmlMMmhpTmk4eE1UTTNNamMxTXpFNU1EazBNaTgxTWpkWGVEVXlOMGhmYm5Wc2JBfDcxMTBlMmQ5MGM0ZTM1YmUxMjdkM2M5ZGM3MjgzZGMzM2E4NmVmYzVjNWU0YzdlZWY2Y2RlMjRiMWM3YzMxNDA&v=1730933590039"
        ]
    },
    {
        "product_url": "https://www.heinemann.com.au/en/sydt1/the-singleton/the-singleton-deep-forest-riches-travel-exclusive-single-malt-whisky-70cl-44-8vol/p/000000000001643854/",
        "brand_name": "The Singleton",
        "brand_url": "https://www.heinemann.com.au/en/sydt1/the-singleton/c/BRAND_4739/",
        "product_name": "The Singleton Deep Forest Riches Travel Exclusive Single Malt Whisky 70cl 44.8%",
        "quantity": "0.7\u00a0l",
        "price": "$415.00",
        "price_per_quantity": "($592.86 / 1 l)",
        "stock_availability": "Low stock",
        "description": "Inspired by the rich layers of deep forests,\u00a0with\u00a0opulent woody aromas\u00a0and flavourful ripe\u00a0fruits. This whisky has been Quadruple\u00a0Cask Crafted, first matured in European oak\u00a0before finishing in Palo Cortado, Marsala\u00a0Wine, and Pedro Xim\u00e9nez Oloroso\u00a0seasoned casks. The result is a darkly\u00a0delicious Single Malt.",
        "primary_image": "https://www.heinemann.com.au/medias/527Wx527H-null?context=bWFzdGVyfGltYWdlc3w2OTI4M3xpbWFnZS9qcGVnfGFHWTVMMmcyWWk4eE1UTTNNamMxTURreU9UazFNQzgxTWpkWGVEVXlOMGhmYm5Wc2JBfDg4ZjhjYTJiMDBkZDgwYzUzZjEzNGNlMjRkZmY3ODA5MmJlY2YyZmRkZGVmOTgyNzVjOGZjYjNjNTA1YjQ5NGM&v=1730933453803",
        "images": []
    },
    {
        "product_url": "https://www.heinemann.com.au/en/sydt1/glenmorangie/glenmorangie-the-elementa-14y-highland-single-malt-scotch-whisky-43vol-1l-gift-pack/p/000000000001439146/",
        "brand_name": "Glenmorangie",
        "brand_url": "https://www.heinemann.com.au/en/sydt1/glenmorangie/c/BRAND_0194/",
        "product_name": "Glenmorangie The Elementa 14y Highland Single Malt Scotch Whisky 43% 1L gift pack",
        "quantity": "1\u00a0l",
        "price": "$145.00",
        "price_per_quantity": "($145.00 / 1 l)",
        "stock_availability": "In stock",
        "description": "The only Glenmorangie in the range which is entirely finished in new casks. Unusually, these casks are made of new charred American oak (new casks are seldom used for Scotch whisky). This gives extra dimensions of dark chocolate and ginger. First matured in American whiskey casks and finished in new charred oak casks.",
        "primary_image": "https://www.heinemann.com.au/medias/527Wx527H-null?context=bWFzdGVyfGltYWdlc3w1NzkyMXxpbWFnZS9qcGVnfGFHSmhMMmd6TkM4eE1EY3dOVGt6TkRJNE5qZzNPQzgxTWpkWGVEVXlOMGhmYm5Wc2JBfDM5ZjcxMjgxY2FlMTg0ZjhlMzY1YmUxM2RiNDllZDA5MWI0ZjRjOWRjNTM3ZDkxMzNkY2U4NjU1YTMyYWYxYzY&v=1716927331585",
        "images": []
    },
    {
        "product_url": "https://www.heinemann-shop.com/en/global/m-m/m-m-s-salted-caramel-310-g/p/000000000001514105/",
        "brand_name": "M&M",
        "brand_url": "https://www.heinemann-shop.com/en/global/m-m/c/BRAND_2969/",
        "product_name": "M&M'S Salted Caramel 310 g",
        "quantity": "0.31\u00a0kg",
        "price": "\u20ac8.50",
        "price_per_quantity": "(\u20ac27.42 / 1 kg)",
        "stock_availability": "In stock, immediately available",
        "description": "Introducing M&M\u2019s Salted Caramel! Your favourite chocolate brand now available with smooth caramel and crunchy salt inside! Travellers love trying new things; here is a new M&M\u2019s flavour to try! Just so you know, it\u2019s only available for a limited time! There is 330g in a pouch, enough to share with your family and friends!",
        "primary_image": "https://www.heinemann-shop.com/medias/527Wx527H-null?context=bWFzdGVyfGltYWdlc3w4MzcyOXxpbWFnZS9qcGVnfGFHRmtMMmd6Tnk4eE1EY3pOalExTVRJMU5qTTFNQzgxTWpkWGVEVXlOMGhmYm5Wc2JBfGUxYzkyNmY0MzM0OTY4MjJmYTZlZTgxYzJjMjE3ZWNmYTE4OTk5YzY3MDk0NzI1NTEwMTg3YjM1NmJlZGQ5Yjc&v=1717629627804",
        "images": []
    },
    {
        "product_url": "https://www.heinemann-shop.com/en/global/m-m/m-ms-crispy-milk-chocolate-with-a-rice-centre-in-a-sugar-shell-187g/p/000000000001626545/",
        "brand_name": "M&M",
        "brand_url": "https://www.heinemann-shop.com/en/global/m-m/c/BRAND_2969/",
        "product_name": "M&M\u2019S Crispy milk chocolate with a rice centre in a sugar shell 187g",
        "quantity": "0.187\u00a0kg",
        "price": "\u20ac5.30",
        "price_per_quantity": "(\u20ac28,342.25 / 1000 kg)",
        "stock_availability": "In stock, immediately available",
        "description": "These world famous chocolates in a colorful candy shell are instantly recognizable all over the globe. M&M'S Crispy has a deliciouscenter of puffed rice surrounded by milk chocolate.",
        "primary_image": "https://www.heinemann-shop.com/medias/527Wx527H-null?context=bWFzdGVyfGltYWdlc3w3NTM1NnxpbWFnZS9qcGVnfGFERXhMMmcxTnk4eE1EUXpOamMzT0RjMU5EQTNPQzgxTWpkWGVEVXlOMGhmYm5Wc2JBfDViZDEwZTdhN2VmNTQ1ZTkwMGMwYjBmNDI2ODNlYjJkNzZhY2EyZDhlNDcxODgwZjJmM2JkZDQ0MjdmMTNlODQ&v=1710368541821",
        "images": []
    },
    {
        "product_url": "https://www.heinemann.com.au/en/sydt1/tamnavulin/tamnavulin-speyside-single-malt-scotch-whisky-oloroso-cask-40vol-1l-gift-pack/p/000000000001512691/",
        "brand_name": "Tamnavulin",
        "brand_url": "https://www.heinemann.com.au/en/sydt1/tamnavulin/c/BRAND_7860/",
        "product_name": "Tamnavulin Speyside Single Malt Scotch Whisky Oloroso Cask 40% 1L gift pack",
        "quantity": "1\u00a0l",
        "price": "$85.00",
        "price_per_quantity": "($85.00 / 1 l)",
        "stock_availability": "In stock",
        "description": "Tamnavulin Oloroso Cask is a Speyside Single Malt firstly matured in American oak barrels and enhanced by a finish in special Oloroso Sherry casks. The perfect compliment to the sweet, mellow and smooth taste of Tamnavulin.  Tamnavulin Distillery was opened in 1966 on the banks of the River Livet, deep in the heart of Speyside, the most celebrated whisky making region in Scotland.",
        "primary_image": "https://www.heinemann.com.au/medias/527Wx527H-null?context=bWFzdGVyfGltYWdlc3w3NDY4OHxpbWFnZS9qcGVnfGFHRm1MMmcyTXk4eE1UZ3lOVFE0T1RNM09UTTFPQzgxTWpkWGVEVXlOMGhmYm5Wc2JBfGI3OTQ5NzJkYTY4NDhkYWRlOGE3OWQ1NGRhYTc5M2Y0Njk2ODVjNjIxNWE4Y2VhNWRmODkzMjk4MmQ1MzBiYTU&v=1740692265433",
        "images": []
    },
    {
        "product_url": "https://www.heinemann.com.au/en/sydt1/jura/jura-islanders-expression-no-3-cabernet-sauv-cask-edition-island-single-malt-scotch-whisky-40vol-1l-gift-pack/p/000000000001624700/",
        "brand_name": "Jura",
        "brand_url": "https://www.heinemann.com.au/en/sydt1/jura/c/BRAND_4656/",
        "product_name": "Jura Islanders Expression No. 3 Cabernet Sauv. Cask Edition Island Single Malt Scotch Whisky 40% 1L gift pack",
        "quantity": "1\u00a0l",
        "price": "$84.00",
        "price_per_quantity": "($84.00 / 1 l)",
        "stock_availability": "In stock",
        "description": "The Islanders\u2019 Expressions collection is a series of limited edition whiskies inspired by the creative individuals who live on Jura. This third edition in the series, celebrates Jura\u2019s beloved resident photographer, Konrad Borkowski. His distinctive, dynamic photography offers a glimpse into the magic of life on Jura, artfully capturing the ever-changing light unique to our island home. This whisky is an ode to Konrad\u2019s eye for the unexpected by way of a French Cabernet red wine cask finish.",
        "primary_image": "https://www.heinemann.com.au/medias/527Wx527H-null?context=bWFzdGVyfGltYWdlc3w5MzYwN3xpbWFnZS9qcGVnfGFEZ3lMMmczTUM4eE1UZ3lOVFE1TURrMU1qSXlNaTgxTWpkWGVEVXlOMGhmYm5Wc2JBfDQ3YzU3YjViNGQwNDA4NzcyMDMxOWZkMzRhOGM3ZjBhMjIzZWJkYzA0Yjc0YzE4MjdiNGM0N2VmZjYyZGE4NjE&v=1740692423119",
        "images": []
    },
    {
        "product_url": "https://www.heinemann.com.au/en/sydt1/douglas-laing/douglas-laing-the-epicurean-lowland-blended-malt-scotch-whisky-48vol-1l-gift-pack/p/000000000001511990/",
        "brand_name": "Douglas Laing",
        "brand_url": "https://www.heinemann.com.au/en/sydt1/douglas-laing/c/BRAND_2324/",
        "product_name": "Douglas Laing The Epicurean Lowland Blended Malt Scotch Whisky 48% 1L gift pack",
        "quantity": "1\u00a0l",
        "price": "$80.00",
        "price_per_quantity": "($80.00 / 1 l)",
        "stock_availability": "Low stock",
        "description": "A marriage of Lowland Single Malts, bottled at 48% ABV with no chill filtration and no colouring.",
        "primary_image": "https://www.heinemann.com.au/medias/1511990-527Wx527H?context=bWFzdGVyfGltYWdlc3w4MjM5NnxpbWFnZS9qcGVnfGFHTmtMMmd6TUM4NU5qYzJOekUwTlRjek9EVTBMekUxTVRFNU9UQmZOVEkzVjNnMU1qZEl8ZmE2ZDRlYjdiZjEyNGEwYjU2NjVmZDY2NWMzMTNlZmU1YzdmMDliMmUxYjQxY2QwOGVjOTdkNTNjMTM4MTA3NQ&v=1650895558962",
        "images": []
    },
    {
        "product_url": "https://www.heinemann.com.au/en/sydt1/glenfiddich/glenfiddich-perpetual-collection-vat-3-15y-single-malt-scotch-whisky-50-2vol-0-7l-gift-pack/p/000000000001523966/",
        "brand_name": "Glenfiddich",
        "brand_url": "https://www.heinemann.com.au/en/sydt1/glenfiddich/c/BRAND_4285/",
        "product_name": "Glenfiddich Perpetual Collection Vat 3 15y Single Malt Scotch Whisky 50.2% 0.7L gift pack",
        "quantity": "0.7\u00a0l",
        "price": "$150.00",
        "price_per_quantity": "($214.29 / 1 l)",
        "stock_availability": "Low stock",
        "description": "Elevated over 15 years of maturation in European oak sherry casks and a process notable for its continuous movement, VAT 03 distinctly embodies the Glenfiddich pioneering spirit. Resulting from Solera VAT 3, this silky-smooth full-bodied whisky harmoniously combines warm notes of spice with hints of nutty marzipan and dark sherry oak. A satisfyingly rich and sweet Glenfiddich for connoisseurs.",
        "primary_image": "https://www.heinemann.com.au/medias/527Wx527H-null?context=bWFzdGVyfGltYWdlc3w1NTA1MHxpbWFnZS9qcGVnfGFEVTBMMmhoTlM4eE1ESTJNVFV6TlRRNU1EQTNPQzgxTWpkWGVEVXlOMGhmYm5Wc2JBfGU3OTFjZjUxMGQ3NGNhNWUwZjg3YjFiNDc3ZWUxNzQ5MDJiNGQ3ZGE3Y2NhOTM5ZGFkN2U3NzNjYzg1YWM2ZDc&v=1706306526149",
        "images": []
    },
    {
        "product_url": "https://www.heinemann.com.au/en/sydt1/balvenie/the-balvenie-week-of-peat-19y-speyside-single-malt-scotch-whisky-48-3vol-0-7l/p/000000000001526199/",
        "brand_name": "Balvenie",
        "brand_url": "https://www.heinemann.com.au/en/sydt1/balvenie/c/BRAND_4286/",
        "product_name": "The Balvenie Week of Peat 19y Speyside Single Malt Scotch Whisky 48.3% 0.7L",
        "quantity": "0.7\u00a0l",
        "price": "$429.99",
        "price_per_quantity": "($614.27 / 1 l)",
        "stock_availability": "In stock",
        "description": "The Week of Peat Aged 19 Years, has been released exclusively into global travel retail across the world as a limited edition product. This latest smoky addition has been matured in three different types of casks and was created by The Balvenie Malt Master\u2019s Apprentice, Kelsey McKechnie.  Under the stewardship of industry legend David C. Stewart MBE, Kelsey has been honing her traditional craft of whisky making in the spirit of innovation and always in search of flavour.",
        "primary_image": "https://www.heinemann.com.au/medias/527Wx527H-null?context=bWFzdGVyfGltYWdlc3w3NTI2N3xpbWFnZS9qcGVnfGFEZGtMMmc0Tnk4eE1ESTJNVFV6TnpRMU5qRTFPQzgxTWpkWGVEVXlOMGhmYm5Wc2JBfGRhMjkyNDM2YmYyNTE3MjUxODAwNDc2YzNkZmRmOGZjNzU2Zjg4MWFkODY4NzdiZTFkNWU3NWY2OGQzNjNmM2U&v=1706306630469",
        "images": []
    },
    {
        "product_url": "https://www.heinemann.com.au/en/sydt1/douglas-laing/douglas-laing-big-peat-islay-blended-malt-scotch-whisky-48vol-1l-gift-pack/p/000000000001511918/",
        "brand_name": "Douglas Laing",
        "brand_url": "https://www.heinemann.com.au/en/sydt1/douglas-laing/c/BRAND_2324/",
        "product_name": "Douglas Laing Big Peat Islay Blended Malt Scotch Whisky 48% 1L gift pack",
        "quantity": "1\u00a0l",
        "price": "$90.00",
        "price_per_quantity": "($90.00 / 1 l)",
        "stock_availability": "In stock",
        "description": "A marriage of Islay Single Malts, bottled at 48% ABV with no chill filtration and no colouring.",
        "primary_image": "https://www.heinemann.com.au/medias/527Wx527H-null?context=bWFzdGVyfGltYWdlc3w2NzA2NnxpbWFnZS9qcGVnfGFEbGxMMmhtTnk4NU56SXlORGMyTmpJMU9UVXdMelV5TjFkNE5USTNTRjl1ZFd4c3wzMTE2N2ExNjNkNTRlZmI5NWU1ZGU5ZDA5MjcyNmFiMjMxOWQ0ZWQ1OWYzNDA0YzdiNTk2ZTFjZjZlMWE4ODQ0&v=1670449517440",
        "images": []
    },
    {
        "product_url": "https://www.heinemann.com.au/en/sydt1/wild-turkey/wild-turkey-rare-breed-non-chill-filtered-58-4vol-1l-giftbox/p/000000000001497904/",
        "brand_name": "Wild Turkey",
        "brand_url": "https://www.heinemann.com.au/en/sydt1/wild-turkey/c/BRAND_1279/",
        "product_name": "Wild Turkey Rare Breed Non-Chill-Filtered, 58.4% 1L, Giftbox",
        "quantity": "1\u00a0l",
        "price": "$110.00",
        "price_per_quantity": "($110.00 / 1 l)",
        "stock_availability": "In stock",
        "description": "The true, bold spirit of Wild Turkey shines in this Rare Breed Non-Chill-Filtered Barrel Proof whiskey; expertly crafted with conviction and  bottled at a higher strength to deliver intense character.",
        "primary_image": "https://www.heinemann.com.au/medias/1497904-527Wx527H?context=bWFzdGVyfGltYWdlc3w2MTE0NHxpbWFnZS9qcGVnfGFHTmhMMmd3Tmk4NU5qVXpNVGsxTURRMk9UUXlMekUwT1RjNU1EUmZOVEkzVjNnMU1qZEl8MjJjMTg5MWU2ZTMyNGNkNzQyYmYxZTY5YTU4NGNhNDUyNGNjN2JjMzg2MTg4NTJhOGMyNzg5MTcwMTFhZmFlNg&v=1642540630068",
        "images": []
    },
    {
        "product_url": "https://www.heinemann.com.au/en/sydt1/bruichladdich/bruichladdich-redefine-21y-islay-single-malt-scotch-whisky-50vol-0-7l/p/000000000001640110/",
        "brand_name": "Bruichladdich",
        "brand_url": "https://www.heinemann.com.au/en/sydt1/bruichladdich/c/BRAND_0291/",
        "product_name": "Bruichladdich Redefine 21y Islay Single Malt Scotch Whisky 50% 0.7L",
        "quantity": "0.7\u00a0l",
        "price": "$415.00",
        "price_per_quantity": "($592.86 / 1 l)",
        "stock_availability": "In stock",
        "description": "Resurrecting our Victorian distillery in 2001, our aim has been to make the most thought provoking spirits. Always pushing boundaries, we have championed our raw ingredients and explored the nuance and power of cask in the pursuit of flavour. Expertly married with two decades of cask exploration, layered and complex. The result is a unique single malt with remarkable depth and notes of red fruits and toffee, possibly the highest provenance 21yo ever created.",
        "primary_image": "https://www.heinemann.com.au/medias/527Wx527H-null?context=bWFzdGVyfGltYWdlc3wzOTQ0MXxpbWFnZS9qcGVnfGFEazRMMmcyWkM4eE1UVXpNVGsyT0Rrek9EQXhOQzgxTWpkWGVEVXlOMGhmYm5Wc2JBfGMxMzM3NGM1MzE4YTI4Y2E0ZWE2ZjUwYzYxM2Y2YTA1ODQ4NmFmM2Q3NjQwZTI3ODI0M2IxM2QwYjljMGYwMDY&v=1734644731345",
        "images": []
    },
    {
        "product_url": "https://www.heinemann.com.au/en/sydt1/belvedere/belvedere-single-estate-rye-lake-bartezek-40vol-1l/p/000000000001380292/",
        "brand_name": "Belvedere",
        "brand_url": "https://www.heinemann.com.au/en/sydt1/belvedere/c/BRAND_4805/",
        "product_name": "Belvedere Single Estate Rye Lake Bartezek 40% 1L",
        "quantity": "1\u00a0l",
        "price": "$126.00",
        "price_per_quantity": "($126.00 / 1 l)",
        "stock_availability": "In stock",
        "description": "Crafted with rare Diamond Dankowskie Rye from a single estate located on the shores of Lake Bart\u0119\u017cek in Poland\u2019s Masurian Lake District, this exceptionally delicate and floral vodka reflects the unique terroir of its estate. Snowy, cold winters stress the rye and develop the vodka\u2019s delicate, refined character \u2013 more reminiscent of the region\u2019s calm lakes than its harsh climate.The Belvedere Single Estate Rye Series celebrates Belvedere\u2019s craftsmanship and expertise in vodka distilling.",
        "primary_image": "https://www.heinemann.com.au/medias/1380292-527Wx527H?context=bWFzdGVyfGltYWdlc3wzODU5M3xpbWFnZS9qcGVnfGFETXpMMmczTmk4NU5qTXdPRFl5TkRReU5USTJMekV6T0RBeU9USmZOVEkzVjNnMU1qZEl8MTg1OWZhZGZlMjlhYzkwMzY2ZGM1NmY1ZWMxYzQ4N2QwYzc4NWU5MDYxNDc1ZmVlMjc5MzU5YjBlNjlkMTE1YQ&v=1635889369313",
        "images": []
    },
    {
        "product_url": "https://www.heinemann.com.au/en/sydt1/laphroaig/laphroaig-port-wood-48vol-0-7l/p/000000000001412145/",
        "brand_name": "Laphroaig",
        "brand_url": "https://www.heinemann.com.au/en/sydt1/laphroaig/c/BRAND_3239/",
        "product_name": "Laphroaig Port Wood 48% 0.7L",
        "quantity": "0.7\u00a0l",
        "price": "$235.00",
        "price_per_quantity": "($335.71 / 1 l)",
        "stock_availability": "In stock",
        "description": "Honey sweetness, creamy and floral heavy charcoal finish with orange rind flavours",
        "primary_image": "https://www.heinemann.com.au/medias/527Wx527H-null?context=bWFzdGVyfGltYWdlc3w1NzQ2OXxpbWFnZS9qcGVnfGFHTXhMMmc1T1M4eE1UYzVORGsxTXpBME16azVPQzgxTWpkWGVEVXlOMGhmYm5Wc2JBfGM3ODU5Nzg4MjQwODg3ZGMxNmE1ZTZkN2M3MTlhNzJmZGVhZjUwZGNhODgwMWYyMTNjNThjNGI2NTllMTlmMTA&v=1740086273108",
        "images": [
            "https://www.heinemann.com.au/medias/527Wx527H-null?context=bWFzdGVyfGltYWdlc3w1NzQ2OXxpbWFnZS9qcGVnfGFHTXhMMmc1T1M4eE1UYzVORGsxTXpBME16azVPQzgxTWpkWGVEVXlOMGhmYm5Wc2JBfGM3ODU5Nzg4MjQwODg3ZGMxNmE1ZTZkN2M3MTlhNzJmZGVhZjUwZGNhODgwMWYyMTNjNThjNGI2NTllMTlmMTA&v=1740086273108",
            "https://www.heinemann.com.au/medias/527Wx527H-null?context=bWFzdGVyfGltYWdlc3w1NzYyMXxpbWFnZS9qcGVnfGFEZzFMMmd3WWk4eE1UYzVOVFkwTlRnMU56Z3lNaTgxTWpkWGVEVXlOMGhmYm5Wc2JBfDk4OWQxMzRjZjYyZWI4YjI2YjBjMmJiZGQ4NTFjNmY0M2JlOGE4MjNhNTc1ZDA0Y2ZkZDhkNGIzOTI1ZjAxNmU&v=1740086483654"
        ]
    },
    {
        "product_url": "https://www.heinemann.com.au/en/sydt1/monkey-47/monkey-47-schwarzwald-dry-gin-travellers-compendium-edition-0-5l-47vol/p/000000000001549709/",
        "brand_name": "Monkey 47",
        "brand_url": "https://www.heinemann.com.au/en/sydt1/monkey-47/c/BRAND_9514/",
        "product_name": "Monkey 47 Schwarzwald Dry Gin Traveller\u2019s Compendium Edition 0.5L 47%",
        "quantity": "0.5\u00a0l",
        "price": "$86.00",
        "price_per_quantity": "($172.00 / 1 l)",
        "stock_availability": "Low stock",
        "description": "This Monkey 47 Schwarzwald Dry Gin Traveller\u2019s Compendium edition is dedicated to all the wunderbar essentials one would need or possibly think of, to explore the hidden gems of this world. The search for our meticulously picked 47 botanicals took us to all four corners of the globe, so what better way to celebrate these adventures of sophistication and take inspiration for the next, than with a classic Monkey 47 and tonic? Included within, is a collection of Monkey 47 luggage stickers, one of five sets, to accompany you on your wunderbar adventures across the globe. Cheers!",
        "primary_image": "https://www.heinemann.com.au/medias/527Wx527H-null?context=bWFzdGVyfGltYWdlc3w4MTY2MXxpbWFnZS9qcGVnfGFEUXpMMmc1TkM4eE1UVXlNelUxTlRBek16RXhPQzgxTWpkWGVEVXlOMGhmYm5Wc2JBfGY5YzY3YWM2NzQwM2ZhNWU5NDg2ZmE5YjYzMzAxZTlkODdiMWEzMzI1NDEzMjdhODljN2RjYzZkZWU4YmYwMGI&v=1734470232952",
        "images": []
    },
    {
        "product_url": "https://www.heinemann.com.au/en/sydt1/ballantine-s/ballantine-s-blended-scotch-whisky-23y-american-oak-casks-40vol-0-7l-gift-pack/p/000000000001418063/",
        "brand_name": "Ballantine's",
        "brand_url": "https://www.heinemann.com.au/en/sydt1/ballantine-s/c/BRAND_0199/",
        "product_name": "Ballantine's Blended Scotch Whisky 23y American Oak casks 40% 0.7L gift pack",
        "quantity": "0.7\u00a0l",
        "price": "$317.00",
        "price_per_quantity": "($452.86 / 1 l)",
        "stock_availability": "In stock",
        "description": "Aged in the finest American Oak casks for 23 long years and 92 seasons . Blended with a perfect balance of richness and maturity- made for celebrating. The latest expression from the house of Ballantine\u2019s.",
        "primary_image": "https://www.heinemann.com.au/medias/1418063-527Wx527H?context=bWFzdGVyfGltYWdlc3w1NTM4MHxpbWFnZS9qcGVnfGFHWTJMMmcwWlM4NU5qYzFPVFk0TlRRME56azRMekUwTVRnd05qTmZOVEkzVjNnMU1qZEl8YzgxNDM0YjIyNjIwZTQ5YjY4ODY2YTM1MzM3YWFlNTI5ZTY1YTZhNmE0NDNkYzNhNjRjYzU1MjZmZTMxODkxYQ&v=1650825320082",
        "images": [
            "https://www.heinemann.com.au/medias/1418063-527Wx527H?context=bWFzdGVyfGltYWdlc3w1NTM4MHxpbWFnZS9qcGVnfGFHWTJMMmcwWlM4NU5qYzFPVFk0TlRRME56azRMekUwTVRnd05qTmZOVEkzVjNnMU1qZEl8YzgxNDM0YjIyNjIwZTQ5YjY4ODY2YTM1MzM3YWFlNTI5ZTY1YTZhNmE0NDNkYzNhNjRjYzU1MjZmZTMxODkxYQ&v=1650825320082",
            "https://www.heinemann.com.au/medias/1418063-2-527Wx527H?context=bWFzdGVyfGltYWdlc3w1NTM4MHxpbWFnZS9qcGVnfGFHTTJMMmd6WVM4NU5qRXpPVE13TlRJNE56azRMekUwTVRnd05qTmZNbDgxTWpkWGVEVXlOMGd8YzI3YjM0MDU0ZWM5ZDRjZDEzN2I4ZTA2OGI5YjdlODkxN2I4OGQ5ZDIwODYxN2JiYmJlZWU2NjBkZTllYWM0OQ&v=1629822059389"
        ]
    },
    {
        "product_url": "https://www.heinemann.com.au/en/sydt1/the-singleton/the-singleton-golden-autumn-orchard-travel-exclusive-single-malt-whisky-1l-41-8vol/p/000000000001643851/",
        "brand_name": "The Singleton",
        "brand_url": "https://www.heinemann.com.au/en/sydt1/the-singleton/c/BRAND_4739/",
        "product_name": "The Singleton Golden Autumn Orchard Travel Exclusive Single Malt Whisky 1L 41.8%",
        "quantity": "1\u00a0l",
        "price": "$145.00",
        "price_per_quantity": "($145.00 / 1 l)",
        "stock_availability": "Low stock",
        "description": "Inspired by autumnal orchards with fruity\u00a0aromas and\u00a0honied scents. To evoke the\u00a0season richness, the whisky has been Double Oak Matured in ex-Bourbon and American White Oak casks. The result is a\u00a0delectable Single Malt, ripe with sweet\u00a0indulgence.",
        "primary_image": "https://www.heinemann.com.au/medias/527Wx527H-null?context=bWFzdGVyfGltYWdlc3w2ODYxOXxpbWFnZS9qcGVnfGFHUXpMMmc0WVM4eE1UTTNNamMxTURBeE1qUTBOaTgxTWpkWGVEVXlOMGhmYm5Wc2JBfDU5ZGI0MGFmMWYxZGZjOTk4ZjBmZjQxYWY4NzY0ZDUxNTQ0MTI3YWM1MDQxMmI0OWZhMWYwMTgxOTc0MDA5NGU&v=1730933378098",
        "images": []
    },
    {
        "product_url": "https://www.heinemann.com.au/en/sydt1/hendrick-s/hendricks-amazonia-gin-43-4vol-1l/p/000000000001448345/",
        "brand_name": "Hendrick's",
        "brand_url": "https://www.heinemann.com.au/en/sydt1/hendrick-s/c/BRAND_3047/",
        "product_name": "Hendricks Amazonia Gin 43.4% 1L",
        "quantity": "1\u00a0l",
        "price": "$71.20",
        "price_per_quantity": "($71.20 / 1 l)",
        "stock_availability": "In stock",
        "description": "Hendrick\u2019s Amazonia Gin is the latest concoction to be released from Master Distiller, Ms Lesley Gracie\u2019s Cabinet of Curiosities at the Hendrick\u2019s Gin Palace. Inspired by memories of Ms Gracie\u2019s audacious adventures, discover bright tropical notes characteristic of native jungle flora, blended to perfection with the undeniable Hendrick\u2019s signature cucumber rose whisper.",
        "primary_image": "https://www.heinemann.com.au/medias/527Wx527H-null?context=bWFzdGVyfGltYWdlc3w1NjA1NHxpbWFnZS9qcGVnfGFEa3lMMmd5TXk4eE1UQTJNREk0TnpJME1qSTNNQzgxTWpkWGVEVXlOMGhmYm5Wc2JBfDc0ZjVlYzI4YmFjMWM3NWNhYjhmMTIwZTFiM2I5YmZmZjY2YzRkNWYyNTFkMzNmOTYxMzI0OTMyYWQ5ZmE2Y2U&v=1724820599295",
        "images": []
    },
    {
        "product_url": "https://www.heinemann.com.au/en/sydt1/caperdonich/caperdonich-speyside-30yo-48vol-0-7l/p/000000000001418276/",
        "brand_name": "Caperdonich",
        "brand_url": "https://www.heinemann.com.au/en/sydt1/caperdonich/c/BRAND_8130/",
        "product_name": "Caperdonich, Speyside, 30YO, 48%, 0.7L",
        "quantity": "0.7\u00a0l",
        "price": "$1,999.00",
        "price_per_quantity": "($2,855.71 / 1 l)",
        "stock_availability": "Low stock",
        "description": "Once gone there will never be another. Caperdonich\u2019s 30 year old small batch release single malt was matured in first fill American Oak Barrels. Individually numbered, each bottle is non-chill filtered and at natural cask strength. This whisky encapsulates the vanished distillery\u2019s signature style of orchard fruit flavours with leading notes of sweet honey and fresh pineapple.",
        "primary_image": "https://www.heinemann.com.au/medias/527Wx527H-null?context=bWFzdGVyfGltYWdlc3w1MDk1OXxpbWFnZS9qcGVnfGFEZGhMMmd3TUM4NU56YzROekl5TVRRME1qZzJMelV5TjFkNE5USTNTRjl1ZFd4c3xhYjA3OGFmYTAyOTAxYjhmMTg2ZWJhMWUwZGM2YWNiMWQ3NTNjNmYwOTJhMzY0YjJmOWJiNGIxOGJjM2VmZTEw&v=1687896946320",
        "images": []
    },
    {
        "product_url": "https://www.heinemann.com.au/en/sydt1/auchentoshan/auchentoshan-dark-oak-lowland-single-malt-scotch-whisky-43vol-1l-gift-pack/p/000000000001414065/",
        "brand_name": "Auchentoshan",
        "brand_url": "https://www.heinemann.com.au/en/sydt1/auchentoshan/c/BRAND_1269/",
        "product_name": "Auchentoshan Dark Oak Lowland Single Malt Scotch Whisky 43% 1L gift pack",
        "quantity": "1\u00a0l",
        "price": "$127.00",
        "price_per_quantity": "($127.00 / 1 l)",
        "stock_availability": "In stock",
        "description": "The second new expression of the travel retail exclusive range.",
        "primary_image": "https://www.heinemann.com.au/medias/1414065-527Wx527H?context=bWFzdGVyfGltYWdlc3w3MDcwN3xpbWFnZS9qcGVnfGFEQXdMMmhoTlM4NU5qYzFPVFE0TWpJNE5qTTRMekUwTVRRd05qVmZOVEkzVjNnMU1qZEl8NWEzODhhNDZmYzM0MDg5OWU4NTA5ZWZiNTRhMDkwZTVkZjJjODY2Y2JjZGE3MjZmNGM5YjRhZDhlYmFlODRmNA&v=1650822932368",
        "images": []
    },
    {
        "product_url": "https://www.heinemann.com.au/en/sydt1/laphroaig/laphroaig-25y-bessie-williamson-story-2019-43vol-0-7l-gift-pack/p/000000000001412147/",
        "brand_name": "Laphroaig",
        "brand_url": "https://www.heinemann.com.au/en/sydt1/laphroaig/c/BRAND_3239/",
        "product_name": "Laphroaig 25y Bessie Williamson Story 2019 43% 0.7L gift pack",
        "quantity": "0.7\u00a0l",
        "price": "$816.00",
        "price_per_quantity": "($1,165.71 / 1 l)",
        "stock_availability": "In stock",
        "description": "A 25-year-old Laphroaig\u00ae and a tribute to the life of Bessie  Williamson, an icon of Laphroaig\u00ae, the first female distillery  manager to own and run a Scotch whisky distillery in the  20th century.",
        "primary_image": "https://www.heinemann.com.au/medias/527Wx527H-null?context=bWFzdGVyfGltYWdlc3wzODE5MXxpbWFnZS9qcGVnfGFEVXdMMmd6WVM4eE1UZ3lOVFkyTWpZeU16YzNOQzgxTWpkWGVEVXlOMGhmYm5Wc2JBfDhhZjMyYTI1NDU5NjU5YjJiZjYyYjU3Nzc4MTQyZjA5OGZmNWE4MjI5OTQyYzRmMjljMmFjNTZiNDBkN2YwNzg&v=1740692915263",
        "images": [
            "https://www.heinemann.com.au/medias/527Wx527H-null?context=bWFzdGVyfGltYWdlc3wzODE5MXxpbWFnZS9qcGVnfGFEVXdMMmd6WVM4eE1UZ3lOVFkyTWpZeU16YzNOQzgxTWpkWGVEVXlOMGhmYm5Wc2JBfDhhZjMyYTI1NDU5NjU5YjJiZjYyYjU3Nzc4MTQyZjA5OGZmNWE4MjI5OTQyYzRmMjljMmFjNTZiNDBkN2YwNzg&v=1740692915263",
            "https://www.heinemann.com.au/medias/527Wx527H-null?context=bWFzdGVyfGltYWdlc3wzNjc4OHxpbWFnZS9qcGVnfGFEZGxMMmc0WWk4eE1UZ3lOVFkyTlRVME1ERXlOaTgxTWpkWGVEVXlOMGhmYm5Wc2JBfGRhZDRiMGE1MjI3ODVkNDY5ZmFlNWZhODJhMDM5ZWY1OGE0NjQ2Mzg4MjhjMjNlYmIwODQ5OTRiNzdkNzVmYTM&v=1740693083067"
        ]
    },
    {
        "product_url": "https://www.heinemann.com.au/en/sydt1/hennessy/hennessy-xxo-cognac-40vol-1l-gift-pack/p/000000000001280340/",
        "brand_name": "Hennessy",
        "brand_url": "https://www.heinemann.com.au/en/sydt1/hennessy/c/BRAND_0172/",
        "product_name": "Hennessy XXO Cognac 40% 1L gift pack",
        "quantity": "1\u00a0l",
        "price": "$834.00",
        "price_per_quantity": "($834.00 / 1 l)",
        "stock_availability": "In stock",
        "description": "Hennessy X.X.O was first created in 1870 alongside Hennessy x.o, when the master blender Emile Fillioux\u200b set aside eaux-de-vie with great potential.\u200b Hennessy x.x.o was such a significant find \u200bthat it has been launched around the world since 1871\u200b. Drawing on the savoir-faire inherited by his family and a five-decade career\u200b at Maison Hennessy, Yann Fillioux, 7th generation of master blender, decided to re-create Hennessy x.x.o in 2017.\u200b From eaux-de-vie with great potential.\u200b",
        "primary_image": "https://www.heinemann.com.au/medias/527Wx527H-null?context=bWFzdGVyfGltYWdlc3w0OTYyNnxpbWFnZS9qcGVnfGFHSmxMMmhoTUM4eE1URTVOVEkwTmpnd05UQXlNaTgxTWpkWGVEVXlOMGhmYm5Wc2JBfGVmYzliNmVjZmE3NWRmYjYzOTY4OGNhODNmZmQ1ZDQxNDdjNzc2MTYxNTdkZjUxY2IwODIzMmU1YmQyMTYwZjc&v=1727468255931",
        "images": [
            "https://www.heinemann.com.au/medias/527Wx527H-null?context=bWFzdGVyfGltYWdlc3w0OTYyNnxpbWFnZS9qcGVnfGFHSmxMMmhoTUM4eE1URTVOVEkwTmpnd05UQXlNaTgxTWpkWGVEVXlOMGhmYm5Wc2JBfGVmYzliNmVjZmE3NWRmYjYzOTY4OGNhODNmZmQ1ZDQxNDdjNzc2MTYxNTdkZjUxY2IwODIzMmU1YmQyMTYwZjc&v=1727468255931",
            "https://www.heinemann.com.au/medias/527Wx527H-null?context=bWFzdGVyfGltYWdlc3w0MzU2NnxpbWFnZS9qcGVnfGFEWXdMMmhrWVM4eE1URTVOVEkxTXpFMk1qQXhOQzgxTWpkWGVEVXlOMGhmYm5Wc2JBfDU2NDY5NTI4NGY5NjM0ZGRmNThlY2Q4Zjc5MGJmMjBjMWY0N2VhZDExYTlmNDIwOTNmNmYxOWQxN2Q4MzUzMjE&v=1727468518354"
        ]
    },
    {
        "product_url": "https://www.heinemann.com.au/en/sydt1/laphroaig/laphroaig-px-cask-islay-single-malt-scotch-whisky-48vol-1l-gift-pack/p/000000000000544476/",
        "brand_name": "Laphroaig",
        "brand_url": "https://www.heinemann.com.au/en/sydt1/laphroaig/c/BRAND_3239/",
        "product_name": "Laphroaig PX Cask Islay Single Malt Scotch Whisky 48% 1L gift pack",
        "quantity": "1\u00a0l",
        "price": "$170.00",
        "price_per_quantity": "($170.00 / 1 l)",
        "stock_availability": "In stock",
        "description": "LAPROAIG PX CASK -",
        "primary_image": "https://www.heinemann.com.au/medias/527Wx527H-null?context=bWFzdGVyfGltYWdlc3w3NTI3OHxpbWFnZS9qcGVnfGFEQm1MMmd5T0M4eE1USTROVE16T1Rjek5EQTBOaTgxTWpkWGVEVXlOMGhmYm5Wc2JBfDQwNzZhMDQxZmNjZTZkYjkyMGQ1YjQ2YzZlMzUzY2NkYzcxN2I3NWUzODRiODgyYTcwNjllMTQ1YzMwMTdjMzI&v=1729312995157",
        "images": []
    },
    {
        "product_url": "https://www.heinemann.com.au/en/sydt1/jameson/jameson-irish-whiskey-triple-triple-40vol-1l/p/000000000001400078/",
        "brand_name": "Jameson",
        "brand_url": "https://www.heinemann.com.au/en/sydt1/jameson/c/BRAND_0233/",
        "product_name": "Jameson Irish Whiskey Triple Triple 40% 1L",
        "quantity": "1\u00a0l",
        "price": "$48.80",
        "price_per_quantity": "($48.80 / 1 l)",
        "stock_availability": "In stock",
        "description": "Always triple distilled, now triple cask matured for an extra drop of smoothness. Matured in Sherry butt, Bourbon barrel and now Malaga cask giving a sublte sweetness & extra smoothness. A Travel Retail Exclusive product",
        "primary_image": "https://www.heinemann.com.au/medias/527Wx527H-null?context=bWFzdGVyfGltYWdlc3wzODA4MnxpbWFnZS9qcGVnfGFHUTVMMmd3Wmk4eE1USTROVGcxTmpFeU5EazFPQzgxTWpkWGVEVXlOMGhmYm5Wc2JBfDEzNTJmZGY2ZTc4NGM2Y2QwYmU1ZjcwNjI1ZjE1ZDgzMGMwMmRmNzRjMzZlYWFkMzkwMjM1M2EyNzdjMDljNTQ&v=1729319607438",
        "images": [
            "https://www.heinemann.com.au/medias/527Wx527H-null?context=bWFzdGVyfGltYWdlc3wzODA4MnxpbWFnZS9qcGVnfGFHUTVMMmd3Wmk4eE1USTROVGcxTmpFeU5EazFPQzgxTWpkWGVEVXlOMGhmYm5Wc2JBfDEzNTJmZGY2ZTc4NGM2Y2QwYmU1ZjcwNjI1ZjE1ZDgzMGMwMmRmNzRjMzZlYWFkMzkwMjM1M2EyNzdjMDljNTQ&v=1729319607438",
            "https://www.heinemann.com.au/medias/1400078-1-527Wx527H?context=bWFzdGVyfGltYWdlc3w0NDQyMXxpbWFnZS9qcGVnfGFEUTNMMmhoTUM4NU5qQTNNalF4TmprMU1qWXlMekUwTURBd056aGZNVjgxTWpkWGVEVXlOMGd8YzlmZmIyOWE4YTk1YmUzM2Q3MGQ0ZjhiNDM2YzdmODRmYWUyZDBkYTQ0YTg5OWY5NzA1ODEzOGM1ZTA0YTEwNw&v=1626985111883"
        ]
    },
    {
        "product_url": "https://www.heinemann.com.au/en/sydt1/fettercairn/fettercairn-14y-highland-single-malt-scotch-whisky-46vol-0-7l-gift-pack/p/000000000001630833/",
        "brand_name": "Fettercairn",
        "brand_url": "https://www.heinemann.com.au/en/sydt1/fettercairn/c/BRAND_9040/",
        "product_name": "Fettercairn 14y Highland Single Malt Scotch Whisky 46% 0.7L gift pack",
        "quantity": "0.7\u00a0l",
        "price": "$139.00",
        "price_per_quantity": "($198.57 / 1 l)",
        "stock_availability": "Low stock",
        "description": "Established in 1824 in the foothills of the Cairngorm mountains, Fettercairn has become renowned for our innovative approach to flavour-led whisky making. From our commitment to locally sourced ingredients, to our unique copper cooling ring \u2013 which cascades mountain water down our stills.",
        "primary_image": "https://www.heinemann.com.au/medias/527Wx527H-null?context=bWFzdGVyfGltYWdlc3w2MTc4MXxpbWFnZS9qcGVnfGFHRTFMMmhoWkM4eE1UZ3lOVFkyTURBek5URXdNaTgxTWpkWGVEVXlOMGhmYm5Wc2JBfDUyOTU1MTY1NmQ4NTQ5NTJhZGYyZTM5OWZjM2Y4ZDE4MGVhZDU1Y2EyY2NiYzYyNjNkMDlkMzk0MGJmMTg3MjE&v=1740692727850",
        "images": []
    },
    {
        "product_url": "https://www.heinemann.com.au/en/sydt1/bottega/bottega-bacur-gin-miniature-set-40vol-3x0-05l/p/000000000001563613/",
        "brand_name": "Bottega",
        "brand_url": "https://www.heinemann.com.au/en/sydt1/bottega/c/BRAND_2833/",
        "product_name": "Bottega Bac\u00fbr Gin Miniature Set 40% 3x0.05L",
        "quantity": "0.15\u00a0l",
        "price": "$35.00",
        "price_per_quantity": "($233.33 / 1 l)",
        "stock_availability": "In stock",
        "description": "Gin is a strong and aromatic distillate. Its origin is linked to a Dutch medicine and physics professor, Franciscus De La Boe, who studied the properties of juniper essential oils obtained by re-distilling an infusion of berries macerated in pure alcohol.The small format makes Gin Bacur Mignonette the perfect solution, quick and easy to use. It is the perfect size fro single use both to be enjoyed pure or in main cocktails, such as Gin Tonic. Furthermore, Gin Bacur Mignonette is ideal as collection piece for gin lovers.",
        "primary_image": "https://www.heinemann.com.au/medias/527Wx527H-null?context=bWFzdGVyfGltYWdlc3w1MDYyMXxpbWFnZS9qcGVnfGFEUmtMMmd3WXk4NU56TXpNelF3Tnprd09ERTBMelV5TjFkNE5USTNTRjl1ZFd4c3w2Yjg1ZTdmZjlmMTYxODBkMzE5NGJiMTZhNmUxMWE0ZDE5NDQ0YmI5NGE4Nzg1ZTY1ZThhODU2MDFiMDE0OWFh&v=1675115871167",
        "images": []
    },
    {
        "product_url": "https://www.heinemann.com.au/en/sydt1/dalmore/the-dalmore-the-quintet-highland-single-malt-scotch-whisky-44-5vol-0-7l-gift-pack/p/000000000001445478/",
        "brand_name": "Dalmore",
        "brand_url": "https://www.heinemann.com.au/en/sydt1/dalmore/c/BRAND_4658/",
        "product_name": "The Dalmore The Quintet Highland Single Malt Scotch Whisky 44.5% 0.7L gift pack",
        "quantity": "0.7\u00a0l",
        "price": "$216.00",
        "price_per_quantity": "($308.57 / 1 l)",
        "stock_availability": "In stock",
        "description": "Combining five type of casks complementing The Dalmore Quintet is a bold and majestic Highland Single Malt. Initially matured in American white oak ex-bourbon casks for a first base of soft vanilla and honey notes. The whisky is apportioned between Moscatel casks, Malmsey Madeira barrels, Matusalem sherry casks, aged Port pipes and Cabernet Sauvignon wine barriques. The five parts are then brought together to harmonize with each cask gifting the whisky with its own characteristics and flavours.",
        "primary_image": "https://www.heinemann.com.au/medias/527Wx527H-null?context=bWFzdGVyfGltYWdlc3w2MzEwOHxpbWFnZS9qcGVnfGFHSTNMMmd3WXk4eE1UZ3lOVFE0T0RFNU9UY3hNQzgxTWpkWGVEVXlOMGhmYm5Wc2JBfDdmMTAyOWM5NDhhMTQ5MTEyYTg5NDg3ZWNiMzYwMTJhYzBjOTE4YTI2MGQyMjViYzZhZWVhY2IwMjJmOTRiMWI&v=1740692192629",
        "images": []
    },
    {
        "product_url": "https://www.heinemann.com.au/en/sydt1/hibiki/hibiki-suntory-harmony-master-s-select-japanese-blended-whisky-43vol-0-7l-gift-pack/p/000000000001164416/",
        "brand_name": "Hibiki",
        "brand_url": "https://www.heinemann.com.au/en/sydt1/hibiki/c/BRAND_4407/",
        "product_name": "Hibiki Suntory Harmony Master's Select Japanese Blended Whisky 43% 0.7L gift pack",
        "quantity": "0.7\u00a0l",
        "price": "$270.00",
        "price_per_quantity": "($385.71 / 1 l)",
        "stock_availability": "In stock",
        "description": "Hibiki\u00ae  Japanese Harmony Masters Select\u2122  is an unprecedented exclusive blend that brings to life the harmony of Japanese nature and craftsmanship. With increased subtle sweet sherry notes the result is a delicate harmonious expression that is at once subtle and complex.  More than 10 malt and grain whiskies blend together to create a luminous harmony of flavors and aromas.",
        "primary_image": "https://www.heinemann.com.au/medias/527Wx527H-null?context=bWFzdGVyfGltYWdlc3w2OTYzMXxpbWFnZS9qcGVnfGFEQTNMMmhqTWk4eE1UVTVNek14T0RBM01qTTFNQzgxTWpkWGVEVXlOMGhmYm5Wc2JBfGEzM2I3ZWE0MGQ4ZjQ1Mjk1ODU1MjQ4YmE3MWY4MWE2NTg0YWRlNzc4YTVhZWJjNTUyMGEzNjYyZmJhMjI1MTI&v=1735939997376",
        "images": [
            "https://www.heinemann.com.au/medias/527Wx527H-null?context=bWFzdGVyfGltYWdlc3w2OTYzMXxpbWFnZS9qcGVnfGFEQTNMMmhqTWk4eE1UVTVNek14T0RBM01qTTFNQzgxTWpkWGVEVXlOMGhmYm5Wc2JBfGEzM2I3ZWE0MGQ4ZjQ1Mjk1ODU1MjQ4YmE3MWY4MWE2NTg0YWRlNzc4YTVhZWJjNTUyMGEzNjYyZmJhMjI1MTI&v=1735939997376",
            "https://www.heinemann.com.au/medias/527Wx527H-null?context=bWFzdGVyfGltYWdlc3w2MTU5OHxpbWFnZS9qcGVnfGFEZzBMMmcxWmk4eE1UVTVNek15TWpRMk16STJNaTgxTWpkWGVEVXlOMGhmYm5Wc2JBfGE3NzVkZjlkZGM5MWY2ZDg5NGZhY2VkYWYzNDAyZDZiYTEyMDMxMDFiNWQ1ZTQyNDQ2ZGVhODRlMTViNzNkMDg&v=1735940368582",
            "https://www.heinemann.com.au/medias/527Wx527H-null?context=bWFzdGVyfGltYWdlc3w1NTE1MXxpbWFnZS9qcGVnfGFEVmtMMmcxT0M4eE1UVTVNek15TWpZNU1qWXpPQzgxTWpkWGVEVXlOMGhmYm5Wc2JBfDNjMzY2ZTM5NmNiZTZkZTljODNhMTBlYjJjZTJlMWI5MDQ3NjIyMjQ4OGU5NzQwZmRmZGQxNTYxZDAxMTI1ZDM&v=1735940379211",
            "https://www.heinemann.com.au/medias/527Wx527H-null?context=bWFzdGVyfGltYWdlc3w1ODk2NHxpbWFnZS9qcGVnfGFHVTFMMmcwWlM4eE1UVTVNek15TWpreU1qQXhOQzgxTWpkWGVEVXlOMGhmYm5Wc2JBfGFlYzljNDVmMzc3MjlhODAwYTkzOWY1OGJlYWU0ZTdhYWIwNDRjODE0MTFlMDcwZWZjNjk5MGRlZDAxZWRmOWE&v=1735940389232"
        ]
    },
    {
        "product_url": "https://www.heinemann.com.au/en/sydt1/bottega/bott-prosecco-gold-0-2l/p/000000000000522330/",
        "brand_name": "Bottega",
        "brand_url": "https://www.heinemann.com.au/en/sydt1/bottega/c/BRAND_2833/",
        "product_name": "Bott Prosecco Gold 0.2L",
        "quantity": "0.2\u00a0l",
        "price": "$12.00",
        "price_per_quantity": "($60.00 / 1 l)",
        "stock_availability": "",
        "description": "Bottega Gold contains Prosecco \u2013 Italy's most popular sparkling wine \u2013 coming from the Valdobbiadene hills (close to the Venetian Pre-Alps), as region with a long history of wine-growing with a climate that is ideal for this native grape variety. The outstanding golden bottle packaging not only has a strong emotional effect, making it a really prestigious gift, but also protects the wine from any source of light, preserving its extraordinary aroma and freshness.",
        "primary_image": "https://www.heinemann.com.au/medias/527Wx527H-null?context=bWFzdGVyfGltYWdlc3wyOTQwMnxpbWFnZS9qcGVnfGFEZzJMMmd4T1M4eE1UYzRNalV4TmprMk5UUXdOaTgxTWpkWGVEVXlOMGhmYm5Wc2JBfDdhYjI1M2I2YTNlYjJiNTA3MDBiYTJjYzMwYjQ1Y2ExZDQzMWVhMWI0MjQ3YTkyYWU3NzQzNjRlNzQwODU4NjU&v=1739828396635",
        "images": []
    },
    {
        "product_url": "https://www.heinemann.com.au/en/sydt1/mumm-terroir/mumm-marlborough-brut-prestige-0-75l/p/000000000001575082/",
        "brand_name": "Mumm Terroir",
        "brand_url": "https://www.heinemann.com.au/en/sydt1/mumm-terroir/c/BRAND_A669/",
        "product_name": "Mumm Marlborough Brut Prestige 0.75L",
        "quantity": "0.75\u00a0l",
        "price": "$32.00",
        "price_per_quantity": "($42.67 / 1 l)",
        "stock_availability": "In stock",
        "description": "Mumm Marlborough Brut Prestige 750ml is a distinctive Sparkling wine that marries the best of New Zealand Pinot Noir, Chardonnay and Meunier grapes with M\u00e9thode Traditionnelle techniques from the French Champagne maker, G.H. Mumm. The result is a refined, elegant wine of exceptional quality & delightful fruity notes.",
        "primary_image": "https://www.heinemann.com.au/medias/527Wx527H-null?context=bWFzdGVyfGltYWdlc3wzMTQ1N3xpbWFnZS9qcGVnfGFESXpMMmhsTkM4eE1USXpOVEU0TnpNNU1qVTBNaTgxTWpkWGVEVXlOMGhmYm5Wc2JBfGJkMTdjMWQxYzJjOWNiMDhmNGMxODFiYjRkNmY2N2QwNTE1OTliYmExNjQ3MzRhY2YxMjU4ZDA1ZmNjNGFkZGM&v=1728332072259",
        "images": []
    },
    {
        "product_url": "https://www.heinemann.com.au/en/sydt1/villa-sandi/villa-sandi-il-fresco-prosecco-spumante-doc-extra-dry-white-0-75-l/p/000000000000296349/",
        "brand_name": "Villa Sandi",
        "brand_url": "https://www.heinemann.com.au/en/sydt1/villa-sandi/c/BRAND_2693/",
        "product_name": "Villa Sandi, Il Fresco, Prosecco Spumante, DOC, extra dry, white, 0.75 L",
        "quantity": "0.75\u00a0l",
        "price": "$25.00",
        "price_per_quantity": "($33.33 / 1 l)",
        "stock_availability": "Low stock",
        "description": "Villa Sandi stands for tradition and innovation in terms of Prosecco. In recent years their Prosecco were awarded repeatedly, recently the Spumante Il Fresco Doc Treviso has been awarded again from the wine journal Weinwirtschaft as Prosecco of the year 2013 - for the 9th Time! Il Fresco Spumante Doc Treviso has also been awarded in 2013 with the Golden Medal Mundus Vini.",
        "primary_image": "https://www.heinemann.com.au/medias/296349-527Wx527H?context=bWFzdGVyfGltYWdlc3w0OTQ0NXxpbWFnZS9qcGVnfGFHUTVMMmhrTXk4NU5qYzJPVEF5TWpNMk1Ua3dMekk1TmpNME9WODFNamRYZURVeU4wZ3w4MTFiNTg1ZDkyODJlNGZhYjljZTFlNjY0NTE1ZjE1ZDNkMzA2NTRmYTFmN2M0NDQ5MGUwOTNhMzJiZjQ3Mjhj&v=1650906626989",
        "images": []
    },
    {
        "product_url": "https://www.heinemann.com.au/en/sydt1/bottega/bottega-gold-prosecco-spumante-doc-brut-white-0-75l/p/000000000000115090/",
        "brand_name": "Bottega",
        "brand_url": "https://www.heinemann.com.au/en/sydt1/bottega/c/BRAND_2833/",
        "product_name": "Bottega, Gold, Prosecco Spumante, DOC, brut, white, 0.75L",
        "quantity": "0.75\u00a0l",
        "price": "$41.00",
        "price_per_quantity": "($54.67 / 1 l)",
        "stock_availability": "Low stock",
        "description": "Bottega Gold contains Prosecco \u2013 Italy's most popular sparkling wine \u2013 coming from the Valdobbiadene hills (close to the Venetian Pre-Alps), as region with a long history of wine-growing with a climate that is ideal for this native grape variety. The outstanding golden bottle packaging not only has a strong emotional effect, making it a really prestigious gift, but also protects the wine from any source of light, preserving its extraordinary aroma and freshness.",
        "primary_image": "https://www.heinemann.com.au/medias/527Wx527H-null?context=bWFzdGVyfGltYWdlc3w0MDUyNnxpbWFnZS9qcGVnfGFERXhMMmd5Tnk4eE1UYzRNalV5TURNM016STNPQzgxTWpkWGVEVXlOMGhmYm5Wc2JBfGVjNTYzOTkwNDAxYjMwNTUyMGYzY2E0ODc3ZmU1MGM1MWJmZjVhNzA5ZDhkYTI0ODdhNGFjY2VlMDVhZjQ5NWE&v=1739828555627",
        "images": []
    },
    {
        "product_url": "https://www.heinemann.com.au/en/sydt1/bottega/bott-rose-gold-0-2l/p/000000000001091026/",
        "brand_name": "Bottega",
        "brand_url": "https://www.heinemann.com.au/en/sydt1/bottega/c/BRAND_2833/",
        "product_name": "Bott Rose Gold 0.2L",
        "quantity": "0.2\u00a0l",
        "price": "$12.00",
        "price_per_quantity": "($60.00 / 1 l)",
        "stock_availability": "",
        "description": "Bottega Rose Gold is a pure Pinot Noir sparkling wine.",
        "primary_image": "https://www.heinemann.com.au/medias/527Wx527H-null?context=bWFzdGVyfGltYWdlc3wzMTA4OHxpbWFnZS9qcGVnfGFHWXhMMmhsTXk4eE1UYzRNalV5TnpneE1UWXhOQzgxTWpkWGVEVXlOMGhmYm5Wc2JBfDExYzgwZmIwNzg2NGY5YjcxMTA4ODdiYTEwNGQyMGMzOGVjYTFiMGZkYzdkZmU2OTI1MDRiOWYxYzliNTY3ZGM&v=1739828937999",
        "images": []
    },
    {
        "product_url": "https://www.heinemann.com.au/en/sydt1/kylie-minogue/kylie-minogue-prosecco-doc-extra-dry-rose-0-75l/p/000000000001510415/",
        "brand_name": "Kylie Minogue",
        "brand_url": "https://www.heinemann.com.au/en/sydt1/kylie-minogue/c/BRAND_3711/",
        "product_name": "Kylie Minogue, Prosecco, DOC, extra-dry, ros\u00e9 0.75L",
        "quantity": "0.75\u00a0l",
        "price": "$26.00",
        "price_per_quantity": "($34.67 / 1 l)",
        "stock_availability": "",
        "description": "This sensational Prosecco Ros\u00e9 is encased in a show-stopping heart embossed bottle. Inside the elegant fizz is every bit as elegant and pretty as the exterior suggests. A gently-sparkling Prosecco with a heavenly scent of fresh strawberries, raspberries and almond blossom. Undeniably thirst-quenching and moreish with a delicate off-dry finish. Kylie Minogue\u2019s debut Prosecco Ros\u00e9 comes from the prestigious Zonin estate, a family-owned winery spanning seven generations who are the pioneers of premium D.O.C. Prosecco and who celebrated their 200th anniversary earlier this year. Located in the heart of Veneto across the undulating valleys of Gambellara, North West Italy the Zonin Estate stretches across 4,000 hectares and produces arguably some of the best Proseccos in the world.",
        "primary_image": "https://www.heinemann.com.au/medias/527Wx527H-null?context=bWFzdGVyfGltYWdlc3wzODYwN3xpbWFnZS9qcGVnfGFEUTJMMmd5WVM4eE1UTXhNakE1TmpVM05UVXhPQzgxTWpkWGVEVXlOMGhmYm5Wc2JBfDc4OWUxOGEyZTU5YzI2YTJjOTcxOTBhYzZmYzBjOGVlNGI0Y2UwYTUyYTFkNzVkNWFkOTE3NGNjOTRjOGRhZjM&v=1729802945666",
        "images": []
    },
    {
        "product_url": "https://www.heinemann.com.au/en/sydt1/wolf-blass/wolf-blass-private-release-shiraz-0-75l/p/000000000001119273/",
        "brand_name": "Wolf Blass",
        "brand_url": "https://www.heinemann.com.au/en/sydt1/wolf-blass/c/BRAND_4729/",
        "product_name": "Wolf Blass Private Release Shiraz 0.75L",
        "quantity": "0.75\u00a0l",
        "price": "$25.00",
        "price_per_quantity": "($33.33 / 1 l)",
        "stock_availability": "In stock",
        "description": "The Private Release range was born of Wolf Blass founder Wolfgang Blass AM\u2019s philosophy to create eminently drinkable wines, making them the perfect accompaniment to any meal. This soft, approachable Shiraz has an aromatic lift of blackberries and spice with a subtle touch of oak. The palate is medium-bodied, smooth and velvety with fresh, plump, mouth-filling fruit and long, soft tannins.",
        "primary_image": "https://www.heinemann.com.au/medias/1119273-527Wx527H?context=bWFzdGVyfGltYWdlc3w0MTMwNHxpbWFnZS9qcGVnfGFEa3lMMmc1TUM4NU5UWXhNVGt6TmpFeE1qazBMekV4TVRreU56TmZOVEkzVjNnMU1qZEl8ZDEwOGNmZDJlNTEzMTMyNzE4NTA1Y2IwNWU0N2EzOWQ0NGMxZjY5MGUzMWM0NjdkYzBiOWM1Y2RmODQyNmUyNg&v=1612904763222",
        "images": [
            "https://www.heinemann.com.au/medias/1119273-527Wx527H?context=bWFzdGVyfGltYWdlc3w0MTMwNHxpbWFnZS9qcGVnfGFEa3lMMmc1TUM4NU5UWXhNVGt6TmpFeE1qazBMekV4TVRreU56TmZOVEkzVjNnMU1qZEl8ZDEwOGNmZDJlNTEzMTMyNzE4NTA1Y2IwNWU0N2EzOWQ0NGMxZjY5MGUzMWM0NjdkYzBiOWM1Y2RmODQyNmUyNg&v=1612904763222",
            "https://www.heinemann.com.au/medias/1119273-2-527Wx527H?context=bWFzdGVyfGltYWdlc3wzNDMzMHxpbWFnZS9qcGVnfGFEQXhMMmd5Tnk4NU5UWXhNVGsyT1RnMk16azRMekV4TVRreU56TmZNbDgxTWpkWGVEVXlOMGd8YzE5NGQ4MzEzNzA1Y2ZhM2EyN2RiYmU0MTU2NzQ0Nzg1NTM0ZmM0ZjEwNDY1ZDM1NTFhOTU4Nzc4MjY1MjE3OA&v=1612904805605"
        ]
    },
    {
        "product_url": "https://www.heinemann.com.au/en/sydt1/bottega/bottega-prosecco-vino-biologico-spumante-doc-extra-dry-white-organic-0-75l/p/000000000001183946/",
        "brand_name": "Bottega",
        "brand_url": "https://www.heinemann.com.au/en/sydt1/bottega/c/BRAND_2833/",
        "product_name": "Bottega, Prosecco, Vino Biologico, Spumante, DOC, extra-dry, white (organic) 0.75L",
        "quantity": "0.75\u00a0l",
        "price": "$31.00",
        "price_per_quantity": "($41.33 / 1 l)",
        "stock_availability": "Low stock",
        "description": "Prosecco Bio Bottega is the result of the vinification of selected grapes grown in full compliance with the dictates of organic farming. It is an Extra Dry sparkling wine that is characterized, compared to a traditional Prosecco, by the pronounced aromatic intensity that enhances the organoleptic characteristics",
        "primary_image": "https://www.heinemann.com.au/medias/527Wx527H-null?context=bWFzdGVyfGltYWdlc3wzOTUwNHxpbWFnZS9qcGVnfGFHWTNMMmc0WkM4eE1UYzRNalV5T0RJM01ETTJOaTgxTWpkWGVEVXlOMGhmYm5Wc2JBfGE1OGE0YzMxZTVkZmYzMmJlMzA4YmQ3ODQwOTdmNzZlY2VhMzZkYjc4NTg4ZDA3NjBmNzc4YzlhNjFmNjBjMzM&v=1739828963479",
        "images": []
    },
    {
        "product_url": "https://www.heinemann.com.au/en/sydt1/wolf-blass/wolf-blass-estates-of-the-barossa-st-john-s-ebenezer-road-shiraz-red-0-75l/p/000000000001119267/",
        "brand_name": "Wolf Blass",
        "brand_url": "https://www.heinemann.com.au/en/sydt1/wolf-blass/c/BRAND_4729/",
        "product_name": "Wolf Blass, Estates of the Barossa St John's Ebenezer Road Shiraz, red 0.75L",
        "quantity": "0.75\u00a0l",
        "price": "$75.00",
        "price_per_quantity": "($100.00 / 1 l)",
        "stock_availability": "In stock",
        "description": "The Estate of the Barossa range is exclusive to Travel Retail; Sourced from vineyards along Ebenezer Road at St John\u2019s in the Barossa\u2019s north, this is a Shiraz of power and opulence.",
        "primary_image": "https://www.heinemann.com.au/medias/1119267-527Wx527H?context=bWFzdGVyfGltYWdlc3wzNzI1MXxpbWFnZS9qcGVnfGFEUm1MMmd3TWk4NU5qTXdOek13TURreU5UYzBMekV4TVRreU5qZGZOVEkzVjNnMU1qZEl8MzUwOTU0NzMzODI1ZmI0MzQxZjZmNTI1YzA3ZjhlOWE2NGVmY2FkZGQ5ZTkwNDkzMjFkOWIxY2VmZTI2ZTQyOA&v=1635888201667",
        "images": []
    },
    {
        "product_url": "https://www.heinemann.com.au/en/sydt1/cape-mentelle/cape-mentelle-sauvignon-blanc-white-0-75l/p/000000000001005942/",
        "brand_name": "Cape Mentelle",
        "brand_url": "https://www.heinemann.com.au/en/sydt1/cape-mentelle/c/BRAND_4724/",
        "product_name": "Cape Mentelle, Sauvignon Blanc, white, 0.75L",
        "quantity": "0.75\u00a0l",
        "price": "$27.00",
        "price_per_quantity": "($36.00 / 1 l)",
        "stock_availability": "",
        "description": "Cape Mentelle takes a minimalist approach towards this classic Margaret River blend. The aim is to preserve as much fruit intensity and regional character as possible, whilst providing a full-flavoured distinctive white wine. The style accentuates the fresh fruit characters of both varieties with the added complexity and palate weight offered by a small portion of barrel fermentation.",
        "primary_image": "https://www.heinemann.com.au/medias/527Wx527H-null?context=bWFzdGVyfGltYWdlc3wyNDE3M3xpbWFnZS9qcGVnfGFHTTBMMmcxT0M4NU56RTRNekkxTXpjNU1UQXlMelV5TjFkNE5USTNTRjl1ZFd4c3w2ZDYzZWRiN2MxMmQzNWEzZDVkNzE3Y2NkMmM2Nzk0Y2VjNTRhYmJiOWFmNjA5YmFkYjFmMWFlY2ViNTlhMDBh&v=1667338713698",
        "images": []
    },
    {
        "product_url": "https://www.heinemann.com.au/en/sydt1/buergerspital/buergerspital-wuerzburger-stein-silvaner-erste-lage-franken-dry-white-0-75l/p/000000000000638996/",
        "brand_name": "B\u00fcrgerspital",
        "brand_url": "https://www.heinemann.com.au/en/sydt1/buergerspital/c/BRAND_4528/",
        "product_name": "B\u00fcrgerspital, W\u00fcrzburger Stein, Silvaner, Erste Lage, Franken, dry, white, 0.75L",
        "quantity": "0.75\u00a0l",
        "price": "$19.90",
        "price_per_quantity": "($26.53 / 1 l)",
        "stock_availability": "",
        "description": "B\u00fcrgespital is a traditional premium wine estate with almost 700 years experience. This wine is grown on the world famous site \"W\u00fcrzburger Stein\" after a short time on the mush it is fermented at an even temperature and aged \"sur Lie\" in oak casks.",
        "primary_image": "https://www.heinemann.com.au/medias/527Wx527H-null?context=bWFzdGVyfGltYWdlc3w1MzUzNHxpbWFnZS9qcGVnfGFHUTNMMmhoTmk4NU56WTFNRE0wTWpJNU56a3dMelV5TjFkNE5USTNTRjl1ZFd4c3xmZTAxZDhiMDZiNjFiYjExYjVmMjFlZGQ5N2Q3ZDdiMjhiY2NjNDU3NGRiYTczNzhkYjMwODE1ZGE4MjRlMzEw&v=1684269972615",
        "images": []
    },
    {
        "product_url": "https://www.heinemann.com.au/en/sydt1/hugel/hugel-riesling-classic-alsace-aoc-dry-white-0-75l/p/000000000000926561/",
        "brand_name": "Hugel",
        "brand_url": "https://www.heinemann.com.au/en/sydt1/hugel/c/BRAND_4980/",
        "product_name": "Hugel, Riesling Classic, Alsace, AOC, dry, white 0.75L",
        "quantity": "0.75\u00a0l",
        "price": "$26.00",
        "price_per_quantity": "($34.67 / 1 l)",
        "stock_availability": "",
        "description": "Produced by the HUGEL family, 12 generations ofunbroken winegrowing tradition since 1639.Alsace is the driest wine region in France with a cool and long growing season giving unique dry wines with great finesse and unequalled intensity.RIESLING is the top gastronomic wine of our region.True to tradition, this wine remains elegant and dry\u00a0 with a crisp, refreshing acidity. It partners most specialities of Alsace as well as fish and seafood.This wine may show a slight sediment of tartrate crystals, a sign of a natural non-treated wine.",
        "primary_image": "https://www.heinemann.com.au/medias/527Wx527H-null?context=bWFzdGVyfGltYWdlc3wzNDY5OHxpbWFnZS9qcGVnfGFEVTJMMmhsWkM4NU9EQXdPREUzTWpFek5EY3dMelV5TjFkNE5USTNTRjl1ZFd4c3wxMjY4YjY3MDYyYzQwY2Q5NTJhNzM1Y2E5Njk4NDk3MWU3YzNhYWMwMzkyYWViMjExMGNiNTZmOTFhMzkzODEy&v=1691463671068",
        "images": [
            "https://www.heinemann.com.au/medias/527Wx527H-null?context=bWFzdGVyfGltYWdlc3wzNDY5OHxpbWFnZS9qcGVnfGFEVTJMMmhsWkM4NU9EQXdPREUzTWpFek5EY3dMelV5TjFkNE5USTNTRjl1ZFd4c3wxMjY4YjY3MDYyYzQwY2Q5NTJhNzM1Y2E5Njk4NDk3MWU3YzNhYWMwMzkyYWViMjExMGNiNTZmOTFhMzkzODEy&v=1691463671068",
            "https://www.heinemann.com.au/medias/926561-1-527Wx527H?context=bWFzdGVyfGltYWdlc3wyOTc0M3xpbWFnZS9qcGVnfGFEZ3pMMmc1WXk4NU5qYzNOVFUxTVRjeE16VTRMemt5TmpVMk1WOHhYelV5TjFkNE5USTNTQXw1MWQ1YTI4YTU1MWY0N2QyYjA2ZmJhMjE4MzU3OWZhZGM2YTNjZWFjNzUwZTBiOTQ1ZWVmOWZkZGZmOTJmOTNh&v=1650960338851"
        ]
    },
    {
        "product_url": "https://www.heinemann.com.au/en/sydt1/hugel/hugel-gewuerztraminer-classic-alsace-aoc-dry-white-0-75l/p/000000000000926526/",
        "brand_name": "Hugel",
        "brand_url": "https://www.heinemann.com.au/en/sydt1/hugel/c/BRAND_4980/",
        "product_name": "Hugel, Gew\u00fcrztraminer Classic, Alsace, AOC, dry, white 0.75L",
        "quantity": "0.75\u00a0l",
        "price": "$33.00",
        "price_per_quantity": "($44.00 / 1 l)",
        "stock_availability": "",
        "description": "Produced by the Hugel family, through twelve generations of unbroken winegrowing tradition since 1639. Alsace is the driest wine region in France with a cool and long growing season giving unique dry wines with great finesse and unequalled intensity. Gewurztraminer is the great speciality of our region. Spicy and suave, it can be enjoyed on its own, but makes a marvellous accompaniment to all rich, spicy dishes, smoked fish & Oriental cuisine. This wine may show a slight sediment of tartrate crystals, a sign of a natural non-treated wine.",
        "primary_image": "https://www.heinemann.com.au/medias/527Wx527H-null?context=bWFzdGVyfGltYWdlc3wzMzUxMnxpbWFnZS9qcGVnfGFETTRMMmhpTXk4NU9EQXdPREUyTlRJMU16UXlMelV5TjFkNE5USTNTRjl1ZFd4c3w3MjhjMzI5MDgwYjQ2NTZjMzM5YTU4MDU0OWY0N2Y5NjQ0NDgwMWMwYTllN2Q5ZDQ0ZGFhNzIwYTJhY2NlNWU1&v=1691463635560",
        "images": [
            "https://www.heinemann.com.au/medias/527Wx527H-null?context=bWFzdGVyfGltYWdlc3wzMzUxMnxpbWFnZS9qcGVnfGFETTRMMmhpTXk4NU9EQXdPREUyTlRJMU16UXlMelV5TjFkNE5USTNTRjl1ZFd4c3w3MjhjMzI5MDgwYjQ2NTZjMzM5YTU4MDU0OWY0N2Y5NjQ0NDgwMWMwYTllN2Q5ZDQ0ZGFhNzIwYTJhY2NlNWU1&v=1691463635560",
            "https://www.heinemann.com.au/medias/926526-1-527Wx527H?context=bWFzdGVyfGltYWdlc3wyOTMzMnxpbWFnZS9qcGVnfGFEVTNMMmhsWWk4NU5qYzNOVFUwT1RReE9UZ3lMemt5TmpVeU5sOHhYelV5TjFkNE5USTNTQXxmOGMyYTNjYjBhMzY5Mjk0NDgzYzg3MDE2ZWZkMjE0M2IxMDQyZDQ5ZjdmNzdkZjczY2E2MjZhNjg0NjA5Zjc0&v=1650960336857"
        ]
    },
    {
        "product_url": "https://www.heinemann.com.au/en/sydt1/tommasi/tommasi-pinot-grigio-le-rosse-veneto-igp-dry-white-0-75l/p/000000000000543621/",
        "brand_name": "Tommasi",
        "brand_url": "https://www.heinemann.com.au/en/sydt1/tommasi/c/BRAND_4582/",
        "product_name": "Tommasi, Pinot Grigio, Le Rosse, Veneto, IGP, dry, white 0.75L",
        "quantity": "0.75\u00a0l",
        "price": "$26.00",
        "price_per_quantity": "($34.67 / 1 l)",
        "stock_availability": "",
        "description": "Pinot Grigio is Italy\u2019s signature white wine all over the world. It is the most imported and most widely sold white from Italy, synonymous with premium Italian wine  and an icon of Italian style.",
        "primary_image": "https://www.heinemann.com.au/medias/527Wx527H-null?context=bWFzdGVyfGltYWdlc3wzMjEyM3xpbWFnZS9qcGVnfGFESXhMMmczTWk4eE1ETXdORFUwT0Rnek1USTJNaTgxTWpkWGVEVXlOMGhmYm5Wc2JBfGM0ZjQwYjVkZjk1YjNjNThlOWI5ZjU3ZGQ0ZDQzNjZmNDRlNmZhNjY3NmQxMGRjZDNhODkzNGM3ZDcxZTdjMGU&v=1707357822198",
        "images": []
    },
    {
        "product_url": "https://www.heinemann.com.au/en/sydt1/louis-jadot/louis-jadot-les-deux-versants-pouilly-fuisse-aoc-dry-white-0-75l/p/000000000000250069/",
        "brand_name": "Louis Jadot",
        "brand_url": "https://www.heinemann.com.au/en/sydt1/louis-jadot/c/BRAND_4990/",
        "product_name": "Louis Jadot, Les Deux Versants, Pouilly-Fuiss\u00e9, AOC, dry, white 0.75L",
        "quantity": "0.75\u00a0l",
        "price": "$85.00",
        "price_per_quantity": "($113.33 / 1 l)",
        "stock_availability": "",
        "description": "To the south of M\u00e2con, where the contours become more marked, around the rock cliffs of Vergisson and Solutr\u00e9, the Pouilly Fuiss\u00e9 vineyards completely cover the steep slopes on which the soil is a mixture of clay and chalk from the Jurassic era.",
        "primary_image": "https://www.heinemann.com.au/medias/527Wx527H-null?context=bWFzdGVyfGltYWdlc3wzODMzM3xpbWFnZS9qcGVnfGFESmxMMmd4TVM4NU9EQXdOekEwTnpnMk5EWXlMelV5TjFkNE5USTNTRjl1ZFd4c3xlZjk0ZjAyZjMwZGIxMjg4MWYzZjBiOTUxYzkwY2Y1YzhjY2Y2YjhiNjA2NTY5YzU0MzczNTI2ZmMzZmU4OTZi&v=1691443875658",
        "images": [
            "https://www.heinemann.com.au/medias/527Wx527H-null?context=bWFzdGVyfGltYWdlc3wzODMzM3xpbWFnZS9qcGVnfGFESmxMMmd4TVM4NU9EQXdOekEwTnpnMk5EWXlMelV5TjFkNE5USTNTRjl1ZFd4c3xlZjk0ZjAyZjMwZGIxMjg4MWYzZjBiOTUxYzkwY2Y1YzhjY2Y2YjhiNjA2NTY5YzU0MzczNTI2ZmMzZmU4OTZi&v=1691443875658",
            "https://www.heinemann.com.au/medias/527Wx527H-null?context=bWFzdGVyfGltYWdlc3wzNzE0NnxpbWFnZS9qcGVnfGFERmlMMmcwTnk4NU9EQXdOekExTWpRMU1qRTBMelV5TjFkNE5USTNTRjl1ZFd4c3w2MmUxMTgwZGNmNWI4Mjg1NzU5Y2UyMDA3MGYxMjFjZTA3N2ZhMjQ3YmQ0MWVkM2VkZDdhZGI3YWY4ZTA3M2Iz&v=1691443904363"
        ]
    },
    {
        "product_url": "https://www.heinemann.com.au/en/sydt1/jacob-s-creek/jacob-s-creek-ad-hills-sauvignon-blanc-0-75l/p/000000000001117494/",
        "brand_name": "Jacob's Creek",
        "brand_url": "https://www.heinemann.com.au/en/sydt1/jacob-s-creek/c/BRAND_2743/",
        "product_name": "Jacob's Creek Ad Hills Sauvignon Blanc 0.75L",
        "quantity": "0.75\u00a0l",
        "price": "$17.00",
        "price_per_quantity": "($22.67 / 1 l)",
        "stock_availability": "In stock",
        "description": "Jacob's Creek is one of the most well known, trusted and enjoyed Australian wines around the world. It delivers fresh, elegant and great tasting wines that show true varietal character. The philosophy of Jacob's Creek is to offer a range of wines that suit all occasions.",
        "primary_image": "https://www.heinemann.com.au/medias/1117494-527Wx527H?context=bWFzdGVyfGltYWdlc3w1ODY1NHxpbWFnZS9qcGVnfGFXMWhaMlZ6TDJnNFlpOW9aV1V2T1RNME1UQXhOVFV5TXpNMU9DNXFjR2N8NmJjYzA2MDFmYzZlMDA1NDZmYTA5ZmNmOGU5Yzk5ZDZkYzc4ZjlmNWQwZGU3OTQxYjA2MTY2OTNkN2E2ZTMyMQ&v=1576793911652",
        "images": [
            "https://www.heinemann.com.au/medias/1117494-527Wx527H?context=bWFzdGVyfGltYWdlc3w1ODY1NHxpbWFnZS9qcGVnfGFXMWhaMlZ6TDJnNFlpOW9aV1V2T1RNME1UQXhOVFV5TXpNMU9DNXFjR2N8NmJjYzA2MDFmYzZlMDA1NDZmYTA5ZmNmOGU5Yzk5ZDZkYzc4ZjlmNWQwZGU3OTQxYjA2MTY2OTNkN2E2ZTMyMQ&v=1576793911652",
            "https://www.heinemann.com.au/medias/1117494-2-527Wx527H?context=bWFzdGVyfGltYWdlc3wzOTE1NHxpbWFnZS9qcGVnfGFHTmpMMmhtTlM4NU5qTXdOelV6T0RneU1UUXlMekV4TVRjME9UUmZNbDgxTWpkWGVEVXlOMGd8MjEzNmIwYzg3NzVhZDIwOTExYzgzOGI3NjgwODNlYzU5OTliODM3MzUwNGIzNWFhMzE1NjE1Zjk0YWMxZjg3OQ&v=1635888406410",
            "https://www.heinemann.com.au/medias/1117494-1-527Wx527H?context=bWFzdGVyfGltYWdlc3wzMzU1MHxpbWFnZS9qcGVnfGFHRTBMMmhsWlM4NU5qTXdOelV6TmpVeU56WTJMekV4TVRjME9UUmZNVjgxTWpkWGVEVXlOMGd8ZjkxNGZjY2QzN2Y0MzcxYTY5ZmVhOWIxZmU0YTQ2MTAwNDhlY2E2MGQxZGE3ZDdkN2M3YTI5NWM3NDMwNzA5Ng&v=1635888404422"
        ]
    },
    {
        "product_url": "https://www.heinemann.com.au/en/sydt1/cloudy-bay/cloudy-bay-chardonnay-dry-white-0-75l/p/000000000001015479/",
        "brand_name": "Cloudy Bay",
        "brand_url": "https://www.heinemann.com.au/en/sydt1/cloudy-bay/c/BRAND_4732/",
        "product_name": "Cloudy Bay Chardonnay, dry, white 0.75L",
        "quantity": "0.75\u00a0l",
        "price": "$46.00",
        "price_per_quantity": "($61.33 / 1 l)",
        "stock_availability": "In stock",
        "description": "The widespread international aromatic grape variety, proudly part of Cloudy Bay portfolio since 1986: fragrant, textured, elegant. Our 2014 Chardonnay was sourced from four vineyard blocks, each located a separate sub-region: Brancott, Fairhall, Ben Morven and Central Wairau Valley. It will match perfectly with crab ravioli with lemon butter or grilled halibut with tarragon beurre blanc and asparagus.",
        "primary_image": "https://www.heinemann.com.au/medias/527Wx527H-null?context=bWFzdGVyfGltYWdlc3wzMDcxM3xpbWFnZS9qcGVnfGFEY3pMMmd4WlM4NU56RTRNekkyTnpVMU16VTRMelV5TjFkNE5USTNTRjl1ZFd4c3w0NWY4MGIyZmRhMjUzMGJiYTQ1Y2JjYTQ0MDc1ZjAyMDNmMDkxNmJmMTA3ZTNhNzRiNTNiMGNlYTlhODg5YmZm&v=1667338750605",
        "images": []
    },
    {
        "product_url": "https://www.heinemann.com.au/en/sydt1/dr-loosen/dr-loosen-riesling-kabinett-blue-slate-sweet-white-screw-cap-0-75l/p/000000000000538936/",
        "brand_name": "Dr. Loosen",
        "brand_url": "https://www.heinemann.com.au/en/sydt1/dr-loosen/c/BRAND_5683/",
        "product_name": "Dr. Loosen, Riesling Kabinett Blue Slate, sweet, white, (screw-cap), 0.75L",
        "quantity": "0.75\u00a0l",
        "price": "$23.00",
        "price_per_quantity": "($30.67 / 1 l)",
        "stock_availability": "",
        "description": "Blue slate is the most typical type of slate in the Middle Mosel. It provides vital nutrients to the vines and gives the wines a mineral edge that enhances the naturally high acidity of Riesling. The vineyards are characterised by incredibly steep slopes, mineral richness and excellent drainage. This combination results in zippy, mineral-drenched wines that are fruity, crisp and very refreshing. Winemaker Ernst Loosen is also one of Germany's most respected wine personalities.",
        "primary_image": "https://www.heinemann.com.au/medias/527Wx527H-null?context=bWFzdGVyfGltYWdlc3wzMjYyNXxpbWFnZS9qcGVnfGFERTBMMmcyT0M4eE1UYzVOVFkwT1RjeU5EUTBOaTgxTWpkWGVEVXlOMGhmYm5Wc2JBfGE2NjAzNjkzNTUzYmViY2Y0MWM0MDYzZjkyMDhhMWNmM2ZiM2NiMGNlYWFkNGYwOTEwMjVhMjkzMGNlZWE0OTE&v=1740086669105",
        "images": [
            "https://www.heinemann.com.au/medias/527Wx527H-null?context=bWFzdGVyfGltYWdlc3wzMjYyNXxpbWFnZS9qcGVnfGFERTBMMmcyT0M4eE1UYzVOVFkwT1RjeU5EUTBOaTgxTWpkWGVEVXlOMGhmYm5Wc2JBfGE2NjAzNjkzNTUzYmViY2Y0MWM0MDYzZjkyMDhhMWNmM2ZiM2NiMGNlYWFkNGYwOTEwMjVhMjkzMGNlZWE0OTE&v=1740086669105",
            "https://www.heinemann.com.au/medias/538936-1-527Wx527H?context=bWFzdGVyfGltYWdlc3wzMDE5M3xpbWFnZS9qcGVnfGFXMWhaMlZ6TDJnMU1TOW9OVEV2T0RrME1EQXlNakF6T0RVMU9DNXFjR2N8MTEyNDI1NThhYTBmZDI0MjE4ZWRjNDM1YWE4ZDY5ZmEyZTlhMDMxMzIxYjkyYmFiOGI5NTQzOGM4OGFiYjUzNQ&v=1543061096886"
        ]
    },
    {
        "product_url": "https://www.heinemann.com.au/en/sydt1/cloudy-bay/cloudy-bay-sauvignon-blanc-marlborough-dry-white-0-75l/p/000000000000634125/",
        "brand_name": "Cloudy Bay",
        "brand_url": "https://www.heinemann.com.au/en/sydt1/cloudy-bay/c/BRAND_4732/",
        "product_name": "Cloudy Bay Sauvignon Blanc, Marlborough, dry, white, 0.75L",
        "quantity": "0.75\u00a0l",
        "price": "$45.00",
        "price_per_quantity": "($60.00 / 1 l)",
        "stock_availability": "In stock",
        "description": "Cloudy Bay Sauvignon Blanc put New Zealand on the map with its captivating flavour. The 2023 Sauvignon Blanc is enticing and appealing, with notes of honeydew melon, passionfruit, citrus and blackcurrant leaf. The 2023 vintage of this always-reliable sauvignon blanc is a wine with massive drive and concentration. It's characterised by notes of vibrant citrus, fresh lemongrass and sweet honeydew melon, balanced by a stony salinity and mouthwatering blackcurrant freshness. It's everything you'd expect a sauvignon blanc from New Zealand's Marlborough region to be, and is ready to chill and enjoy now \u2013 or it will happily spend another 10 years in the cellar for a richer, more complex end result.",
        "primary_image": "https://www.heinemann.com.au/medias/527Wx527H-null?context=bWFzdGVyfGltYWdlc3wzMDUyOHxpbWFnZS9qcGVnfGFEYzRMMmczWmk4eE1USTROVE0wTkRBNU1qRTVNQzgxTWpkWGVEVXlOMGhmYm5Wc2JBfGZjOWI0NGMwODdmMTljN2Q3NWJjYjc5NjU5MDE4MmNkZmE1YTEyZTI5NDk5YzFhODBlNGRjMmNhOWMzNjUwODY&v=1729313468510",
        "images": []
    },
    {
        "product_url": "https://www.heinemann.com.au/en/sydt1/william-fevre/william-fevre-chablis-premier-cru-vaillons-aoc-dry-white-0-75l/p/000000000001024028/",
        "brand_name": "William F\u00e8vre",
        "brand_url": "https://www.heinemann.com.au/en/sydt1/william-fevre/c/BRAND_6145/",
        "product_name": "William F\u00e8vre, Chablis Premier Cru, Vaillons, AOC, dry, white, 0.75L",
        "quantity": "0.75\u00a0l",
        "price": "$74.00",
        "price_per_quantity": "($98.67 / 1 l)",
        "stock_availability": "Low stock",
        "description": "Founded in 1959, Domaine William F\u00e8vre today possesses over 50 hectares of vineyards and the largest holding of Grands Crus with 15 hectares.  Its ambition: to reveal the many nuances of the pure Chablis-style.",
        "primary_image": "https://www.heinemann.com.au/medias/527Wx527H-null?context=bWFzdGVyfGltYWdlc3wzNTQ4NXxpbWFnZS9qcGVnfGFHRTVMMmd5WWk4eE1UY3pOVEV5TVRJNU56UXpPQzgxTWpkWGVEVXlOMGhmYm5Wc2JBfDc1YWIzZWQxYzIyMmQ1YjM3NzAxYjBmYzA2NmNhYWNmNzYxYTQ5MmJhYTMzZTY1NDE4NzBhOWIzZDIwM2I2Y2U&v=1738880893996",
        "images": []
    },
    {
        "product_url": "https://www.heinemann.com.au/en/sydt1/galway/galway-pipe-25yo-rare-tawny-19vol-0-5l/p/000000000001643248/",
        "brand_name": "Galway",
        "brand_url": "https://www.heinemann.com.au/en/sydt1/galway/c/BRAND_0973/",
        "product_name": "Galway Pipe 25YO Rare Tawny 19% 0.5L",
        "quantity": "0.5\u00a0l",
        "price": "$90.00",
        "price_per_quantity": "($180.00 / 1 l)",
        "stock_availability": "",
        "description": "WITH A RICH HISTORY & HIGHLY REGARDED REPUTATION, THE GALWAY PIPE NAME IS SYNONYMOUS WITH PREMIUM AUSTRALIAN FORTIFIED WINE. OUR 25 YO IS AN EXCEPTIONAL STEP-UP WITH UNPARALLELED STRUCTURE & DEPTH, MAKING USE OF HIGHLY LIMITED PARCELS OF AGED TAWNY, SOME PARCELS EXCEEDING 25 YEARS OLD. ONLY 1,000 CASES PRODUCED EACH YEAR\u2026",
        "primary_image": "https://www.heinemann.com.au/medias/527Wx527H-null?context=bWFzdGVyfGltYWdlc3w2ODkxMnxpbWFnZS9qcGVnfGFERmxMMmhqTlM4eE1UVXlNelUxT0RnNU9UYzBNaTgxTWpkWGVEVXlOMGhmYm5Wc2JBfDdhNmYxZjFkYTQ2ZTdlOGU1NDU1Zjc3NzQ2YzI0NWEzOWEyMzE3ZmUwMGE1YmJlNDgzYjE5NjlhYjM2MTAxNDE&v=1734470390579",
        "images": []
    },
    {
        "product_url": "https://www.heinemann.com.au/en/sydt1/graham-s/graham-s-tawny-travel-pack-3x0-2l-20vol-contains-graham-s-the-tawny-port-graham-s-10y-port-graham-s-20y-port/p/000000000001354806/",
        "brand_name": "Graham's",
        "brand_url": "https://www.heinemann.com.au/en/sydt1/graham-s/c/BRAND_2134/",
        "product_name": "Graham's Tawny Travel Pack 3x0.2L 20%, contains.: Graham\u00b4s The Tawny Port, Graham's 10y Port, Graham's 20y Port",
        "quantity": "0.6\u00a0l",
        "price": "$81.00",
        "price_per_quantity": "($135.00 / 1 l)",
        "stock_availability": "Low stock",
        "description": "Graham\u2019s was founded in 1820 by a Scottish family with wide interests in Portugal. In 1890 a magnificent Port lodge was built at the mouth of the river Douro overlooking the city of Oporto, still in use today. In the same year, the company acquired Quinta dos Malvedos, one of the Douro\u2019s greatest estates. Three other associated Quintas are key to Graham\u2019s finest wines; Quinta Vale de Malhadas in the Douro\u2019s eastern reaches, Quinta da Vila Velha, a very fine \u2018river Quinta\u2019 near to Malvedos and Quinta das Lages in the Rio Torto.",
        "primary_image": "https://www.heinemann.com.au/medias/527Wx527H-null?context=bWFzdGVyfGltYWdlc3w4MDM2MnxpbWFnZS9qcGVnfGFEVTJMMmhrTnk4eE1UYzRNalUyT1RZNE9URXhPQzgxTWpkWGVEVXlOMGhmYm5Wc2JBfGVhNjNmZmMwOTM4OThkM2MxMjAxYmRlYzk3YzUzNjNkMDE1ZGM1MjJhZDEyZjc0NWYzYzQ5MjFiNDYwZThlZDI&v=1739829383725",
        "images": []
    },
    {
        "product_url": "https://www.heinemann.com.au/en/sydt1/graham-s/graham-s-port-10y-20vol-0-75l-gift-pack/p/000000000001066612/",
        "brand_name": "Graham's",
        "brand_url": "https://www.heinemann.com.au/en/sydt1/graham-s/c/BRAND_2134/",
        "product_name": "Graham's Port 10y 20% 0.75L gift pack",
        "quantity": "0.75\u00a0l",
        "price": "$51.00",
        "price_per_quantity": "($68.00 / 1 l)",
        "stock_availability": "Low stock",
        "description": "Graham's 10 Years Old is a tribute to the craftsmanship, passion for excellence and unmatched precision at the heart of every handmade Tawny Port. After a decade of nurturing, this fortified wine is a wonderful expression of Tawny Port. For those who appreciate quality in every detail.",
        "primary_image": "https://www.heinemann.com.au/medias/527Wx527H-null?context=bWFzdGVyfGltYWdlc3w1OTg1MHxpbWFnZS9qcGVnfGFESTBMMmcwT1M4eE1UYzRNalV5TlRnM09ETXdNaTgxTWpkWGVEVXlOMGhmYm5Wc2JBfDBkY2VhMWYxOWVhN2Y2NmI5YTdlNzIxZGY5ZGY3MDlkNzBlZmY1ZDNhYjEwNzgxNzcxMDU1MGQ4MTc2ODFjYjA&v=1739828842370",
        "images": []
    },
    {
        "product_url": "https://www.heinemann.com.au/en/sydt1/galway/galway-pipe-rum-barrel-tawny-21vol-0-5l/p/000000000001643249/",
        "brand_name": "Galway",
        "brand_url": "https://www.heinemann.com.au/en/sydt1/galway/c/BRAND_0973/",
        "product_name": "Galway Pipe Rum Barrel Tawny 21% 0.5L",
        "quantity": "0.5\u00a0l",
        "price": "$68.00",
        "price_per_quantity": "($136.00 / 1 l)",
        "stock_availability": "",
        "description": "OUR WINEMAKING TEAM CAREFULLY SELECTED THE FINEST AND MOST UNIQUE PARCELS OF 12-YEAR-OLD TAWNY. THESE WERE THEN MATURED IN AUSTRALIAN BEENLEIGH EX-RUM BARRELS FOR A FURTHER 3 YEARS, THE DECORATIVE LABEL PATTERN IS A TRIBUTE TO SIR HENRY GALWAY\u2019S MILITARY DRESS UNIFORM, SYMBOLISING HIS LEGACY OF HIGH STANDARDS FOR SUPERIOR QUALITY. CAREFULLY SELECTED PARCELS, MATURED FOR THREE YEARS IN AUSTRALIAN BEENLEIGH RUM BARRELS.",
        "primary_image": "https://www.heinemann.com.au/medias/527Wx527H-null?context=bWFzdGVyfGltYWdlc3w0MDMzOHxpbWFnZS9qcGVnfGFHSmxMMmhsT1M4eE1UVXlNelUxT1RFeU9URXhPQzgxTWpkWGVEVXlOMGhmYm5Wc2JBfDk2YmNkZGZiNTIyZmMxYWU3OTI4MGM2ZmMxMjJkYzVlZTcxMGY5YmUxZmRkOWRmM2ZjMTQ3NWJhMjM0NDUwYWQ&v=1734470400860",
        "images": []
    },
    {
        "product_url": "https://www.heinemann.com.au/en/sydt1/taylor-s/taylor-s-tawny-port-10y-20vol-0-75l/p/000000000000849733/",
        "brand_name": "Taylor's",
        "brand_url": "https://www.heinemann.com.au/en/sydt1/taylor-s/c/BRAND_2254/",
        "product_name": "Taylor's Tawny Port 10y 20% 0.75L",
        "quantity": "0.75\u00a0l",
        "price": "$55.00",
        "price_per_quantity": "($73.33 / 1 l)",
        "stock_availability": "",
        "description": "Although best known for its legendary Vintage Ports, Taylor\u2019s is also one of the most respected producers of 10 Year Old Tawny Port.",
        "primary_image": "https://www.heinemann.com.au/medias/849733-527Wx527H?context=bWFzdGVyfGltYWdlc3wzNjkyOHxpbWFnZS9qcGVnfGFHVmtMMmc1TkM4NU5qYzNOVEV4T0RVeU1EWXlMemcwT1Rjek0xODFNamRYZURVeU4wZ3xlYWM4MjhiN2U0OTE0ZDMwOWFmMDAyMzUwY2ExMjYyM2Q0ZTUzYTU4OGNhZGM5YTU5ZTA5NTYwMzEzMTI4MjZi&v=1650954327973",
        "images": []
    },
    {
        "product_url": "https://www.heinemann.com.au/en/sydt1/graham-s/graham-s-tawny-port-20y-20vol-0-75l-gift-pack/p/000000000000691750/",
        "brand_name": "Graham's",
        "brand_url": "https://www.heinemann.com.au/en/sydt1/graham-s/c/BRAND_2134/",
        "product_name": "Graham's Tawny Port 20y 20% 0.75L gift pack",
        "quantity": "0.75\u00a0l",
        "price": "$90.00",
        "price_per_quantity": "($120.00 / 1 l)",
        "stock_availability": "",
        "description": "Graham\u2019s 20 Years Old Tawny is the result of the Master Blender\u2019s quest for the perfect balance between young and aged port wines. This is a port wine perfected over 20 years to delight those in pursuit of excellence.",
        "primary_image": "https://www.heinemann.com.au/medias/527Wx527H-null?context=bWFzdGVyfGltYWdlc3wxMDgyOTZ8aW1hZ2UvanBlZ3xhRGxoTDJobVpTOHhNVGM0TWpVeU1qVTJPRGN6TkM4MU1qZFhlRFV5TjBoZmJuVnNiQXw2YzE2MmI4NTU2ZDNjOTkxOTkxNDkwZmJkYTUxZjg2NjkwMGRjOWJhZWQ0NmM4YWI5YjliMmYzYWVlOGMwYzMy&v=1739828679687",
        "images": [
            "https://www.heinemann.com.au/medias/527Wx527H-null?context=bWFzdGVyfGltYWdlc3wxMDgyOTZ8aW1hZ2UvanBlZ3xhRGxoTDJobVpTOHhNVGM0TWpVeU1qVTJPRGN6TkM4MU1qZFhlRFV5TjBoZmJuVnNiQXw2YzE2MmI4NTU2ZDNjOTkxOTkxNDkwZmJkYTUxZjg2NjkwMGRjOWJhZWQ0NmM4YWI5YjliMmYzYWVlOGMwYzMy&v=1739828679687",
            "https://www.heinemann.com.au/medias/527Wx527H-null?context=bWFzdGVyfGltYWdlc3w0MTM3MnxpbWFnZS9qcGVnfGFEbG1MMmd5WkM4eE1UYzRNalV5TlRBMU9URXdNaTgxTWpkWGVEVXlOMGhmYm5Wc2JBfDk3NmJmZTg1YjI1MjI5YTkxNTY4NDliNzFhNjZmZDk3MTU2MGRjOTc1MzJlZjgzMGYxNzJmNWQ2YWM3ZDRmMWY&v=1739828804425"
        ]
    },
    {
        "product_url": "https://www.heinemann.com.au/en/sydt1/gassier/gassier-esprit-cotes-de-provence-aoc-dry-rose-screw-cap-0-75l-organic/p/000000000001252325/",
        "brand_name": "Gassier",
        "brand_url": "https://www.heinemann.com.au/en/sydt1/gassier/c/BRAND_5379/",
        "product_name": "Gassier, Esprit, C\u00f4tes de Provence, AOC, dry, ros\u00e9 (screw cap) 0.75L, organic",
        "quantity": "0.75\u00a0l",
        "price": "$27.00",
        "price_per_quantity": "($36.00 / 1 l)",
        "stock_availability": "",
        "description": "Combining the exceptional terroir of the Sainte-Victoire region with C\u00f4tes de Provence varietals to produce a wine that expresses the family\u2019s passion, expertise and creativity. Esprit Gassier is for those who go after the good life\u2014the really good life. Those who indulge in a cheese picnic on the French Riviera or anywhere else. A mouth full of roundness and gluttony on notes of white peach, mandarin and a final grapefruit. Who will happily reach for the last macaron?",
        "primary_image": "https://www.heinemann.com.au/medias/527Wx527H-null?context=bWFzdGVyfGltYWdlc3wzNzg1M3xpbWFnZS9qcGVnfGFHUTBMMmhtTXk4eE1USTBNekU0TkRjeE56ZzFOQzgxTWpkWGVEVXlOMGhmYm5Wc2JBfGVmODI0MmNmMzU0MWIzMjk3NmNhZDVhY2ViNDg1YWY1Zjg5YjZjMjQzNGMyMDg5YzhjZWNhNzQxODdhYmY1YTE&v=1728505362527",
        "images": []
    },
    {
        "product_url": "https://www.heinemann.com.au/en/sydt1/miraval/miraval-cotes-de-provence-aoc-dry-rose-0-75l/p/000000000001037596/",
        "brand_name": "Miraval",
        "brand_url": "https://www.heinemann.com.au/en/sydt1/miraval/c/BRAND_0551/",
        "product_name": "Miraval, C\u00f4tes de Provence, AOC, dry, ros\u00e9 0.75L",
        "quantity": "0.75\u00a0l",
        "price": "$41.00",
        "price_per_quantity": "($54.67 / 1 l)",
        "stock_availability": "In stock",
        "description": "Tucked away in its own private valley in the village of Correns, Ch\u00e2teau Miraval covers 1200 acres in the heart of Provence. The Ch\u00e2teau is set in a cirque surrounded by ancient woods, olive trees, vineyards and gifted with a generous water supply. Abundant wildlife, together with the beautiful Proven\u00e7al climate, create here an enchanting natural oasis. At an altitude of 350 metres, the vines here enjoy warm, sunny days and cool nights, bringing freshness and balance to their wines.",
        "primary_image": "https://www.heinemann.com.au/medias/527Wx527H-null?context=bWFzdGVyfGltYWdlc3w0NDAwNHxpbWFnZS9qcGVnfGFHRXdMMmhtWlM4NU56VTJNek01TnpNeU5URXdMelV5TjFkNE5USTNTRjl1ZFd4c3xjMTIyZWIwOGE2MzE3NzY3NDQwNjExZDY5YzFhMDliOWFlMTk3YTEyYzg2NDY2Nzk0NzNjYjczMDUzNzRlMTBk&v=1681764201096",
        "images": []
    },
    {
        "product_url": "https://www.heinemann.com.au/en/sydt1/domaines-ott/domaines-ott-chateau-rommassan-bandol-aoc-dry-rose-0-75l-bio/p/000000000000787069/",
        "brand_name": "Domaines Ott",
        "brand_url": "https://www.heinemann.com.au/en/sydt1/domaines-ott/c/BRAND_4974/",
        "product_name": "Domaines Ott, Ch\u00e2teau Rommassan, Bandol, AOC, dry, ros\u00e9, 0.75L BIO",
        "quantity": "0.75\u00a0l",
        "price": "$71.00",
        "price_per_quantity": "($94.67 / 1 l)",
        "stock_availability": "Low stock",
        "description": "Domaines Ott was founded in 1912 by Alsatian engineer Marcel Ott. Today, the wineries are owned and managed by Champagne Louis Roederer, producing some of the world's most prestigious wines. These wines are made at three distinctively different estates: namely Ch\u00e2teau Romassan (Bandol appellation). With its sleek curves, the emblematic Domaines Ott* bottle gives an indication of the quality of the wine's vintage. This iconic bottle gives Domaines Ott its own unique signature.",
        "primary_image": "https://www.heinemann.com.au/medias/527Wx527H-null?context=bWFzdGVyfGltYWdlc3wzMzEyMnxpbWFnZS9qcGVnfGFHSXhMMmc1TkM4eE1UYzRNalV3TlRJek5EUTJNaTgxTWpkWGVEVXlOMGhmYm5Wc2JBfDQ4ZWU4ZjE0M2I2ZjZhNDU2NWJmODNjZTQzZmMwYjQxZTUzNmFiY2YyZjZjYThkY2VlMzNmMjBiYWYzMjZkMWQ&v=1739827827827",
        "images": [
            "https://www.heinemann.com.au/medias/527Wx527H-null?context=bWFzdGVyfGltYWdlc3wzMzEyMnxpbWFnZS9qcGVnfGFHSXhMMmc1TkM4eE1UYzRNalV3TlRJek5EUTJNaTgxTWpkWGVEVXlOMGhmYm5Wc2JBfDQ4ZWU4ZjE0M2I2ZjZhNDU2NWJmODNjZTQzZmMwYjQxZTUzNmFiY2YyZjZjYThkY2VlMzNmMjBiYWYzMjZkMWQ&v=1739827827827",
            "https://www.heinemann.com.au/medias/527Wx527H-null?context=bWFzdGVyfGltYWdlc3wzNDMwNnxpbWFnZS9qcGVnfGFESTRMMmd5TUM4eE1UYzRNalV3T0RZME1qTXpOQzgxTWpkWGVEVXlOMGhmYm5Wc2JBfDM3NWFkODJiY2Q0ZGMwNTcwMmFhNTc0ODYyM2MxYWM4NGY3MTM3NWZhZDIwYzIyNDMyOGEwZGZhM2Y4MGM0YWM&v=1739827997187"
        ]
    },
    {
        "product_url": "https://www.heinemann.com.au/en/sydt1/minuty/minuty-prestige-cotes-de-provence-aop-dry-rose-0-75l/p/000000000001337728/",
        "brand_name": "Minuty",
        "brand_url": "https://www.heinemann.com.au/en/sydt1/minuty/c/BRAND_7392/",
        "product_name": "Minuty, Prestige, C\u00f4tes de Provence, AOP, dry, ros\u00e9 0.75L",
        "quantity": "0.75\u00a0l",
        "price": "$45.00",
        "price_per_quantity": "($60.00 / 1 l)",
        "stock_availability": "In stock",
        "description": "This light ros\u00e9 wine expresses some very intense aromas of citrus fruits an white flowers. Its velvety mouth associated with its freshness gives it something very aerial",
        "primary_image": "https://www.heinemann.com.au/medias/527Wx527H-null?context=bWFzdGVyfGltYWdlc3wyMTUwOXxpbWFnZS9qcGVnfGFETmhMMmhpWVM4eE1USTROVGcwTlRJME5UazRNaTgxTWpkWGVEVXlOMGhmYm5Wc2JBfDNmMzllMDNlOGNlOWQyZmNlZTczN2RkMWIzZWRiNzhjMGJmZmIxMmY2ZDI0ZGE2MTAxYzE2NzlmZTI5N2QxZTU&v=1729318899042",
        "images": []
    },
    {
        "product_url": "https://www.heinemann.com.au/en/sydt1/kylie-minogue/kylie-minogue-signature-rose-vin-de-france-semi-dry-rose-screw-cap-0-75l/p/000000000001615595/",
        "brand_name": "Kylie Minogue",
        "brand_url": "https://www.heinemann.com.au/en/sydt1/kylie-minogue/c/BRAND_3711/",
        "product_name": "Kylie Minogue, Signature Ros\u00e9, Vin de France, semi-dry, ros\u00e9 (screw cap) 0.75L",
        "quantity": "0.75\u00a0l",
        "price": "$18.00",
        "price_per_quantity": "($24.00 / 1 l)",
        "stock_availability": "In stock",
        "description": "Kylie Minogue\u2019s award-winning Signature Ros\u00e9 is made from sun-kissed grapes grown in the stunning region of Provence, the world\u2019s spiritual home of Ros\u00e9, that hugs the coast of the C\u00f4te d\u2019Azur in the South of France. Immerse yourself in the heady perfume of the wild herbs, rolling valleys and sea breezes and dive into a glass of Kylie\u2019s Signature Ros\u00e9. Produced entirely from the classic grape varieties Carignan and Cabernet Sauvignon and unoaked, this powder-pink rose has an alluring aroma of wild berry fruit, orange blossom and wild herbs that segues onto a dry, crisp and mouth-watering palate.",
        "primary_image": "https://www.heinemann.com.au/medias/527Wx527H-null?context=bWFzdGVyfGltYWdlc3wyNzc5MXxpbWFnZS9qcGVnfGFEWTRMMmc0TWk4eE1UYzFPRGN6TXpVNU1EVTFPQzgxTWpkWGVEVXlOMGhmYm5Wc2JBfDFiNWFjMzM2YjRjN2RjYjNmZjdjZmFmMmIxNDVlMTEyMjkyMzVkN2RmYzgyZGZkZTE4NTZhMTI1ZGQ2MjYzMzg&v=1739396634922",
        "images": []
    },
    {
        "product_url": "https://www.heinemann.com.au/en/sydt1/chateau-d-esclans/chateau-d-esclans-whispering-angel-cotes-de-provence-aoc-dry-rose-0-75l/p/000000000000488688/",
        "brand_name": "Ch\u00e2teau d'Esclans",
        "brand_url": "https://www.heinemann.com.au/en/sydt1/chateau-d-esclans/c/BRAND_4915/",
        "product_name": "Ch\u00e2teau d'Esclans, Whispering Angel, C\u00f4tes de Provence, AOC, dry, ros\u00e9 0.75L",
        "quantity": "0.75\u00a0l",
        "price": "$40.00",
        "price_per_quantity": "($53.33 / 1 l)",
        "stock_availability": "In stock",
        "description": "Among the most agreeable and aptly",
        "primary_image": "https://www.heinemann.com.au/medias/527Wx527H-null?context=bWFzdGVyfGltYWdlc3wzMzM4OXxpbWFnZS9qcGVnfGFEazFMMmc0Tmk4eE1UZ3hPREF5T1RVME56VTFNQzgxTWpkWGVEVXlOMGhmYm5Wc2JBfGM3MmI4MTU0OGVlNDU3ZWIzMDA1ZGVkZDM2Y2RjYjg1NjY5MzA4YWQ1MDM5MzZmYTQ0Y2FjMGU4M2JiMmY0MDk&v=1740521780703",
        "images": [
            "https://www.heinemann.com.au/medias/527Wx527H-null?context=bWFzdGVyfGltYWdlc3wzMzM4OXxpbWFnZS9qcGVnfGFEazFMMmc0Tmk4eE1UZ3hPREF5T1RVME56VTFNQzgxTWpkWGVEVXlOMGhmYm5Wc2JBfGM3MmI4MTU0OGVlNDU3ZWIzMDA1ZGVkZDM2Y2RjYjg1NjY5MzA4YWQ1MDM5MzZmYTQ0Y2FjMGU4M2JiMmY0MDk&v=1740521780703",
            "https://www.heinemann.com.au/medias/527Wx527H-null?context=bWFzdGVyfGltYWdlc3wzNDQxOXxpbWFnZS9qcGVnfGFEYzNMMmc1Tnk4eE1UZ3hPREF6TWpZNU16STNPQzgxTWpkWGVEVXlOMGhmYm5Wc2JBfDNkYzk2YTYyYzZhZmViZTNiNGYwYTJkNmI5NGY2NTIzOWYyMDBjZjgwMzM5ODE3OTZmZmJhYWVmNjQyMDE3Nzg&v=1740521943430"
        ]
    },
    {
        "product_url": "https://www.heinemann.com.au/en/sydt1/chateau-d-esclans/chateau-d-esclans-rock-angel-cotes-de-provence-aoc-dry-rose-0-75l/p/000000000000488689/",
        "brand_name": "Ch\u00e2teau d'Esclans",
        "brand_url": "https://www.heinemann.com.au/en/sydt1/chateau-d-esclans/c/BRAND_4915/",
        "product_name": "Ch\u00e2teau d'Esclans, Rock Angel, C\u00f4tes de Provence, AOC, dry, ros\u00e9, 0.75L",
        "quantity": "0.75\u00a0l",
        "price": "$52.00",
        "price_per_quantity": "($69.33 / 1 l)",
        "stock_availability": "Low stock",
        "description": "Renowned wine journalist Steven Spurrier speaks of how the vivacity of Vermentino and the fleshy fruit of Grenache with its long-lasting flavours merit an impressive score (see Cell L). As Chateau d'Esclans is the estate-bottled wine of this property, it has a noteworthy place within the range. Its style reflects the different approaches used to make wine at Chateau d'Esclans, specifically Stainless Steel & Oak.",
        "primary_image": "https://www.heinemann.com.au/medias/527Wx527H-null?context=bWFzdGVyfGltYWdlc3wzMzc2OHxpbWFnZS9qcGVnfGFERTVMMmhoWVM4eE1USTROVE0wTVRZek5EVTVNQzgxTWpkWGVEVXlOMGhmYm5Wc2JBfDYxYzk3ZjZjMmFjNmMzMDEzOTI4NTI0YjBkMDEyYmVmNzQzMmIzOWU5NDExYTEyMDU3YjVjOGE3ODczYWU2ZTk&v=1729313249571",
        "images": []
    },
    {
        "product_url": "https://www.heinemann-shop.com/en/global/faber-castell/faber-castell-allgemeines-schreiben-polychromos-gift-set-23st/p/000000000001630730/",
        "brand_name": "Faber-Castell",
        "brand_url": "https://www.heinemann-shop.com/en/global/faber-castell/c/BRAND_1203/",
        "product_name": "Faber-Castell, Allgemeines Schreiben, polychromos gift set 23st",
        "quantity": "\n        ",
        "price": "\u20ac11.90",
        "price_per_quantity": "",
        "stock_availability": "Low stock",
        "description": "High-quality notebooks - perfect for office, studies and being on the move; Black notebook 145 x 210 mm; Squared paper, 100 g/sqm FSC paper; 194 pages; Slot and sticker for easy archiving; Incl. holder for pencils and bookmark",
        "primary_image": "https://www.heinemann-shop.com/medias/527Wx527H-null?context=bWFzdGVyfGltYWdlc3w3NTI1OXxpbWFnZS9qcGVnfGFHUTBMMmhtWWk4eE1UQXdOekUwTlRBMU1ERTBNaTgxTWpkWGVEVXlOMGhmYm5Wc2JBfGEwZDI4ZGY2ODE1ZTMyNDg4ZjNkMzZlNWI1ZjVlYzU0MGRlYWQ3ODUzZjM2NDE3N2E1ZjU1NDE2M2FmYjBmMzU&v=1723839805948",
        "images": []
    },
    {
        "product_url": "https://www.heinemann-shop.com/en/global/barbie/barbie-core-unicorn/p/000000000001623657/",
        "brand_name": "Barbie",
        "brand_url": "https://www.heinemann-shop.com/en/global/barbie/c/BRAND_2137/",
        "product_name": "Barbie, core unicorn",
        "quantity": "",
        "price": "\u20ac13.90",
        "price_per_quantity": "",
        "stock_availability": "",
        "description": "Unicorn Barbie dolls are pure magic! Each one is a rainbow of color with fantasy hair, pastel outfits, and bright unicorn-inspired accessories. Enchanting as can be, these Barbie dolls will inspire magical tales of adventures for kids ages 3 years old and up. Each sold separately, subject to availability. Barbie dolls cannot stand alone. Colors and decorations may vary.",
        "primary_image": "https://www.heinemann-shop.com/medias/527Wx527H-null?context=bWFzdGVyfGltYWdlc3w0NTIzOHxpbWFnZS9qcGVnfGFHRTBMMmc1T0M4eE1ESTVOalEyTmpjd01qTTJOaTgxTWpkWGVEVXlOMGhmYm5Wc2JBfDk3OWYxODdhYjcyMmRmZGJiMmFlMjY1OTU4ZGYzZGNhNDhmOTBkMjFlOTkxMTFiYmI3MTYyMjA3YTA0NzZjYWU&v=1707170154370",
        "images": [
            "https://www.heinemann-shop.com/medias/527Wx527H-null?context=bWFzdGVyfGltYWdlc3w0NTIzOHxpbWFnZS9qcGVnfGFHRTBMMmc1T0M4eE1ESTVOalEyTmpjd01qTTJOaTgxTWpkWGVEVXlOMGhmYm5Wc2JBfDk3OWYxODdhYjcyMmRmZGJiMmFlMjY1OTU4ZGYzZGNhNDhmOTBkMjFlOTkxMTFiYmI3MTYyMjA3YTA0NzZjYWU&v=1707170154370",
            "https://www.heinemann-shop.com/medias/527Wx527H-null?context=bWFzdGVyfGltYWdlc3w1MTM3MHxpbWFnZS9qcGVnfGFEaGhMMmd6Tnk4eE1ESTVOalEyT0RZd01qa3hNQzgxTWpkWGVEVXlOMGhmYm5Wc2JBfGRkNWI3NTY3YmI0YjY3YWQyYjUzMGI5ZTBhMTE3MDk2ZTdlMmE1OTI2NGM2YWIwYWY5NWE1OGI1MzcyZDJlYjQ&v=1707170219081"
        ]
    },
    {
        "product_url": "https://www.heinemann-shop.com/en/global/mattel-games/mattel-games-uno-card-game-display-intl/p/000000000000014649/",
        "brand_name": "Mattel Games",
        "brand_url": "https://www.heinemann-shop.com/en/global/mattel-games/c/BRAND_5972/",
        "product_name": "Mattel Games, uno card game display intl",
        "quantity": "\n        ",
        "price": "\u20ac11.90",
        "price_per_quantity": "",
        "stock_availability": "Low stock",
        "description": "UNO\u2122,  the  classic  card  game  of  matching  colors  and  numbers  that  is  easy  to  pick  up\u2026impossible  to  put  down,  now  comes  with  customizable  Wild  Cards  for  added  excitement!  Players  take  turns  racing  to  get  rid  of  all  their  cards  by  matching  a  card  in  their  hand  with  the  current  card  shown  on  top  of  the  deck.  Special  Action  cards  deliver  game-changing  moments  and  help  defeat  opponents!",
        "primary_image": "https://www.heinemann-shop.com/medias/527Wx527H-null?context=bWFzdGVyfGltYWdlc3wyNDgzNDF8aW1hZ2UvanBlZ3xhR1V4TDJoa01DOHhNREkxTkRJeE1qQTNNVFExTkM4MU1qZFhlRFV5TjBoZmJuVnNiQXwyZWRiZDlhOWVhZTM4ZTcyNjFiNWUwZjE5NzBjZTM1MmUzM2Y1OGIzYzgzMGE1ODY1NzE1MjNjZGY4M2Q3MDI2&v=1706133817362",
        "images": [
            "https://www.heinemann-shop.com/medias/527Wx527H-null?context=bWFzdGVyfGltYWdlc3wyNDgzNDF8aW1hZ2UvanBlZ3xhR1V4TDJoa01DOHhNREkxTkRJeE1qQTNNVFExTkM4MU1qZFhlRFV5TjBoZmJuVnNiQXwyZWRiZDlhOWVhZTM4ZTcyNjFiNWUwZjE5NzBjZTM1MmUzM2Y1OGIzYzgzMGE1ODY1NzE1MjNjZGY4M2Q3MDI2&v=1706133817362",
            "https://www.heinemann-shop.com/medias/527Wx527H-null?context=bWFzdGVyfGltYWdlc3w1MTk4OHxpbWFnZS9qcGVnfGFESmtMMmhsTWk4eE1ESTFOREl4TWpVNU5UYzBNaTgxTWpkWGVEVXlOMGhmYm5Wc2JBfGJkZmE1ZWMwYWMyM2JkNmIwNzQwNjg1YzFjZDVjZGIxYmEwN2RkMmZmMzU0OGU2OGIzYWM1NzkxMDk2MjgzODk&v=1706133866647"
        ]
    },
    {
        "product_url": "https://www.heinemann-shop.com/en/global/smart-games/smart-games-iq-reihe-iq-fit/p/000000000001415133/",
        "brand_name": "Smart Games",
        "brand_url": "https://www.heinemann-shop.com/en/global/smart-games/c/BRAND_8242/",
        "product_name": "Smart Games, Iq Reihe, iq fit",
        "quantity": "\n        ",
        "price": "\u20ac12.90",
        "price_per_quantity": "",
        "stock_availability": "Low stock",
        "description": "This game is between dimensions. Place all the game stones like mentioned and complete the board with the rest. But be carefull: all game stone have 3D that you have to place in a layer of 2D. If you switch the direction of stones it will have another form. 120 challenges will challenge you.",
        "primary_image": "https://www.heinemann-shop.com/medias/527Wx527H-null?context=bWFzdGVyfGltYWdlc3w0Mjk5MHxpbWFnZS9qcGVnfGFHUmlMMmc0WXk4NU56VXhNRGN3TWpjM05qWXlMelV5TjFkNE5USTNTRjl1ZFd4c3w1NjE1YjdhYmFkM2UzN2NkYWY3MzU3YWNjNWQzM2Y1NTE3OTFlYWQ3ZDFlYjQ2NmI3YjFkNzVmYjdkNjc3M2Nl&v=1680226831795",
        "images": [
            "https://www.heinemann-shop.com/medias/527Wx527H-null?context=bWFzdGVyfGltYWdlc3w0Mjk5MHxpbWFnZS9qcGVnfGFHUmlMMmc0WXk4NU56VXhNRGN3TWpjM05qWXlMelV5TjFkNE5USTNTRjl1ZFd4c3w1NjE1YjdhYmFkM2UzN2NkYWY3MzU3YWNjNWQzM2Y1NTE3OTFlYWQ3ZDFlYjQ2NmI3YjFkNzVmYjdkNjc3M2Nl&v=1680226831795",
            "https://www.heinemann-shop.com/medias/527Wx527H-null?context=bWFzdGVyfGltYWdlc3w0NTQ1OXxpbWFnZS9qcGVnfGFHRTJMMmcwTWk4NU56VXhNRGN5TVRFeU5qY3dMelV5TjFkNE5USTNTRjl1ZFd4c3wyZWNiYzEzODgzMWFkNWY1Mjg5ZTFkZDA5ZmRkNWJkZDY4YzZlMDJhZTNkNjU4Zjk5NDRlMGIyZWYyNmI2NzA2&v=1680226862001"
        ]
    },
    {
        "product_url": "https://www.heinemann-shop.com/en/global/ravensburger/ravensburger-rummy-bridge-canasta/p/000000000001407296/",
        "brand_name": "Ravensburger",
        "brand_url": "https://www.heinemann-shop.com/en/global/ravensburger/c/BRAND_2327/",
        "product_name": "Ravensburger, rummy, bridge, canasta",
        "quantity": "\n        ",
        "price": "\u20ac9.90",
        "price_per_quantity": "",
        "stock_availability": "Low stock",
        "description": "traditional cardgame",
        "primary_image": "https://www.heinemann-shop.com/medias/527Wx527H-null?context=bWFzdGVyfGltYWdlc3w2MjMyNnxpbWFnZS9qcGVnfGFESmpMMmd3WkM4eE1UWXdOVFF6T1Rnd056VXhPQzgxTWpkWGVEVXlOMGhmYm5Wc2JBfDhiNTZjOWNlZjkwMDIwMTUxMDFjYzNmOGE5NWJlMGJhNzhlYzJjZjRlNjNhZGNlMGY2MGY3Y2E1OWE0YjMwNjg&v=1736198838047",
        "images": []
    },
    {
        "product_url": "https://www.heinemann-shop.com/en/global/smart-games/smart-games-iq-reihe-iq-puzzler-pro/p/000000000001415135/",
        "brand_name": "Smart Games",
        "brand_url": "https://www.heinemann-shop.com/en/global/smart-games/c/BRAND_8242/",
        "product_name": "Smart Games, Iq Reihe, iq puzzler pro",
        "quantity": "\n        ",
        "price": "\u20ac12.90",
        "price_per_quantity": "",
        "stock_availability": "Low stock",
        "description": "Please insert the coloured game stones like mentioned in the task book and the challenge starts. The left free game stones have to be puzzled in. There is only 1 solution. As higher you go in the challenges as much difficult it will be. 120 challenges on 3 different game boards.",
        "primary_image": "https://www.heinemann-shop.com/medias/527Wx527H-null?context=bWFzdGVyfGltYWdlc3wzNzEwOXxpbWFnZS9qcGVnfGFERTFMMmczTlM4NU56VXhNRGN3T1RZMU56a3dMelV5TjFkNE5USTNTRjl1ZFd4c3wzMDA0Y2E0YmNhMTA4NDY4Y2ZiYjVlOWRkYWFlODEzNTVjMWExNjhkYjIxMWZiYmNlZTBmMTJjMjJjODMyYjE1&v=1680226843701",
        "images": [
            "https://www.heinemann-shop.com/medias/527Wx527H-null?context=bWFzdGVyfGltYWdlc3wzNzEwOXxpbWFnZS9qcGVnfGFERTFMMmczTlM4NU56VXhNRGN3T1RZMU56a3dMelV5TjFkNE5USTNTRjl1ZFd4c3wzMDA0Y2E0YmNhMTA4NDY4Y2ZiYjVlOWRkYWFlODEzNTVjMWExNjhkYjIxMWZiYmNlZTBmMTJjMjJjODMyYjE1&v=1680226843701",
            "https://www.heinemann-shop.com/medias/527Wx527H-null?context=bWFzdGVyfGltYWdlc3w0MTI0NXxpbWFnZS9qcGVnfGFHWTFMMmcxTUM4NU56VXhNRGN5TlRjeE5ESXlMelV5TjFkNE5USTNTRjl1ZFd4c3w5NmFjM2NhOTc3MzEwMGU2YzQ4OTkwYzY5ZGQ2ZDEyOTk0MmUyNWJjNDdjMjIwOTQxMGY3ZjgzOGJiNGNlYWE5&v=1680226867799"
        ]
    },
    {
        "product_url": "https://www.heinemann-shop.com/en/global/mattel-games/mattel-games-skip-bo-card-game-display-europe/p/000000000000014669/",
        "brand_name": "Mattel Games",
        "brand_url": "https://www.heinemann-shop.com/en/global/mattel-games/c/BRAND_5972/",
        "product_name": "Mattel Games, skip-bo card game display - europe",
        "quantity": "\n        ",
        "price": "\u20ac18.90",
        "price_per_quantity": "",
        "stock_availability": "Low stock",
        "description": "Skip-Bo\u2122 is the ultimate sequencing card game from the makers of UNO\u2122! Players use skill and strategy to create stacks of sequentially numbered, ascending cards (2,3,4\u2026) until they have no more left to play. Once everyone is dealt their own personal stockpile of cards, play begins by drawing from a central pile and building up to four \u201cbuild\u201d piles.",
        "primary_image": "https://www.heinemann-shop.com/medias/527Wx527H-null?context=bWFzdGVyfGltYWdlc3wzNTk2N3xpbWFnZS9qcGVnfGFESTRMMmc1TVM4NU9EQTBNRGN3TXpnM056UXlMelV5TjFkNE5USTNTRjl1ZFd4c3wyMzIwMmIyNDg1NTBkMGQ3Y2FlYjZkYjIyOTRiM2RlZTQ5ZmM5NzVmYjg2MDFiMGE4MTE4NjExNDJiNGFkNzIz&v=1692044886756",
        "images": []
    },
    {
        "product_url": "https://www.heinemann-shop.com/en/global/playmobil/playmobil-child-with-pony-and-foal/p/000000000001639294/",
        "brand_name": "Playmobil",
        "brand_url": "https://www.heinemann-shop.com/en/global/playmobil/c/BRAND_2157/",
        "product_name": "Playmobil, child with pony and foal",
        "quantity": "",
        "price": "\u20ac9.90",
        "price_per_quantity": "",
        "stock_availability": "",
        "description": "Fantastic playtime for all horse fans with the PLAYMOBIL set 'Child with Pony and Foal.' The little girl takes care of the pony and its offspring, providing water, food, and a little petting. Later, a short riding excursion is undertaken, and the foal always stays by its mother's side.",
        "primary_image": "https://www.heinemann-shop.com/medias/527Wx527H-null?context=bWFzdGVyfGltYWdlc3wxMDg3MjB8aW1hZ2UvanBlZ3xhR0ZtTDJnM05DOHhNRFU1TXpnMU9ETTFOVEl6TUM4MU1qZFhlRFV5TjBoZmJuVnNiQXwxMDUwMmZlZDA1ZWI1YWZjMDAyNjIzN2U5ZTRkYjZlNmQwMjRmNDFkZjc1MzIyYTZhOWNiMTFkZjQ4YmIyZmJk&v=1713958713177",
        "images": []
    },
    {
        "product_url": "https://www.heinemann-shop.com/en/global/playmobil/playmobil-cannon-master/p/000000000001639285/",
        "brand_name": "Playmobil",
        "brand_url": "https://www.heinemann-shop.com/en/global/playmobil/c/BRAND_2157/",
        "product_name": "Playmobil, cannon master",
        "quantity": "\n        ",
        "price": "\u20ac7.90",
        "price_per_quantity": "",
        "stock_availability": "Low stock",
        "description": "Beware, ye landlubbers! The fierce pirate loads his bone cannon and drives away all attackers and sea monsters with his fiery projectiles. A fantastic playset for all pirate fans aged 4 and up. The bolt cannon is mounted on a rock and can be rotated and swiveled. Bracelets, leather cuffs, and a headband can be removed from the figure.",
        "primary_image": "https://www.heinemann-shop.com/medias/527Wx527H-null?context=bWFzdGVyfGltYWdlc3w5ODU1MXxpbWFnZS9qcGVnfGFEVmhMMmhrTnk4eE1EVTVNemcyTnpJMk9ERXlOaTgxTWpkWGVEVXlOMGhmYm5Wc2JBfDgwODQxZjMyYjM1OTRiOGQ5N2ExYTllMDZiYjZiYjRjMWZhNzY4NGYyNTM3NmM0OTg0MmM1YTA0M2IzZWE1OTk&v=1713961818400",
        "images": []
    },
    {
        "product_url": "https://www.heinemann-shop.com/en/global/lego/lego-system-a-s-disney-princess-moana-s-island-fun/p/000000000001672690/",
        "brand_name": "Lego",
        "brand_url": "https://www.heinemann-shop.com/en/global/lego/c/BRAND_0529/",
        "product_name": "LEGO System A/S, Disney Princess, Moana's Island Fun",
        "quantity": "\n        ",
        "price": "\u20ac18.90",
        "price_per_quantity": "",
        "stock_availability": "Low stock",
        "description": "Explore Moana\u2019s house and island! Visit Disney\u2019s Moana and discover all the fun details inside and outside her house. Head to the top of the waterfall, then take the slide down past the flowers and trees. Turn the key and open the house to check out the rooms for Moana, little sis Simea and Pua. Is it time for a snack, or do you want to go on an adventure? Ooh, the heart of Te-Fiti. Let\u2019s go!",
        "primary_image": "https://www.heinemann-shop.com/medias/527Wx527H-null?context=bWFzdGVyfGltYWdlc3w3MTM1M3xpbWFnZS9qcGVnfGFHTTNMMmd3WWk4eE1UVXlNREUyTlRZME1qSTNNQzgxTWpkWGVEVXlOMGhmYm5Wc2JBfGIyYTNkMTJiZGZlMjdjZmNlYzViZDEyMDlmOTEwOWU5YWMyZGFiOTk3ZjUyM2U2NjkxZDIxYmU4NWNjODZmZDY&v=1734385349470",
        "images": [
            "https://www.heinemann-shop.com/medias/527Wx527H-null?context=bWFzdGVyfGltYWdlc3w3MTM1M3xpbWFnZS9qcGVnfGFHTTNMMmd3WWk4eE1UVXlNREUyTlRZME1qSTNNQzgxTWpkWGVEVXlOMGhmYm5Wc2JBfGIyYTNkMTJiZGZlMjdjZmNlYzViZDEyMDlmOTEwOWU5YWMyZGFiOTk3ZjUyM2U2NjkxZDIxYmU4NWNjODZmZDY&v=1734385349470",
            "https://www.heinemann-shop.com/medias/527Wx527H-null?context=bWFzdGVyfGltYWdlc3w0MTUyMnxpbWFnZS9qcGVnfGFHSTBMMmczWXk4eE1UVXlNREUzTWpVMU5qTXhPQzgxTWpkWGVEVXlOMGhmYm5Wc2JBfGY1YjBhN2Q3ZDdmOWEwMDAxZGZhOTVjZmJmYjQyZjMxMDVmOGQ3NTUwMmMwODZkMDdmOGYxODQ3OWI0MWM4NzA&v=1734385589479"
        ]
    },
    {
        "product_url": "https://www.heinemann-shop.com/en/global/montblanc/montblanc-fineliner-refills/p/000000000001488294/",
        "brand_name": "Montblanc",
        "brand_url": "https://www.heinemann-shop.com/en/global/montblanc/c/BRAND_1507/",
        "product_name": "Montblanc Fineliner Refills",
        "quantity": "",
        "price": "\u20ac16.90",
        "price_per_quantity": "",
        "stock_availability": "",
        "description": "",
        "primary_image": "https://www.heinemann-shop.com/medias/1488294-527Wx527H?context=bWFzdGVyfGltYWdlc3wyODYwMnxpbWFnZS9qcGVnfGFEZGtMMmcwTkM4NU5qZ3hNalEzT0RNd01EUTJMekUwT0RneU9UUmZOVEkzVjNnMU1qZEl8YzFmYmUxZmY4YjRlZjVjZWVlOTczZTM5YTFiMTM1MjYxZjM4Yzk4YjQyNTQwZDczNmY1YzkxNmY3NThiY2VjZQ&v=1652127945455",
        "images": []
    },
    {
        "product_url": "https://www.heinemann-shop.com/en/global/montblanc/montblanc-ballpoint-refills/p/000000000001488274/",
        "brand_name": "Montblanc",
        "brand_url": "https://www.heinemann-shop.com/en/global/montblanc/c/BRAND_1507/",
        "product_name": "Montblanc Ballpoint Refills",
        "quantity": "",
        "price": "\u20ac16.90",
        "price_per_quantity": "",
        "stock_availability": "",
        "description": "",
        "primary_image": "https://www.heinemann-shop.com/medias/1488274-527Wx527H?context=bWFzdGVyfGltYWdlc3wyMDU1N3xpbWFnZS9qcGVnfGFEbGpMMmhpWmk4NU5qZ3hNalF4T0RBd056TTBMekUwT0RneU56UmZOVEkzVjNnMU1qZEl8MWMyN2NmMmFmOTQ4Y2VjMTY4NDZiYjY5MmQ4MzNiZTA2ZDBlNDRkNTQ1ZThjZmRhZGMzOTc2YzNkMWM4OWQzMw&v=1652127929046",
        "images": []
    },
    {
        "product_url": "https://www.heinemann-shop.com/en/global/playmobil/playmobil-pony-carriage/p/000000000001639293/",
        "brand_name": "Playmobil",
        "brand_url": "https://www.heinemann-shop.com/en/global/playmobil/c/BRAND_2157/",
        "product_name": "Playmobil, pony carriage",
        "quantity": "\n        ",
        "price": "\u20ac13.90",
        "price_per_quantity": "",
        "stock_availability": "Low stock",
        "description": "Step into the adorable PLAYMOBIL Pony Carriage and join the kids on their outing. The two pony enthusiasts take advantage of the beautiful weather and go on a tour with their favourite pony. Joyfully, they ride their carriage over rough and smooth terrain. For refreshment, they have a picnic basket with delicious donuts and cool drinks.",
        "primary_image": "https://www.heinemann-shop.com/medias/527Wx527H-null?context=bWFzdGVyfGltYWdlc3w4ODg2NHxpbWFnZS9qcGVnfGFHTXpMMmcyWkM4eE1EVTVNemcyTmpJNE5UQTROaTgxTWpkWGVEVXlOMGhmYm5Wc2JBfDgwNWFmYjQzZmRmN2U3OTE5MGE4OWIyZWQ1ZjdkNzE0ZTM4YzA5YTlkODZjNzcyN2IwNDEyZjE0MTk3NDBmNWQ&v=1713961293381",
        "images": []
    },
    {
        "product_url": "https://www.heinemann-shop.com/en/global/prada/prada-women-s-sunglasses/p/000000000001482984/",
        "brand_name": "Prada",
        "brand_url": "https://www.heinemann-shop.com/en/global/prada/c/BRAND_2803/",
        "product_name": "Prada, women's sunglasses",
        "quantity": "\n        ",
        "price": "\u20ac275.90",
        "price_per_quantity": "",
        "stock_availability": "Low stock",
        "description": "",
        "primary_image": "https://www.heinemann-shop.com/medias/527Wx527H-null?context=bWFzdGVyfGltYWdlc3wyNTMwMHxpbWFnZS9qcGVnfGFESmlMMmczTVM4eE1USXhOVFkyTkRnME1EY3pOQzgxTWpkWGVEVXlOMGhmYm5Wc2JBfGFhNjA2ZWJiODg0YzhjYmY2YTYzNDQyYmM3NjkzZTI1MTE5MTMxZjU0YWU5YjY0YzUwYjdkNDFkZmIxOWY0Mjg&v=1727903922886",
        "images": []
    },
    {
        "product_url": "https://www.heinemann-shop.com/en/global/maui-jim/maui-jim-women-s-sunglasses/p/000000000001350350/",
        "brand_name": "Maui Jim",
        "brand_url": "https://www.heinemann-shop.com/en/global/maui-jim/c/BRAND_3778/",
        "product_name": "Maui Jim, women's sunglasses",
        "quantity": "",
        "price": "",
        "price_per_quantity": "",
        "stock_availability": "",
        "description": "Brand: Maui Jim",
        "primary_image": "https://www.heinemann-shop.com/medias/527Wx527H-null?context=bWFzdGVyfGltYWdlc3wzMDQ3N3xpbWFnZS9qcGVnfGFEazBMMmhrWmk4eE1EUXpOalkzTkRreE1qSTROaTgxTWpkWGVEVXlOMGhmYm5Wc2JBfGIyZDIxMmJmNTg5ZDdjNWI4OTMxOWI2MjdlNTE3ZWVhOTBmNTAwYjQwNzFkOTU1NzFiYzE1NjI0YmVlZTJjMGU&v=1710366588850",
        "images": []
    },
    {
        "product_url": "https://www.heinemann-shop.com/en/global/ray-ban/ray-ban-unisex-sunglasses/p/000000000001483022/",
        "brand_name": "Ray Ban",
        "brand_url": "https://www.heinemann-shop.com/en/global/ray-ban/c/BRAND_0083/",
        "product_name": "Ray-Ban, unisex sunglasses",
        "quantity": "\n        ",
        "price": "\u20ac132.90",
        "price_per_quantity": "",
        "stock_availability": "Low stock",
        "description": "",
        "primary_image": "https://www.heinemann-shop.com/medias/527Wx527H-null?context=bWFzdGVyfGltYWdlc3wyMDM0MnxpbWFnZS9qcGVnfGFHSTFMMmhsTVM4eE1ESXlORGsyTVRNMU5UZ3dOaTgxTWpkWGVEVXlOMGhmYm5Wc2JBfDM5ZmMyZjdiYTkyMTA1NzcxZDIzNTJkNzFjNmFkOGMyODNkYzE1OTRkODc0MWVkYzBlMTUwMzI4NjRjNjBlYTc&v=1705447779247",
        "images": []
    },
    {
        "product_url": "https://www.heinemann-shop.com/en/global/ray-ban-junior/ray-ban-junior-unisex-sunglasses/p/000000000001483024/",
        "brand_name": "Ray Ban Junior",
        "brand_url": "https://www.heinemann-shop.com/en/global/ray-ban-junior/c/BRAND_2160/",
        "product_name": "Ray-Ban Junior, unisex sunglasses",
        "quantity": "",
        "price": "",
        "price_per_quantity": "",
        "stock_availability": "",
        "description": "",
        "primary_image": "https://www.heinemann-shop.com/medias/527Wx527H-null?context=bWFzdGVyfGltYWdlc3wxOTY1NHxpbWFnZS9qcGVnfGFERTJMMmhrTVM4eE1ESXlORGsyTVRneE5EVTFPQzgxTWpkWGVEVXlOMGhmYm5Wc2JBfGRhYzlhNDFjNDlkMmZhNmU4N2FhZGU1NTViN2Q3ZjkxZmI2MTRjNDU0MmRlMjNlMmI4NmM5YjZlNjYzZGNhYzQ&v=1705447804447",
        "images": []
    },
    {
        "product_url": "https://www.heinemann-shop.com/en/global/dior/dior-women-s-sunglasses/p/000000000001479455/",
        "brand_name": "Dior",
        "brand_url": "https://www.heinemann-shop.com/en/global/dior/c/BRAND_0758/",
        "product_name": "Dior, women's sunglasses",
        "quantity": "",
        "price": "",
        "price_per_quantity": "",
        "stock_availability": "",
        "description": "",
        "primary_image": "https://www.heinemann-shop.com/medias/527Wx527H-null?context=bWFzdGVyfGltYWdlc3wyOTE0NHxpbWFnZS9qcGVnfGFHRTVMMmcxWkM4eE1ESXlOVE14TURVNU56RTFNQzgxTWpkWGVEVXlOMGhmYm5Wc2JBfGJjZjUxMjY2MWJhODdiMTEwMTM2ZmY0Yjg5ZjE2NDBjMzg1Y2M4MzI4NWQ4NjIyNGEzOWZkYzcxNmM5ZGM1YTA&v=1705454072849",
        "images": []
    },
    {
        "product_url": "https://www.heinemann-shop.com/en/global/boss/boss-men-s-sunglasses/p/000000000001068913/",
        "brand_name": "Boss",
        "brand_url": "https://www.heinemann-shop.com/en/global/boss/c/BRAND_3116/",
        "product_name": "Boss, men's sunglasses",
        "quantity": "",
        "price": "\u20ac315.90",
        "price_per_quantity": "",
        "stock_availability": "",
        "description": "Sporty style with a chic touch. Classic shape with double bridge matte black metal frame. Alluminium black temples with monoblock hinge. Grey polarized lenses.",
        "primary_image": "https://www.heinemann-shop.com/medias/527Wx527H-null?context=bWFzdGVyfGltYWdlc3wyNjIyM3xpbWFnZS9qcGVnfGFHSTBMMmd5TkM4eE1ESXlORE01TkRRMk9UUXdOaTgxTWpkWGVEVXlOMGhmYm5Wc2JBfDQ4ODU4ZDkzMmM0YjM3OTc3YmQyOTZjZGZmZDVkZTYyZmRiY2EyYzY2MzlhMTQxOWFiNGY5YzYyMjgyYzhjZTE&v=1705442199765",
        "images": []
    },
    {
        "product_url": "https://www.heinemann-shop.com/en/global/ray-ban/ray-ban-icons-men-s-sunglasses/p/000000000001105023/",
        "brand_name": "Ray Ban",
        "brand_url": "https://www.heinemann-shop.com/en/global/ray-ban/c/BRAND_0083/",
        "product_name": "Ray Ban, Icons, men's sunglasses",
        "quantity": "",
        "price": "",
        "price_per_quantity": "",
        "stock_availability": "",
        "description": "Frame color: black.  The Ray-Ban New Wayfarer Matte guides the trend in everything that comes in matte. Using the same shape as the Original Wayfarer sunglasses, New Wayfarer Matte sunglasses are a smaller interpretation of this infamous style. With an edgy touch and feel, Ray-Ban RB2132 New Wayfarer Matte sunglasses are a must-have for all fans.",
        "primary_image": "https://www.heinemann-shop.com/medias/527Wx527H-null?context=bWFzdGVyfGltYWdlc3wyNDU5OHxpbWFnZS9qcGVnfGFESmxMMmhsTmk4eE1UTTJPREV4TXpnNU56VXdNaTgxTWpkWGVEVXlOMGhmYm5Wc2JBfDk1NjAwNGRiOWViMTNjNDMxN2NiNWQwMzQ1ZDAzZjMzMTE4MWNmY2ZlMjIyZTdhZWE0YmI4NzhlOTA0MDZhYzY&v=1730845348225",
        "images": []
    },
    {
        "product_url": "https://www.heinemann-shop.com/en/global/oakley/oakley-lifestyle-men-s-sunglasses/p/000000000001200548/",
        "brand_name": "Oakley",
        "brand_url": "https://www.heinemann-shop.com/en/global/oakley/c/BRAND_2727/",
        "product_name": "OAKLEY, Lifestyle, men's sunglasses",
        "quantity": "",
        "price": "",
        "price_per_quantity": "",
        "stock_availability": "",
        "description": "Prizm  & Sport Refresh Collections include Oakley\u2019s best selling styles infused with new Prizm lens technology and colors.",
        "primary_image": "https://www.heinemann-shop.com/medias/527Wx527H-null?context=bWFzdGVyfGltYWdlc3wyOTMwMHxpbWFnZS9qcGVnfGFESTRMMmc0TWk4eE1ESXlORFU0TWpJMk1qZ3hOQzgxTWpkWGVEVXlOMGhmYm5Wc2JBfGQ5ODEzM2UwZjY2NGZlODcwYjE3NDhjMWUxYTJjYjUzYTA2ZWI0NjY4YWU1OGE1MWI3NWNhYTkyNTJiZjMxYmU&v=1705444095364",
        "images": []
    },
    {
        "product_url": "https://www.heinemann-shop.com/en/global/lego/lego-system-a-s-super-heroes-dc-batmantm-batmobiletm-vs-mr-freezetm/p/000000000001672721/",
        "brand_name": "Lego",
        "brand_url": "https://www.heinemann-shop.com/en/global/lego/c/BRAND_0529/",
        "product_name": "LEGO System A/S, Super Heroes Dc, batman\u2122 & batmobile\u2122 vs. mr. freeze\u2122",
        "quantity": "\n        ",
        "price": "\u20ac18.90",
        "price_per_quantity": "",
        "stock_availability": "Low stock",
        "description": "This LEGO DC Batman & Batmobile vs. Mr. Freeze (76301) toy for 4+ year old boys and girls is a creative LEGO set designed to help kids develop their building skills as they role-play Super-Hero adventures. This LEGO DC building toy set is packed with hands-on fun for preschoolers and young fans of Batman and cool vehicles. The set includes LEGO Batman and Mr. Freeze minifigures, plus a buildable Batmobile toy car that has room for the Batman minifigure to sit inside. Kids can launch ice elements from a shooter that has a hole in the top to hold Mr. Freeze\u00b4s ice blaster or his ice lolly. 2 ice diamonds can be attached to various places on the LEGO Batmobile, so kids can decide where Mr. Freeze \u2018freezes\u2019 the car toy. A colourful picture-story guide is included to provide intuitive instructions, plus separate bags of bricks and a large Starter Brick make construction quick and fun. LEGO 4+ sets are the perfect way for adults to share building fun with youngsters. This set featuring a cool Batmobile toy car makes a fun Batman-themed birthday gift for 4 plus year old boys, girls and kids who love DC super heroes and fun role-play toys.",
        "primary_image": "https://www.heinemann-shop.com/medias/527Wx527H-null?context=bWFzdGVyfGltYWdlc3w3MjQxM3xpbWFnZS9qcGVnfGFHUXdMMmd3TVM4eE1UVTNOemd4TnpVek1ETTVPQzgxTWpkWGVEVXlOMGhmYm5Wc2JBfDgxNDVmM2ZkYzQ3NWM2NWFiODI1MTUwZTFmNmEzZGQ3YzU4ZmEwMGJkY2RlMzU0N2YxYTAwNGE3ZGU5NWFhOTg&v=1735594606391",
        "images": [
            "https://www.heinemann-shop.com/medias/527Wx527H-null?context=bWFzdGVyfGltYWdlc3w3MjQxM3xpbWFnZS9qcGVnfGFHUXdMMmd3TVM4eE1UVTNOemd4TnpVek1ETTVPQzgxTWpkWGVEVXlOMGhmYm5Wc2JBfDgxNDVmM2ZkYzQ3NWM2NWFiODI1MTUwZTFmNmEzZGQ3YzU4ZmEwMGJkY2RlMzU0N2YxYTAwNGE3ZGU5NWFhOTg&v=1735594606391",
            "https://www.heinemann-shop.com/medias/527Wx527H-null?context=bWFzdGVyfGltYWdlc3wzODMyMXxpbWFnZS9qcGVnfGFHUTRMMmhrTVM4eE1UVTNOemd5TXpjNE9UQTROaTgxTWpkWGVEVXlOMGhmYm5Wc2JBfDY0YWQ0MTA4NDFhZDdhNzA4NmY2ZTkxMTRjMzJiNGI0OWJlOWIxZjkwNTg2M2JjY2MyNDRmYmEzYmVlMmU1NTA&v=1735594914919"
        ]
    },
    {
        "product_url": "https://www.heinemann-shop.com/en/global/funko/funko-pop-vinyl-pop-marvel-iag-groot-pjs-dancing/p/000000000001597819/",
        "brand_name": "Funko",
        "brand_url": "https://www.heinemann-shop.com/en/global/funko/c/BRAND_9881/",
        "product_name": "FUNKO, Pop! Vinyl, pop marvel: iag- groot pjs (dancing)",
        "quantity": "",
        "price": "",
        "price_per_quantity": "",
        "stock_availability": "",
        "description": "Take off on a galactic adventure with dancing Pop! Groot in Onesie! Complete your I Am Groot collection with this baby Flora Colossus hero. Vinyl bobblehead is approximately 3.25-inches tall.",
        "primary_image": "https://www.heinemann-shop.com/medias/527Wx527H-null?context=bWFzdGVyfGltYWdlc3w3ODg5NXxpbWFnZS9qcGVnfGFHTTJMMmcxTVM4eE1UUXhNelEyTmpRNE1EWTNNQzgxTWpkWGVEVXlOMGhmYm5Wc2JBfDJhOTRhMWE4NDM5ZDU3YzQyY2MyYWMxZGQzMDMyZmQzYzNiOTRiNDBjMmFkMzA4ZGNhOWJiODFmNWQwNmE1NjU&v=1731966247339",
        "images": [
            "https://www.heinemann-shop.com/medias/527Wx527H-null?context=bWFzdGVyfGltYWdlc3w3ODg5NXxpbWFnZS9qcGVnfGFHTTJMMmcxTVM4eE1UUXhNelEyTmpRNE1EWTNNQzgxTWpkWGVEVXlOMGhmYm5Wc2JBfDJhOTRhMWE4NDM5ZDU3YzQyY2MyYWMxZGQzMDMyZmQzYzNiOTRiNDBjMmFkMzA4ZGNhOWJiODFmNWQwNmE1NjU&v=1731966247339",
            "https://www.heinemann-shop.com/medias/527Wx527H-null?context=bWFzdGVyfGltYWdlc3w0NTc0NHxpbWFnZS9qcGVnfGFEVXlMMmcyTWk4eE1UUXhNelEyTmprek9UUXlNaTgxTWpkWGVEVXlOMGhmYm5Wc2JBfDA4Njc5NDNlNDA5MTM5MmMzMDJjNDIxYzk4YmUwMTA5ZjJhNWU2OGUxNzI0ZGE4ZjlkOGI0OGJkMTg5Nzc4NDI&v=1731966275227"
        ]
    },
    {
        "product_url": "https://www.heinemann-shop.com/en/global/barbie/barbie-barbie-signatures-barbie-signature-pa-lead-brb-2/p/000000000001593899/",
        "brand_name": "Barbie",
        "brand_url": "https://www.heinemann-shop.com/en/global/barbie/c/BRAND_2137/",
        "product_name": "Barbie, Barbie Signatures, barbie signature pa - lead brb 2",
        "quantity": "",
        "price": "\u20ac45.90",
        "price_per_quantity": "",
        "stock_availability": "",
        "description": "Greetings from Barbie Land! This Barbie\u00ae doll cuts a timeless silhouette in a sweet dress modeled after one of her character's iconic looks in Barbie\u2122 The Movie. With her pink gingham dress, daisy necklace and pastel pumps, she's ready to have the best day ever in Barbie Land! In the likeness of Margot Robbie as Barbie, this doll makes a great gift for fans and collectors alike. Doll cannot stand alone. Colors and decorations may vary.",
        "primary_image": "https://www.heinemann-shop.com/medias/527Wx527H-null?context=bWFzdGVyfGltYWdlc3w2MDAzMHxpbWFnZS9qcGVnfGFETXlMMmhsTmk4eE1UUTBNRFEwTnpZMU1UZzNNQzgxTWpkWGVEVXlOMGhmYm5Wc2JBfDU4MWY2YjFiZjMxOGRmMzNhZmEwYmExMGI4NjVkNjAyNmUyYTg3NDIyM2M3ODdiMjhjMTcyMDhjMDBkNzI1OTY&v=1732572691230",
        "images": []
    },
    {
        "product_url": "https://www.heinemann-shop.com/en/global/disney-princess/disney-princess-vaiana/p/000000000001623647/",
        "brand_name": "Disney Princess",
        "brand_url": "https://www.heinemann-shop.com/en/global/disney-princess/c/BRAND_5967/",
        "product_name": "Disney Princess, vaiana",
        "quantity": "",
        "price": "\u20ac14.90",
        "price_per_quantity": "",
        "stock_availability": "",
        "description": "Meet this Vaiana doll, inspired by the driven and independent heroine from the popular Disney movie! This posable fashion doll is shown in her signature two-piece outfit and accessories that include a headband and necklace. In her signature look from the movie, this Vaiana doll is ready for any adventure! Doll cannot stand alone. Colors and decorations may vary.",
        "primary_image": "https://www.heinemann-shop.com/medias/527Wx527H-null?context=bWFzdGVyfGltYWdlc3w4Mjg0MHxpbWFnZS9qcGVnfGFEbGhMMmd5T1M4eE1USXhNVEE1TlRrNU9EUTVOQzgxTWpkWGVEVXlOMGhmYm5Wc2JBfDI4NTNlYmVjMjQ0ZjU5NTMyYWE0YmUzZDFjMmI5NDIzOWI2MzI3NGZmZjY0NGMyNmU3ZWRkYjhlNTk0M2Y0NzA&v=1727814069879",
        "images": []
    },
    {
        "product_url": "https://www.heinemann-shop.com/en/global/disney-princess/disney-princess-prinzessin/p/000000000001686517/",
        "brand_name": "Disney Princess",
        "brand_url": "https://www.heinemann-shop.com/en/global/disney-princess/c/BRAND_5967/",
        "product_name": "Disney Princess, prinzessin",
        "quantity": "",
        "price": "\u20ac12.90",
        "price_per_quantity": "",
        "stock_availability": "",
        "description": "Disney Princess little dolls Reveal, assorted",
        "primary_image": "https://www.heinemann-shop.com/medias/527Wx527H-null?context=bWFzdGVyfGltYWdlc3w5MjQ3NXxpbWFnZS9qcGVnfGFHVTNMMmcyWXk4eE1UWTJOalU0TXpnME5qazBNaTgxTWpkWGVEVXlOMGhmYm5Wc2JBfDUyNWIwNmIwMTJjM2NkNzJhMDViZWQ5Y2Q4ZTgxY2Q1OTBiNzBiODlhNjBmYzk0YzU4ZjJiZWI1NzYxMzEyNjk&v=1737494875152",
        "images": [
            "https://www.heinemann-shop.com/medias/527Wx527H-null?context=bWFzdGVyfGltYWdlc3w5MjQ3NXxpbWFnZS9qcGVnfGFHVTNMMmcyWXk4eE1UWTJOalU0TXpnME5qazBNaTgxTWpkWGVEVXlOMGhmYm5Wc2JBfDUyNWIwNmIwMTJjM2NkNzJhMDViZWQ5Y2Q4ZTgxY2Q1OTBiNzBiODlhNjBmYzk0YzU4ZjJiZWI1NzYxMzEyNjk&v=1737494875152",
            "https://www.heinemann-shop.com/medias/527Wx527H-null?context=bWFzdGVyfGltYWdlc3w2MjQzM3xpbWFnZS9qcGVnfGFESmlMMmczTVM4eE1UWTJOalU1TVRnd09UVTJOaTgxTWpkWGVEVXlOMGhmYm5Wc2JBfDgxNDYxMGRhMmU2NTFjY2YxNTIwZTkyNzcyZGExMjYxNGI3ZDUzNDVlNzBkYjcyMTI3NmM1MDQwOWM1ZTFmMDE&v=1737495189874"
        ]
    },
    {
        "product_url": "https://www.heinemann-shop.com/en/global/barbie/barbie-fashions/p/000000000001686511/",
        "brand_name": "Barbie",
        "brand_url": "https://www.heinemann-shop.com/en/global/barbie/c/BRAND_2137/",
        "product_name": "Barbie, fashions",
        "quantity": "",
        "price": "",
        "price_per_quantity": "",
        "stock_availability": "",
        "description": "Dress Barbie\u00ae doll for any challenge with a wardrobe that can keep up! With doll clothes and accessories for two complete outfits in one fashion pack, these Barbie\u00ae clothing sets offer double the styling fun (doll sold separately). Pieces can include dresses, jackets, tops or bottoms -- and the two accessories help to style a complete look. Mix and match within the set and with other fashions in the line to create different looks and explore style. Includes two outfits and two accessories; doll",
        "primary_image": "https://www.heinemann-shop.com/medias/527Wx527H-null?context=bWFzdGVyfGltYWdlc3w2NDYwMHxpbWFnZS9qcGVnfGFEWmhMMmc1TXk4eE1UWTJNalF3TVRVMk9EYzVPQzgxTWpkWGVEVXlOMGhmYm5Wc2JBfDFhYTFhMjhlNmM3MmIzYjc4ZjM5ZjE1ODA2NTFmNGJkMWU2NGI5MzM3ZDFlZmY5NTkwZDlhMDY0MDZjZTA3Y2E&v=1737408805440",
        "images": [
            "https://www.heinemann-shop.com/medias/527Wx527H-null?context=bWFzdGVyfGltYWdlc3w2NDYwMHxpbWFnZS9qcGVnfGFEWmhMMmc1TXk4eE1UWTJNalF3TVRVMk9EYzVPQzgxTWpkWGVEVXlOMGhmYm5Wc2JBfDFhYTFhMjhlNmM3MmIzYjc4ZjM5ZjE1ODA2NTFmNGJkMWU2NGI5MzM3ZDFlZmY5NTkwZDlhMDY0MDZjZTA3Y2E&v=1737408805440",
            "https://www.heinemann-shop.com/medias/527Wx527H-null?context=bWFzdGVyfGltYWdlc3w3NDAzNnxpbWFnZS9qcGVnfGFHSTRMMmhtTXk4eE1UWTJNalF3TlRNd05ETTFNQzgxTWpkWGVEVXlOMGhmYm5Wc2JBfGQ4YzFjYzliZjUzMzY1MGNhODdmOGU5ODJkYmM4ZjNjMmQ4NDAzY2E0YjQ0ZTJhMzQ1NzFhMmNjYjg0YzhkOWU&v=1737408963130"
        ]
    },
    {
        "product_url": "https://www.heinemann-shop.com/en/global/lego/lego-system-a-s-duplo-town-creative-garden-flowers/p/000000000001672660/",
        "brand_name": "Lego",
        "brand_url": "https://www.heinemann-shop.com/en/global/lego/c/BRAND_0529/",
        "product_name": "LEGO System A/S, Duplo Town, creative garden & flowers",
        "quantity": "\n        ",
        "price": "\u20ac18.90",
        "price_per_quantity": "",
        "stock_availability": "Low stock",
        "description": "Help your toddler recreate the world they observe by building with them a beautiful brick-built garden. It comes with butterfly, bee and frog bricks that will help them learn the names of these friendly garden critters. With 45 bricks, this set offers lots of ways to build so kids can keep trying until they\u2019ve perfected a creation that reminds them of their favorite park or garden!",
        "primary_image": "https://www.heinemann-shop.com/medias/527Wx527H-null?context=bWFzdGVyfGltYWdlc3w0OTMzNXxpbWFnZS9qcGVnfGFEVmlMMmc1T1M4eE1UVXhPVFEzTXpRMU1UQXpPQzgxTWpkWGVEVXlOMGhmYm5Wc2JBfDcxNTQ0ODg1MGU1NTIwMmNkYTBhY2U2YzJhNzE3NmQ2MmI4ODEwNGM2ZDk5ODQxZWUzYzZkMWMyOGZmODRmNmI&v=1734385181279",
        "images": [
            "https://www.heinemann-shop.com/medias/527Wx527H-null?context=bWFzdGVyfGltYWdlc3w0OTMzNXxpbWFnZS9qcGVnfGFEVmlMMmc1T1M4eE1UVXhPVFEzTXpRMU1UQXpPQzgxTWpkWGVEVXlOMGhmYm5Wc2JBfDcxNTQ0ODg1MGU1NTIwMmNkYTBhY2U2YzJhNzE3NmQ2MmI4ODEwNGM2ZDk5ODQxZWUzYzZkMWMyOGZmODRmNmI&v=1734385181279",
            "https://www.heinemann-shop.com/medias/527Wx527H-null?context=bWFzdGVyfGltYWdlc3wzNzMwNXxpbWFnZS9qcGVnfGFEWTVMMmhrTlM4eE1UVXlNREUyT0RReU56VTFNQzgxTWpkWGVEVXlOMGhmYm5Wc2JBfGYyYTI0OWI4ODg0ZDc4MTJkYzZhYzgwNDBhM2RhNDY5MmU1OTRhYmRmMjYwNTc5YWNjNmMyZTc3YTVhZDNlNzA&v=1734385464582"
        ]
    },
    {
        "product_url": "https://www.heinemann-shop.com/en/global/frozen/disney-frozen-surprise-reveal-elsa/p/000000000001686633/",
        "brand_name": "Frozen",
        "brand_url": "https://www.heinemann-shop.com/en/global/frozen/c/BRAND_4837/",
        "product_name": "Disney Frozen, surprise reveal elsa",
        "quantity": "",
        "price": "\u20ac12.90",
        "price_per_quantity": "",
        "stock_availability": "",
        "description": "Imagine Disney Frozen Storytime Stackers adventures with Ice Castle Spin Surprise stacking playsets! Open the mini castle door and a magical spinning action reveals an adorable Disney Frozen small doll, inspired by animated characters in the Disney movies. Repeat the twirling fun by opening and closing the castle door or using the thumbwheel. Connect the world by attaching the castles to other Storytime Stackers playsets (not included) for the ultimate stackable adventure! Each sold separately,",
        "primary_image": "https://www.heinemann-shop.com/medias/527Wx527H-null?context=bWFzdGVyfGltYWdlc3w0NjU3MnxpbWFnZS9qcGVnfGFHTm1MMmc1T0M4eE1UWTJNalF3TkRBMU9URTJOaTgxTWpkWGVEVXlOMGhmYm5Wc2JBfGQ4MTUzZjI1Mjg0NjMxZTNhNTRkYjZmMDY2ZjA2YzkzZDc4NWU4OWY5YjhmYTc5NWYxNjM2NzE0M2JiYzljZTI&v=1737408910920",
        "images": [
            "https://www.heinemann-shop.com/medias/527Wx527H-null?context=bWFzdGVyfGltYWdlc3w0NjU3MnxpbWFnZS9qcGVnfGFHTm1MMmc1T0M4eE1UWTJNalF3TkRBMU9URTJOaTgxTWpkWGVEVXlOMGhmYm5Wc2JBfGQ4MTUzZjI1Mjg0NjMxZTNhNTRkYjZmMDY2ZjA2YzkzZDc4NWU4OWY5YjhmYTc5NWYxNjM2NzE0M2JiYzljZTI&v=1737408910920",
            "https://www.heinemann-shop.com/medias/527Wx527H-null?context=bWFzdGVyfGltYWdlc3w1NzE5OHxpbWFnZS9qcGVnfGFERXpMMmczT0M4eE1UWTJNalF3TmpnM056SXhOQzgxTWpkWGVEVXlOMGhmYm5Wc2JBfGFkNmRlZTE5MjRlMGQzYzE1NmRmZDE3YTAxMjUxZmJlYjFiNjY1ZWZhMTc3OTEzMWVmMWVmMDNkMDQ5ZmVmNGQ&v=1737409026656",
            "https://www.heinemann-shop.com/medias/527Wx527H-null?context=bWFzdGVyfGltYWdlc3w1ODc3MHxpbWFnZS9qcGVnfGFEazVMMmd5Tmk4eE1UWTJNalF3TnpFek9UTTFPQzgxTWpkWGVEVXlOMGhmYm5Wc2JBfGY3N2U3YmI5ZDcyODY2NGNhODk3YmQzY2U2MmZmNzdkMzdmYzJlOWNmMzk2MjFiNzY5MjA0ZThiMDFhMjU3ZTE&v=1737409036997"
        ]
    },
    {
        "product_url": "https://www.heinemann-shop.com/en/global/montblanc/montblanc-line-meisterstueck-resin-fountain-pen/p/000000000000068979/",
        "brand_name": "Montblanc",
        "brand_url": "https://www.heinemann-shop.com/en/global/montblanc/c/BRAND_1507/",
        "product_name": "Montblanc, line: Meisterst\u00fcck Resin, Fountain Pen",
        "quantity": "\n        ",
        "price": "\u20ac719.90",
        "price_per_quantity": "",
        "stock_availability": "Low stock",
        "description": "The Meisterst\u00fcck LeGrand in deep black precious resin with platinum-coated details, surmounted by the white star emblem and finished with a handcrafted gold nib, evolves into a distinctive design icon.",
        "primary_image": "https://www.heinemann-shop.com/medias/527Wx527H-null?context=bWFzdGVyfGltYWdlc3wyNjA3M3xpbWFnZS9qcGVnfGFEazNMMmd5TlM4NU9EazJOVEExTURFMk16VXdMelV5TjFkNE5USTNTRjl1ZFd4c3wxNTZiNGE0MzgyM2NjZjcxNTEyZWE3MjcwMzc0NzI4YTU4MzlhN2IyNWY1MDNhODRkMjQ3N2ZmM2ZhYjU0NGE0&v=1696884396816",
        "images": []
    },
    {
        "product_url": "https://www.heinemann-shop.com/en/global/montblanc/montblanc-starwalker-ballpoint-pen/p/000000000001384095/",
        "brand_name": "Montblanc",
        "brand_url": "https://www.heinemann-shop.com/en/global/montblanc/c/BRAND_1507/",
        "product_name": "Montblanc, Starwalker, ballpoint pen",
        "quantity": "\n        ",
        "price": "\u20ac619.90",
        "price_per_quantity": "",
        "stock_availability": "Low stock",
        "description": "The new StarWalker is about walking amid the stars. It's about exploring the cosmos and foreign galaxies.. about being part of one of the most mysterious and powerful of human kind\u2019s adventures: space exploration. The collection's new design celebrates the immense emotion.. described by all space travelers.. of seeing our blue planet floating in the vast expanse of space. The unique StarWalker emblem technology features a blue translucent dome beneath the Montblanc emblem.. reminiscent of the Earth emerging above the lunar horizon. The StarWalker Metal comes with a platinum-coated barrel and fittings.",
        "primary_image": "https://www.heinemann-shop.com/medias/527Wx527H-null?context=bWFzdGVyfGltYWdlc3wyNTc0MHxpbWFnZS9qcGVnfGFHWXlMMmd5Tnk4NU9EWXpPVFUzTURJd056QXlMelV5TjFkNE5USTNTRjl1ZFd4c3w5ZGQyMjFhZmUyNmYyYTZlYmUwNGQwYjdkOTI4NzliNGViZmNhODU1YjFiZGViYzkwZDM0OTVlNzExN2Y3ODM5&v=1695933744414",
        "images": []
    },
    {
        "product_url": "https://www.heinemann-shop.com/en/global/dolce-gabbana/dolce-gabbana-men-s-sunglasses/p/000000000001373282/",
        "brand_name": "Dolce & Gabbana",
        "brand_url": "https://www.heinemann-shop.com/en/global/dolce-gabbana/c/BRAND_2742/",
        "product_name": "Dolce&Gabbana, men's sunglasses",
        "quantity": "",
        "price": "",
        "price_per_quantity": "",
        "stock_availability": "",
        "description": "Dolce&Gabbana is the new luxury, authentic and unconventional. A style that expresses new forms of elegance, presenting itself as a modern classicism, based on superior sartorial content and creativity. An unmistakable style, which, season after season, combines strong innovation with the Mediterranean flavour of its origins.",
        "primary_image": "https://www.heinemann-shop.com/medias/527Wx527H-null?context=bWFzdGVyfGltYWdlc3wyODAyMnxpbWFnZS9qcGVnfGFHRmxMMmcyTmk4eE1ESXlORFl4TVRRMU9URXdNaTgxTWpkWGVEVXlOMGhmYm5Wc2JBfGYwYmJmZTA4YjRlMDZmYjUzZGRlNjE2YTExNDM3ZGJkMDljZjQ4OWEzMzI5ZDA0ZGU4ZjEwNjgxNzcwYjQzNGY&v=1705446190940",
        "images": []
    },
    {
        "product_url": "https://www.heinemann-shop.com/en/global/gucci/gucci-women-s-sunglasses/p/000000000001632863/",
        "brand_name": "Gucci",
        "brand_url": "https://www.heinemann-shop.com/en/global/gucci/c/BRAND_2020/",
        "product_name": "Gucci, women's sunglasses",
        "quantity": "",
        "price": "",
        "price_per_quantity": "",
        "stock_availability": "",
        "description": "",
        "primary_image": "https://www.heinemann-shop.com/medias/527Wx527H-null?context=bWFzdGVyfGltYWdlc3wyNTUxNnxpbWFnZS9qcGVnfGFERXlMMmhpTVM4eE1EVXlOREl4TURFek5UQTNNQzgxTWpkWGVEVXlOMGhmYm5Wc2JBfDJhMDliNzQ0MDkzMjVlMWUyM2ZjZmY5NzUzNTIyYjhkMTgzNWIxMmJlN2ZkZmE0ZmNjMTI0MDFjM2Y2NDc2YTY&v=1712177367009",
        "images": []
    },
    {
        "product_url": "https://www.heinemann-shop.com/en/global/montblanc/montblanc-line-meisterstueck-precious-resin-fountain-pen/p/000000000001079254/",
        "brand_name": "Montblanc",
        "brand_url": "https://www.heinemann-shop.com/en/global/montblanc/c/BRAND_1507/",
        "product_name": "Montblanc, line: Meisterst\u00fcck Precious Resin, Fountain Pen",
        "quantity": "\n        ",
        "price": "\u20ac719.90",
        "price_per_quantity": "",
        "stock_availability": "Low stock",
        "description": "The Meisterst\u00fcck Red Gold LeGrand is shaped from deep black precious resin, forming the body and cap of this elegant fountain pen, which has become a true luxury icon far beyond writing culture. Gleaming red gold-coated fittings, the white star emblem and a handcrafted red gold nib surmount the refined aesthetics.",
        "primary_image": "https://www.heinemann-shop.com/medias/527Wx527H-null?context=bWFzdGVyfGltYWdlc3w1NjgwN3xpbWFnZS9qcGVnfGFEWTVMMmhqTXk4NU9EQTBOamN5TlRrNE1EUTJMelV5TjFkNE5USTNTRjl1ZFd4c3wyMTE2NDY5MjIwNmI5ZjI2ZDFiNmMwZWZlZjE3Y2Y3NDNmZjNjNTM5YmRlYjc4YzI5OTE3Y2FiYzMxMjU2YjU5&v=1692133217279",
        "images": []
    },
    {
        "product_url": "https://www.heinemann-shop.com/en/global/chloe/chloe-women-s-sunglasses/p/000000000001619281/",
        "brand_name": "Chlo\u00e9",
        "brand_url": "https://www.heinemann-shop.com/en/global/chloe/c/BRAND_3718/",
        "product_name": "Chlo\u00e9, women's sunglasses",
        "quantity": "",
        "price": "",
        "price_per_quantity": "",
        "stock_availability": "",
        "description": "Brand: Chlo\u00e9",
        "primary_image": "https://www.heinemann-shop.com/medias/527Wx527H-null?context=bWFzdGVyfGltYWdlc3wyNzU0M3xpbWFnZS9qcGVnfGFERmhMMmcyT1M4eE1EVXlORFEwTlRjek5qazVNQzgxTWpkWGVEVXlOMGhmYm5Wc2JBfDIwOTRiNzRlNTA3NDI0NWMzNzhlNDQwZjE3NDk3NThiZmY1NzNiODkxNTY2ODdlNjY1ODlkZGRiMDdlZjNjZGE&v=1712177674923",
        "images": []
    },
    {
        "product_url": "https://www.heinemann-shop.com/en/global/ravensburger/ravensburger-09317-fascination-dinosaur/p/000000000001360021/",
        "brand_name": "Ravensburger",
        "brand_url": "https://www.heinemann-shop.com/en/global/ravensburger/c/BRAND_2327/",
        "product_name": "Ravensburger, 09317, fascination dinosaur",
        "quantity": "\n        ",
        "price": "\u20ac11.90",
        "price_per_quantity": "",
        "stock_availability": "Low stock",
        "description": "Ravensburger children\u00b4s puzzle \u2013 dinosaurs. There's more to it here: three puzzles including three mini posters as templates. Search for pieces, attach them and enjoy the ever-increasing picture - puzzles are when one small success follows the other. 3x49 pieces for children from 5 years.",
        "primary_image": "https://www.heinemann-shop.com/medias/527Wx527H-null?context=bWFzdGVyfGltYWdlc3w2NzQzNHxpbWFnZS9qcGVnfGFETXpMMmd4TUM4eE1UQXpOelF6TWpNME9EY3dNaTgxTWpkWGVEVXlOMGhmYm5Wc2JBfDk5YTYzNWEyZWEzZTI5MjI2MDBmNjgzMmQ0YzUzZmY5ZTkxZTE0MDQxZDg1YmEwOTc3ZDIyNjRiMjRjYWFmNDU&v=1724273369253",
        "images": []
    },
    {
        "product_url": "https://www.heinemann-shop.com/en/global/lego/lego-system-a-s-city-formula-1-f1-grid-with-vcarb-sauber-race-cars/p/000000000001682552/",
        "brand_name": "Lego",
        "brand_url": "https://www.heinemann-shop.com/en/global/lego/c/BRAND_0529/",
        "product_name": "LEGO System A/S, City Formula 1, f1\u00ae grid with vcarb & sauber race cars",
        "quantity": "\n        ",
        "price": "\u20ac27.90",
        "price_per_quantity": "",
        "stock_availability": "Low stock",
        "description": "LEGO\u00ae City F1\u00ae Grid with VCARB & Sauber Race Cars, Toy Vehicle Set, 2 Model Motorcars and a Light Gantry, Marshal and 2 Driver Minifigures, Fun Holiday or Birthday Gift for Kids Aged 6 and up 60474",
        "primary_image": "https://www.heinemann-shop.com/medias/527Wx527H-null?context=bWFzdGVyfGltYWdlc3w1ODE1OXxpbWFnZS9qcGVnfGFHWTFMMmd3Wmk4eE1UY3lNak0yTURBMk1UazRNaTgxTWpkWGVEVXlOMGhmYm5Wc2JBfDgyNTE2NTRlODcxNzRjM2FmMmY4ZDk0OWYyYTY1M2RkZGRkMzc5NGM4ODJjMTY2MTZkOWU0NDFiZTVjNjY1ZTE&v=1738624734045",
        "images": [
            "https://www.heinemann-shop.com/medias/527Wx527H-null?context=bWFzdGVyfGltYWdlc3w1ODE1OXxpbWFnZS9qcGVnfGFHWTFMMmd3Wmk4eE1UY3lNak0yTURBMk1UazRNaTgxTWpkWGVEVXlOMGhmYm5Wc2JBfDgyNTE2NTRlODcxNzRjM2FmMmY4ZDk0OWYyYTY1M2RkZGRkMzc5NGM4ODJjMTY2MTZkOWU0NDFiZTVjNjY1ZTE&v=1738624734045",
            "https://www.heinemann-shop.com/medias/527Wx527H-null?context=bWFzdGVyfGltYWdlc3wzOTEyMXxpbWFnZS9qcGVnfGFHSmhMMmd5TXk4eE1UY3lNak0yTlRFd09ESTFOQzgxTWpkWGVEVXlOMGhmYm5Wc2JBfDY0Y2MzZWZhNzE4OGM3ZTQ2YzE5YjJlYTlhZTY2ODU1Y2IzZDFkNzA4YzMwNGU3ZGFjZGU1OWU1MTZhMzBhOGM&v=1738625099620"
        ]
    },
    {
        "product_url": "https://www.heinemann-shop.com/en/global/brio/brio-starter-travel-train-set/p/000000000001640447/",
        "brand_name": "BRIO",
        "brand_url": "https://www.heinemann-shop.com/en/global/brio/c/BRAND_3556/",
        "product_name": "BRIO, starter travel train set",
        "quantity": "\n        ",
        "price": "\u20ac45.90",
        "price_per_quantity": "",
        "stock_availability": "Low stock",
        "description": "The 36079 Starter Travel Train Set is everything you need to create your first train set and begin your BRIO World adventures. The 22-piece railway set features a classic figure 8 track layout with a tunnel and bridge intersection at its centre and station platform for character play. Place the driver figure at the front of the travel train, pick up the passenger with her luggage waiting at the platform and begin your trip around BRIO\u2019s iconic wooden tracks.",
        "primary_image": "https://www.heinemann-shop.com/medias/527Wx527H-null?context=bWFzdGVyfGltYWdlc3w2MjM0NXxpbWFnZS9qcGVnfGFEQXlMMmd3WXk4eE1Ea3lPRGt4T0RZeU5qTXpOQzgxTWpkWGVEVXlOMGhmYm5Wc2JBfGI0YTE1ZWVlYTE3OTc2NWIyYTA5MzA2MTM5YmQwMzM2YzcyNWJkZDM1MjZjNTBlNDJkZDFhMWNkMTYwOGRkNjY&v=1722110811258",
        "images": []
    },
    {
        "product_url": "https://www.heinemann-shop.com/en/global/lego/lego-system-a-s-speed-champions-oracle-red-bull-racing-rb20-f1-race-car/p/000000000001682554/",
        "brand_name": "Lego",
        "brand_url": "https://www.heinemann-shop.com/en/global/lego/c/BRAND_0529/",
        "product_name": "LEGO System A/S, Speed Champions, oracle red bull racing rb20 f1\u00ae race car",
        "quantity": "\n        ",
        "price": "\u20ac24.90",
        "price_per_quantity": "",
        "stock_availability": "Low stock",
        "description": "LEGO\u00ae Speed Champions Oracle Red Bull Racing RB20 F1\u00ae Race Car Vehicle for Adults, Driver Set Including 1 Minifigure, Buildable Model and Collectible Formula 1\u00ae Racing Gift 77243",
        "primary_image": "https://www.heinemann-shop.com/medias/527Wx527H-null?context=bWFzdGVyfGltYWdlc3w1NDA2OXxpbWFnZS9qcGVnfGFEVXpMMmd5TkM4eE1UY3lNak0yTURZMU1UZ3dOaTgxTWpkWGVEVXlOMGhmYm5Wc2JBfDU5ZmRhMjNjZTMwYWViNTc3YTc2MTQ4NTk2MWNmMGNhYWI3MjBkMTUxMzExZGVjZmJhNTg5YzJkOWEyYTJhN2I&v=1738624787157",
        "images": [
            "https://www.heinemann-shop.com/medias/527Wx527H-null?context=bWFzdGVyfGltYWdlc3w1NDA2OXxpbWFnZS9qcGVnfGFEVXpMMmd5TkM4eE1UY3lNak0yTURZMU1UZ3dOaTgxTWpkWGVEVXlOMGhmYm5Wc2JBfDU5ZmRhMjNjZTMwYWViNTc3YTc2MTQ4NTk2MWNmMGNhYWI3MjBkMTUxMzExZGVjZmJhNTg5YzJkOWEyYTJhN2I&v=1738624787157",
            "https://www.heinemann-shop.com/medias/527Wx527H-null?context=bWFzdGVyfGltYWdlc3w0MTc2M3xpbWFnZS9qcGVnfGFHUTNMMmd6WWk4eE1UY3lNak0yTlRneU9URTFNQzgxTWpkWGVEVXlOMGhmYm5Wc2JBfGI4M2U0ZWRmNjE3YmE5YTc5MGE2NTY3MWEwMjBmNzhlZDc2MTk4M2VhNzcxYzMzZGRmMGY0M2JmZDk1ZDgzZDI&v=1738625123343"
        ]
    },
    {
        "product_url": "https://www.heinemann-shop.com/en/global/hape/hape-dog/p/000000000001040534/",
        "brand_name": "Hape",
        "brand_url": "https://www.heinemann-shop.com/en/global/hape/c/BRAND_0227/",
        "product_name": "Hape, dog",
        "quantity": "\n        ",
        "price": "\u20ac20.90",
        "price_per_quantity": "",
        "stock_availability": "Low stock",
        "description": "Sit. Stand. Roll! Teach this silly dog some new tricks. Fine Motor Skills: Promotes dexterity, hand/eye coordinations, and manipulations. Imagination & Creativity: Encourages imitative and imaginary play; promotes fantasy story telling, role playing, and creativity.",
        "primary_image": "https://www.heinemann-shop.com/medias/1040534-527Wx527H?context=bWFzdGVyfGltYWdlc3w1Mjg5MHxpbWFnZS9qcGVnfGFEWXpMMmd5WlM4NU56QXdNRFEzTWpJME9EWXlMekV3TkRBMU16UmZOVEkzVjNnMU1qZEl8YmQ2ZTk3YTQ4YzczZGQzNDMyZDIyOGYzMDM0ZmZkYTE4YTIyODhiYjdhYTM4ZTcxNzc2MTYzMjI5ODQ4MmNiMw&v=1660335140792",
        "images": []
    },
    {
        "product_url": "https://www.heinemann-shop.com/en/global/brio/brio-builder-volvo-wheel-loader/p/000000000001640446/",
        "brand_name": "BRIO",
        "brand_url": "https://www.heinemann-shop.com/en/global/brio/c/BRAND_3556/",
        "product_name": "BRIO, builder - volvo wheel loader",
        "quantity": "\n        ",
        "price": "\u20ac46.90",
        "price_per_quantity": "",
        "stock_availability": "Low stock",
        "description": "Lift the largest loads with the Volvo Wheel Loader from BRIO Builder. Based on the iconic Volvo machine, this construction toy features realistic play functions like a tipping bucket as well as a battery warning light. Take hold of the easy-to-use tool and follow the assembly instructions to build this machine piece by piece.",
        "primary_image": "https://www.heinemann-shop.com/medias/527Wx527H-null?context=bWFzdGVyfGltYWdlc3w3OTMwNnxpbWFnZS9qcGVnfGFHUmpMMmd3TVM4eE1Ea3lPRGt4T0RNek1UUXlNaTgxTWpkWGVEVXlOMGhmYm5Wc2JBfDA5NmI5NTQyM2RhYmQ4YTFlMzk4N2Q0OTZiMDE5MTJkZDRiNDVkZjhmNTdlZjkyYmFiY2Q0ODliYjBiY2VkNmU&v=1722110802153",
        "images": []
    },
    {
        "product_url": "https://www.heinemann-shop.com/en/global/brio/brio-3d-labyrinth/p/000000000001640445/",
        "brand_name": "BRIO",
        "brand_url": "https://www.heinemann-shop.com/en/global/brio/c/BRAND_3556/",
        "product_name": "BRIO, 3d labyrinth",
        "quantity": "",
        "price": "\u20ac13.90",
        "price_per_quantity": "",
        "stock_availability": "",
        "description": "Can you master the 34060 3D Labyrinth? Align the metal marble at the starting point and try to make your way through to the ten different finish positions. Each challenge offers varied complexity. Twist, flip and rotate the cube to delicately navigate your way through the maze. With a little bit of patience and some extra focus, you\u2019ll discover the way.",
        "primary_image": "https://www.heinemann-shop.com/medias/527Wx527H-null?context=bWFzdGVyfGltYWdlc3w1OTEyMXxpbWFnZS9qcGVnfGFEUmhMMmd3TlM4eE1Ea3lPRGt4T0RFd01qQTBOaTgxTWpkWGVEVXlOMGhmYm5Wc2JBfDI1YmJjYjc5YWUyYjUxNGRkNTdmMDFiYzJhNTYzMmNlNGI0MWVhYTQ3ZjVhZTI0NDQ3ZGE4ZWY4OGE0NGNlNzQ&v=1722110788877",
        "images": []
    },
    {
        "product_url": "https://www.heinemann-shop.com/en/global/lego/lego-system-a-s-ninjago-zane-s-battle-suit-mech/p/000000000001672710/",
        "brand_name": "Lego",
        "brand_url": "https://www.heinemann-shop.com/en/global/lego/c/BRAND_0529/",
        "product_name": "LEGO System A/S, Ninjago, zane's battle suit mech",
        "quantity": "\n        ",
        "price": "\u20ac9.90",
        "price_per_quantity": "",
        "stock_availability": "Low stock",
        "description": "The LEGO NINJAGO Zane\u2019s Battle Suit Mech (71827) ninja toy for 6 plus year old boys and girls lets kids stage exciting action from season 3 of the NINJAGO Dragons Rising TV show. This LEGO NINJAGO set for kids features a buildable mech toy with posable arms, legs and hands, an upper body that rotates through 360 degrees, an opening chest to place a minifigure inside and 2 big sword accessories. The role-play toy comes with 3 LEGO NINJAGO minifigures: Zane with 2 shuriken accessories, Wyldfyre with a crystal katana sword accessory and Drix, the Master of Swarm from the Forbidden Five, with 2 sickle accessories so kids can enjoy hours of role-play adventures in the merged NINJAGO world. The range of LEGO NINJAGO sets and buildable ninja toys includes mechs, dragons and temples so fans can role-play action. Each playset can be created with the LEGO Builder app, which guides you and your child on an easy and intuitive building adventure. This set, featuring a cool NINJAGO mech and 3 characters makes a fun birthday gift for 6 plus year old boys, girls and kids who are fans of the LEGO NINJAGO Dragons Rising TV show.",
        "primary_image": "https://www.heinemann-shop.com/medias/527Wx527H-null?context=bWFzdGVyfGltYWdlc3w3NjM1MXxpbWFnZS9qcGVnfGFHSmhMMmhrTkM4eE1UVTNOemd4TlRVNU56QTROaTgxTWpkWGVEVXlOMGhmYm5Wc2JBfDliZmZkNGI5ZGQ4NjM3MjJjMWI5ZjViNDliNWUxZmIxNDk1MjcyODkzZmU3N2FiYjA0YzkwNDcxNThkMzg0YmE&v=1735594508303",
        "images": [
            "https://www.heinemann-shop.com/medias/527Wx527H-null?context=bWFzdGVyfGltYWdlc3w3NjM1MXxpbWFnZS9qcGVnfGFHSmhMMmhrTkM4eE1UVTNOemd4TlRVNU56QTROaTgxTWpkWGVEVXlOMGhmYm5Wc2JBfDliZmZkNGI5ZGQ4NjM3MjJjMWI5ZjViNDliNWUxZmIxNDk1MjcyODkzZmU3N2FiYjA0YzkwNDcxNThkMzg0YmE&v=1735594508303",
            "https://www.heinemann-shop.com/medias/527Wx527H-null?context=bWFzdGVyfGltYWdlc3wzNTMwNnxpbWFnZS9qcGVnfGFETmhMMmcxTnk4eE1UVTNOemd5TVRZNU1Ua3pOQzgxTWpkWGVEVXlOMGhmYm5Wc2JBfGNkNzUxOTU0MWQ5YjhmN2ZjNGY4ZmJmOTc5MWZhNjZhYzcxOWU3NmFiMzBlYTRhNDgyZmEwODM0YmU2NDY5NTg&v=1735594850547"
        ]
    },
    {
        "product_url": "https://www.heinemann-shop.com/en/global/lego/lego-system-a-s-speed-champions-mercedes-amg-f1-w15-race-car/p/000000000001682555/",
        "brand_name": "Lego",
        "brand_url": "https://www.heinemann-shop.com/en/global/lego/c/BRAND_0529/",
        "product_name": "LEGO System A/S, Speed Champions, mercedes-amg f1\u00ae w15 race car",
        "quantity": "\n        ",
        "price": "\u20ac24.90",
        "price_per_quantity": "",
        "stock_availability": "Low stock",
        "description": "LEGO\u00ae Speed Champions Mercedes-AMG F1\u00ae W15 Race Car Toy Vehicle, Driver Set Including 1 Minifigure, Buildable Model for Kids, Collectible Formula 1\u00ae Gift for Boys and Girls 77244",
        "primary_image": "https://www.heinemann-shop.com/medias/527Wx527H-null?context=bWFzdGVyfGltYWdlc3w1NjkzNnxpbWFnZS9qcGVnfGFHUXdMMmd5WlM4eE1UY3lNak0yTURrM09UUTROaTgxTWpkWGVEVXlOMGhmYm5Wc2JBfGZiN2NhZjg4NzMyMDQwNjBhYmRkZTMwMzBlNGYwYWFkNWQ2ZjJmYzI3MTA3NWUyZGFkNTdjNDc0ZmY5NjIwYjU&v=1738624818387",
        "images": [
            "https://www.heinemann-shop.com/medias/527Wx527H-null?context=bWFzdGVyfGltYWdlc3w1NjkzNnxpbWFnZS9qcGVnfGFHUXdMMmd5WlM4eE1UY3lNak0yTURrM09UUTROaTgxTWpkWGVEVXlOMGhmYm5Wc2JBfGZiN2NhZjg4NzMyMDQwNjBhYmRkZTMwMzBlNGYwYWFkNWQ2ZjJmYzI3MTA3NWUyZGFkNTdjNDc0ZmY5NjIwYjU&v=1738624818387",
            "https://www.heinemann-shop.com/medias/527Wx527H-null?context=bWFzdGVyfGltYWdlc3w0MDgzMHxpbWFnZS9qcGVnfGFERTBMMmc0WWk4eE1UY3lNak0yTmpBNU1USTVOQzgxTWpkWGVEVXlOMGhmYm5Wc2JBfDMxNTM0MzY1ODYzMGE1ODdhYzc5OTg2ZmExZGQyMjZlNTgwMzdlMDBlZWMyNjMyNjk1ZTVmNWIxMGI4YjZmMTQ&v=1738625136465"
        ]
    },
    {
        "product_url": "https://www.heinemann-shop.com/en/global/lego/lego-system-a-s-speed-champions-ferrari-sf-24-f1-race-car/p/000000000001682553/",
        "brand_name": "Lego",
        "brand_url": "https://www.heinemann-shop.com/en/global/lego/c/BRAND_0529/",
        "product_name": "LEGO System A/S, Speed Champions, ferrari sf-24 f1\u00ae race car",
        "quantity": "\n        ",
        "price": "\u20ac24.90",
        "price_per_quantity": "",
        "stock_availability": "Low stock",
        "description": "LEGO\u00ae Speed Champions Ferrari SF-24 F1\u00ae Race Car Toy Vehicle Driver Set, Buildable Model for Kids, Playset with 1 Minifigure, Collectible Formula F1 Gift for Boys and Girls 77242",
        "primary_image": "https://www.heinemann-shop.com/medias/527Wx527H-null?context=bWFzdGVyfGltYWdlc3w1ODEyMnxpbWFnZS9qcGVnfGFHTTBMMmd4T1M4eE1UY3lNak0yTURNeU5ERXlOaTgxTWpkWGVEVXlOMGhmYm5Wc2JBfDJkMzllOTlhMTllMjBjMGIyYzJhNjhjN2YwMWIyYWY5OGFjZDQ2NmVlMjcxMzQzNzI1NTUzNGEwMzM4M2I5Mzk&v=1738624756355",
        "images": [
            "https://www.heinemann-shop.com/medias/527Wx527H-null?context=bWFzdGVyfGltYWdlc3w1ODEyMnxpbWFnZS9qcGVnfGFHTTBMMmd4T1M4eE1UY3lNak0yTURNeU5ERXlOaTgxTWpkWGVEVXlOMGhmYm5Wc2JBfDJkMzllOTlhMTllMjBjMGIyYzJhNjhjN2YwMWIyYWY5OGFjZDQ2NmVlMjcxMzQzNzI1NTUzNGEwMzM4M2I5Mzk&v=1738624756355",
            "https://www.heinemann-shop.com/medias/527Wx527H-null?context=bWFzdGVyfGltYWdlc3w0MzkwM3xpbWFnZS9qcGVnfGFEQTVMMmd6TWk4eE1UY3lNak0yTlRVMk56QXdOaTgxTWpkWGVEVXlOMGhmYm5Wc2JBfGY3NjBlZDZhMzJjMTY1NWMyOTExNjE5ZmM1MTQ3MWRhMzI0ODEzZTAyYjcwOWM2MTc0NTE3M2EwZWNkN2Y3ZjY&v=1738625111600"
        ]
    },
    {
        "product_url": "https://www.heinemann-shop.com/en/global/hape/hape-mini-touch-piano/p/000000000001636050/",
        "brand_name": "Hape",
        "brand_url": "https://www.heinemann-shop.com/en/global/hape/c/BRAND_0227/",
        "product_name": "Hape, mini touch piano",
        "quantity": "\n        ",
        "price": "\u20ac11.90",
        "price_per_quantity": "",
        "stock_availability": "Low stock",
        "description": "The piano bestseller is finally available in a mini format for babies. The innovative touch technology offers two ingenious game modes. After listening and playing music has been encouraged, the baby can demonstrate their motor skills by playing ring games.",
        "primary_image": "https://www.heinemann-shop.com/medias/527Wx527H-null?context=bWFzdGVyfGltYWdlc3w3OTY0NnxpbWFnZS9qcGVnfGFHSTBMMmczTXk4eE1EVTVNell4TWpZeU56azVPQzgxTWpkWGVEVXlOMGhmYm5Wc2JBfDc5ODU0NDExNDU2MDBhMDFhNjJiZDc2NmUzYjk4NWViN2RiZmQwODkzZjI0YzlhYTYwMTM0YmNhY2YzYjA4YTg&v=1713957986153",
        "images": [
            "https://www.heinemann-shop.com/medias/527Wx527H-null?context=bWFzdGVyfGltYWdlc3w3OTY0NnxpbWFnZS9qcGVnfGFHSTBMMmczTXk4eE1EVTVNell4TWpZeU56azVPQzgxTWpkWGVEVXlOMGhmYm5Wc2JBfDc5ODU0NDExNDU2MDBhMDFhNjJiZDc2NmUzYjk4NWViN2RiZmQwODkzZjI0YzlhYTYwMTM0YmNhY2YzYjA4YTg&v=1713957986153",
            "https://www.heinemann-shop.com/medias/527Wx527H-null?context=bWFzdGVyfGltYWdlc3w0NDY0N3xpbWFnZS9qcGVnfGFEZzJMMmhqTmk4eE1EVTVNemcwTmpBd01UWTVOQzgxTWpkWGVEVXlOMGhmYm5Wc2JBfDMzNWFlNGZjYTBiM2E0Y2EyYjc4NGMwMDAzMjZhMzhmNWM2YTFjOTdlYTg3YWU4OGRkOTFhOGYzMzBjNWY3YzQ&v=1713958224693"
        ]
    },
    {
        "product_url": "https://www.heinemann-shop.com/en/global/lego/lego-system-a-s-city-great-vehicles-red-farm-tractor-with-trailer-sheep/p/000000000001672703/",
        "brand_name": "Lego",
        "brand_url": "https://www.heinemann-shop.com/en/global/lego/c/BRAND_0529/",
        "product_name": "LEGO System A/S, City Great Vehicles, red farm tractor with trailer & sheep",
        "quantity": "\n        ",
        "price": "\u20ac18.90",
        "price_per_quantity": "",
        "stock_availability": "Low stock",
        "description": "Bring the charm of the countryside to your child\u2019s playtime with the LEGO City Red Farm Tractor with Trailer & Sheep (60461) building toy for 4+ year old boys and girls. This LEGO 4+ farm toy set includes a red tractor toy with a detachable trailer, a basket of carrots and 2 hay bales. Just add the farmer and daughter LEGO City minifigures, along with 2 sheep toy farm animal figures, a lamb and a puppy figure for engaging role play and storytelling. This easy-build farm tractor toy includes a LEGO Starter Brick element, a pictorial guide and 3D instructions in the LEGO Builder app \u2013 a digital building companion with zoom and rotate tools that enable kids to visualise models from all angles as they build. LEGO City Great Vehicles playsets deliver realistic vehicles and machines along with fun characters to inspire imaginative role play. This farm toy set makes a fun birthday gift for boys and girls aged 4 and up, plus kids can add it to other sets (sold separately) from the LEGO City range to expand their world of play possibilities.",
        "primary_image": "https://www.heinemann-shop.com/medias/527Wx527H-null?context=bWFzdGVyfGltYWdlc3w2OTQ4M3xpbWFnZS9qcGVnfGFHRXdMMmhoWmk4eE1UVTNOemd4TkRBeU5ESXlNaTgxTWpkWGVEVXlOMGhmYm5Wc2JBfDRhMmNlY2VmNzI2YzdhYTI2N2I0NDFhYzlkZWNmZWI1MzdiMTc3ZTE3NTI5MTJjNDBmNDRjZTQ0NDZmNDA4ZTE&v=1735594398023",
        "images": [
            "https://www.heinemann-shop.com/medias/527Wx527H-null?context=bWFzdGVyfGltYWdlc3w2OTQ4M3xpbWFnZS9qcGVnfGFHRXdMMmhoWmk4eE1UVTNOemd4TkRBeU5ESXlNaTgxTWpkWGVEVXlOMGhmYm5Wc2JBfDRhMmNlY2VmNzI2YzdhYTI2N2I0NDFhYzlkZWNmZWI1MzdiMTc3ZTE3NTI5MTJjNDBmNDRjZTQ0NDZmNDA4ZTE&v=1735594398023",
            "https://www.heinemann-shop.com/medias/527Wx527H-null?context=bWFzdGVyfGltYWdlc3wyODg3M3xpbWFnZS9qcGVnfGFHRmpMMmd4WkM4eE1UVTNOemd5TURNeE5UWTNPQzgxTWpkWGVEVXlOMGhmYm5Wc2JBfDM4NzA1ODkxMjA3YzczNjA2NWRkNjc4YzlhZjViNjE0MTU1ZjgzY2I2ZDQzNTY1Yjk2ODg2OThmYmM5OGYxYTM&v=1735594804679"
        ]
    },
    {
        "product_url": "https://www.heinemann-shop.com/en/global/montblanc/fineliner-rollerball/p/000000000001313295/",
        "brand_name": "Montblanc",
        "brand_url": "https://www.heinemann-shop.com/en/global/montblanc/c/BRAND_1507/",
        "product_name": "Fineliner & Rollerball",
        "quantity": "\n        ",
        "price": "\u20ac939.90",
        "price_per_quantity": "",
        "stock_availability": "Low stock",
        "description": "Commemorating one of the most revered figures in modern history, the Special Edition John F. Kennedy makes symbolic references to the life of J.F. Kennedy in subtle design details. The burgundy-coloured precious resin refers to Kennedy\u2019s famous Ivy League style and is inspired by his time at Harvard University. His initials \u201cJFK\u201d are engraved on the champagne-tone gold-coated fittings clip, and the three champagne-tone gold-coated cap rings stand for Kennedy\u2019s three brothers. The Special Edition is crowned by the Montblanc emblem in precious resin.",
        "primary_image": "https://www.heinemann-shop.com/medias/527Wx527H-null?context=bWFzdGVyfGltYWdlc3wzNjIzM3xpbWFnZS9qcGVnfGFEVTVMMmhqTnk4NU9ERXlPVFEyTVRVM05UazRMelV5TjFkNE5USTNTRjl1ZFd4c3xjZGQ0ZWI5YmZkMjEyNGJiMDA5MjFhMTcyYWU1YWNkYmE0ODE1NTFiZDg1ZjAwMmQxYjFlOTJjNmY5YTRmYWIx&v=1693601789073",
        "images": []
    },
    {
        "product_url": "https://www.heinemann-shop.com/en/global/lego/lego-botanicals-lego-10343-mini-orchid/p/000000000001672656/",
        "brand_name": "Lego",
        "brand_url": "https://www.heinemann-shop.com/en/global/lego/c/BRAND_0529/",
        "product_name": "Lego, Botanicals, lego 10343 mini orchid",
        "quantity": "\n        ",
        "price": "\u20ac27.90",
        "price_per_quantity": "",
        "stock_availability": "Low stock",
        "description": "Show your affinity for flowers with the LEGO\u00ae Botanicals Mini Orchid building kit. It\u2019s blooming with authentic details, so you can relax and unwind as you build the plant pot, 5 peach-colored flowers, buds and leaves before impressing friends with its authentic appearance. Once the project is complete, this LEGO flower will bring nature-inspired joy to any room when used as home or office decor.",
        "primary_image": "https://www.heinemann-shop.com/medias/527Wx527H-null?context=bWFzdGVyfGltYWdlc3w2MTgxN3xpbWFnZS9qcGVnfGFHUmxMMmhtWWk4eE1UVXhPVFEzTWpZNU56TTNOQzgxTWpkWGVEVXlOMGhmYm5Wc2JBfDZjYTQ3MTIwOGE1OGE2ZGQyYmEzMGFkNDE1MmE5MTlmODA4ZmFhOTgwMDk2NjFmNjNhNWU5NWM0NzFjNzc3ODc&v=1734385149167",
        "images": [
            "https://www.heinemann-shop.com/medias/527Wx527H-null?context=bWFzdGVyfGltYWdlc3w2MTgxN3xpbWFnZS9qcGVnfGFHUmxMMmhtWWk4eE1UVXhPVFEzTWpZNU56TTNOQzgxTWpkWGVEVXlOMGhmYm5Wc2JBfDZjYTQ3MTIwOGE1OGE2ZGQyYmEzMGFkNDE1MmE5MTlmODA4ZmFhOTgwMDk2NjFmNjNhNWU5NWM0NzFjNzc3ODc&v=1734385149167",
            "https://www.heinemann-shop.com/medias/527Wx527H-null?context=bWFzdGVyfGltYWdlc3wzNzYxOHxpbWFnZS9qcGVnfGFERXhMMmhqTkM4eE1UVXlNREUyTnpVeE1EQTBOaTgxTWpkWGVEVXlOMGhmYm5Wc2JBfGRmYTU3YmMxOTM2NDJjNWYzNjRkNjg3MGRiYTkzNGZjNDcwNTc5MWRjOGQwMWNiN2UxNDZhNmQwNjlkOThiN2U&v=1734385437626"
        ]
    },
    {
        "product_url": "https://www.heinemann-shop.com/en/global/montblanc/montblanc-line-meisterstueck-solitaire-fineliner/p/000000000001135186/",
        "brand_name": "Montblanc",
        "brand_url": "https://www.heinemann-shop.com/en/global/montblanc/c/BRAND_1507/",
        "product_name": "Montblanc, line: Meisterst\u00fcck Solitaire, Fineliner",
        "quantity": "\n        ",
        "price": "\u20ac919.90",
        "price_per_quantity": "",
        "stock_availability": "Low stock",
        "description": "The Meisterst\u00fcck Solitaire Dou\u00e9 Blue Hour Classique introduces itself as a precious, blue lacquered Solitaire product with platinum-coated fittings. The magical hour between daylight and night - the Blue Hour - creates a smooth contrast and breathtaking mood, which served as design inspiration. The hexagon pattern on the barrel reflects the refraction of lights and night traffic in urban cities.",
        "primary_image": "https://www.heinemann-shop.com/medias/527Wx527H-null?context=bWFzdGVyfGltYWdlc3wzNTkyMnxpbWFnZS9qcGVnfGFHWTBMMmczTUM4NU9EWXdPVEEzTlRZMU1EZzJMelV5TjFkNE5USTNTRjl1ZFd4c3xhNmJmMmYzNjI1NTdjNWE5YzRlZTYxMTEzZmU2ZjU1ZTU0MmQyNDM4MjRjM2YyZDE0NzU2NjIxNDQ2ZjMyM2E5&v=1695846984818",
        "images": []
    },
    {
        "product_url": "https://www.heinemann-shop.com/en/global/ravensburger/ravensburger-spidey-and-his-amazing-friends/p/000000000001659908/",
        "brand_name": "Ravensburger",
        "brand_url": "https://www.heinemann-shop.com/en/global/ravensburger/c/BRAND_2327/",
        "product_name": "Ravensburger, spidey and his amazing friends",
        "quantity": "\n        ",
        "price": "\u20ac7.90",
        "price_per_quantity": "",
        "stock_availability": "Low stock",
        "description": "Spidey and his extraordinary superhero friends from the animated series \u201cSpidey and his Amazing Friends\u201d climb up a building vertically. At the beginning of the game, each player chooses their favorite hero, but in each turn, all players move all the game pieces. The climbing strips dictate how to climb. Luck and tactical considerations play a role and lead to victory in the end. Come on, superheroes! Who will reach the roof first?",
        "primary_image": "https://www.heinemann-shop.com/medias/527Wx527H-null?context=bWFzdGVyfGltYWdlc3w5MTQwM3xpbWFnZS9qcGVnfGFHVXhMMmczWkM4eE1UQXpOelF6TVRJd01UZ3lNaTgxTWpkWGVEVXlOMGhmYm5Wc2JBfDU3ZTg5NDEyMmFkNTc4OTU2ODQ3ZTYwMWFlYjU4MWEzZDgzZDJlNjEwZDZiZWVkMTM5MzViNmEyOGVkMzY0ZTE&v=1724273223702",
        "images": []
    },
    {
        "product_url": "https://www.heinemann-shop.com/en/global/ravensburger/ravensburger-harry-potter-sagaland/p/000000000001659906/",
        "brand_name": "Ravensburger",
        "brand_url": "https://www.heinemann-shop.com/en/global/ravensburger/c/BRAND_2327/",
        "product_name": "Ravensburger, harry potter sagaland",
        "quantity": "\n        ",
        "price": "\u20ac7.90",
        "price_per_quantity": "",
        "stock_availability": "Low stock",
        "description": "In the Ravensburger game Harry Potter Sagaland, players immerse themselves in the magical world of Harry Potter and find themselves in the forbidden forest. The aim of the 2-4 players is to know under which tree the creature they are looking for is hiding. This way, cards can be won and victory can be taken home. A great dice and memory game that promotes concentration and memory in a fun way.",
        "primary_image": "https://www.heinemann-shop.com/medias/527Wx527H-null?context=bWFzdGVyfGltYWdlc3w2NjE4M3xpbWFnZS9qcGVnfGFHVmhMMmhrT1M4eE1UQXpOelF6TURZeE1UazVPQzgxTWpkWGVEVXlOMGhmYm5Wc2JBfDRjZjBkY2E4ZGJiMjZlNDBiZDE5MDM3ZTc2MGQwN2JmMWZiNDUxMzMxMGM4MTdmYzIyOWVkNDFkNzY4MGMyYWY&v=1724273166358",
        "images": []
    },
    {
        "product_url": "https://www.heinemann-shop.com/en/global/smart-games/smart-games-travel-games-book/p/000000000001477052/",
        "brand_name": "Smart Games",
        "brand_url": "https://www.heinemann-shop.com/en/global/smart-games/c/BRAND_8242/",
        "product_name": "SMART GAMES, Travel Games Book,",
        "quantity": "\n        ",
        "price": "\u20ac11.90",
        "price_per_quantity": "",
        "stock_availability": "Low stock",
        "description": "There is a lot going on at the beach\u2026Kids and toys are everywhere, and the sun worshipper are right in between. Can you show the kids the fastest way to their toys, without disturbing the grown-ups? Are you sure, that this is the right toy, or was there an orange section on the beach ball instead of the pink one? 48 challenges in 4 different difficulties.",
        "primary_image": "https://www.heinemann-shop.com/medias/527Wx527H-null?context=bWFzdGVyfGltYWdlc3w4MDcxM3xpbWFnZS9qcGVnfGFHUmlMMmhrWlM4NU56VXhNRGMwTkRjeE9UWTJMelV5TjFkNE5USTNTRjl1ZFd4c3w2ZDRlNjBkNGYyYzM5NDNmMjM5MDM1YzY1YTBhY2U3ZGE1ZjAwYTIxNTZiZTQxZDAxZDIzNzIwNDczNjkzOTc2&v=1680227129697",
        "images": []
    },
    {
        "product_url": "https://www.heinemann-shop.com/en/global/steiff/steiff-disney-simba-yellow/p/000000000001636760/",
        "brand_name": "Steiff",
        "brand_url": "https://www.heinemann-shop.com/en/global/steiff/c/BRAND_0528/",
        "product_name": "Steiff, Disney, simba, yellow",
        "quantity": "\n        ",
        "price": "\u20ac38.90",
        "price_per_quantity": "",
        "stock_availability": "Low stock",
        "description": "Disney Originals Simba measures 26 cm tall, is coloured in warm beige and brown tones and an all-round enchanting little chap: his eye area is irresistible, the ros\u00e9-coloured, trimmed nose is eye-catcher and feeling experience in one. His ears are always ready to listen, the two fluffy puffs and his stainless steel \"Button in Ear\" are highlights for little hands experiencing the cuddly soft fur. Cheerful little lion Simba is king in the children\u2019s room and companion in adventures full of fantasy.",
        "primary_image": "https://www.heinemann-shop.com/medias/527Wx527H-null?context=bWFzdGVyfGltYWdlc3w2MDg2M3xpbWFnZS9qcGVnfGFEQmtMMmd5TVM4eE1EWXpORGMyTlRRek5Ea3hNQzgxTWpkWGVEVXlOMGhmYm5Wc2JBfGY1MmFhNDhiZGVjN2MyMDBiZTE2NGRmNmMxYjI1MGUzMTUxM2ZkZTA4MGNkMWQ3NDZlMmFmNTQ5Mzk2ZDQwNmE&v=1715030361526",
        "images": []
    },
    {
        "product_url": "https://www.heinemann-shop.com/en/global/ravensburger/ravensburger-3d-puzzle-pokemon-72p/p/000000000001526543/",
        "brand_name": "Ravensburger",
        "brand_url": "https://www.heinemann-shop.com/en/global/ravensburger/c/BRAND_2327/",
        "product_name": "Ravensburger, 3D Puzzle, pokemon 72p",
        "quantity": "\n        ",
        "price": "\u20ac17.90",
        "price_per_quantity": "",
        "stock_availability": "Low stock",
        "description": "Set the Pok\u00e9mons perfectly in scene with this 3D puzzle ball! Thanks to EasyClick Technology all plastic puzzle pieces fit perfectly into each other. TheTeilenummerierung allows easy puzzling by numbers.",
        "primary_image": "https://www.heinemann-shop.com/medias/527Wx527H-null?context=bWFzdGVyfGltYWdlc3w4MjM5NHxpbWFnZS9qcGVnfGFERXhMMmd6WlM4NU56WTRPVFUzT1RBeU9EYzRMelV5TjFkNE5USTNTRjl1ZFd4c3w1ZmVhYjFmZmFiZmI0NzRiODI4MTA3ZDNlNGUyNjRiMmU3ODZjOTUwNzI2NGViNjVlZDA5YjIwNmFkNGRhNTI0&v=1685427919028",
        "images": [
            "https://www.heinemann-shop.com/medias/527Wx527H-null?context=bWFzdGVyfGltYWdlc3w4MjM5NHxpbWFnZS9qcGVnfGFERXhMMmd6WlM4NU56WTRPVFUzT1RBeU9EYzRMelV5TjFkNE5USTNTRjl1ZFd4c3w1ZmVhYjFmZmFiZmI0NzRiODI4MTA3ZDNlNGUyNjRiMmU3ODZjOTUwNzI2NGViNjVlZDA5YjIwNmFkNGRhNTI0&v=1685427919028",
            "https://www.heinemann-shop.com/medias/527Wx527H-null?context=bWFzdGVyfGltYWdlc3w3NjQ1M3xpbWFnZS9qcGVnfGFERXdMMmd4Wmk4NU56WTRPVFU0TlRreE1EQTJMelV5TjFkNE5USTNTRjl1ZFd4c3w0ZmU5OTJkNDRmYzg4Y2Y5MGFmYzU3NzM5MmE0YzUzZGZhNmIzNTNmYmZhYWJiNjljNWQ4Y2U4ODg2ZjAxZGFi&v=1685427931714"
        ]
    },
    {
        "product_url": "https://www.heinemann-shop.com/en/global/ravensburger/ravensburger-12722-big-wide-world/p/000000000001359994/",
        "brand_name": "Ravensburger",
        "brand_url": "https://www.heinemann-shop.com/en/global/ravensburger/c/BRAND_2327/",
        "product_name": "Ravensburger, 12722, big wide world",
        "quantity": "\n        ",
        "price": "\u20ac12.90",
        "price_per_quantity": "",
        "stock_availability": "Low stock",
        "description": "Ravensburger children\u00b4s puzzle \u2013 Great world. Discover the whole world in 200 pieces. For children from 8 years.",
        "primary_image": "https://www.heinemann-shop.com/medias/527Wx527H-null?context=bWFzdGVyfGltYWdlc3w3MDY1MnxpbWFnZS9qcGVnfGFEWXhMMmcyTUM4eE1UQXpOelF5TlRRd01UZzROaTgxTWpkWGVEVXlOMGhmYm5Wc2JBfDA3ODFiMTEzMGRjMDc5NTg2YWNiMGFkODc1MmVmMmY4MmE2MzZhYTc5YTE0OTEyMTYxMDY2NmYxODk3YzNlNGY&v=1724272709375",
        "images": []
    },
    {
        "product_url": "https://www.heinemann-shop.com/en/global/lego/lego-system-a-s-technic-backhoe-loader/p/000000000001672674/",
        "brand_name": "Lego",
        "brand_url": "https://www.heinemann-shop.com/en/global/lego/c/BRAND_0529/",
        "product_name": "LEGO System A/S, Technic, backhoe loader",
        "quantity": "\n        ",
        "price": "\u20ac9.90",
        "price_per_quantity": "",
        "stock_availability": "Low stock",
        "description": "With your trusty backhoe loader, you\u2019ll be ready for any construction job! Turn the knob to move the front scoop up and down. Wheel the loader into position and lower the outriggers for extra support. Then try out the rear digger to tackle the next building site task. What a fun way to get the job done!",
        "primary_image": "https://www.heinemann-shop.com/medias/527Wx527H-null?context=bWFzdGVyfGltYWdlc3w2MjUxNXxpbWFnZS9qcGVnfGFHTTNMMmhsTWk4eE1UVXlNREUyTXpVME5URXhPQzgxTWpkWGVEVXlOMGhmYm5Wc2JBfDJlMGUwZGUyYWMwNzdhMGMyYmZlOTNlZmFjZmQ0NjZjYmMxNzE3MTQ0Yzk3YTM1YTc1ZWU2N2Y4YzQyZWIwN2I&v=1734385269206",
        "images": [
            "https://www.heinemann-shop.com/medias/527Wx527H-null?context=bWFzdGVyfGltYWdlc3w2MjUxNXxpbWFnZS9qcGVnfGFHTTNMMmhsTWk4eE1UVXlNREUyTXpVME5URXhPQzgxTWpkWGVEVXlOMGhmYm5Wc2JBfDJlMGUwZGUyYWMwNzdhMGMyYmZlOTNlZmFjZmQ0NjZjYmMxNzE3MTQ0Yzk3YTM1YTc1ZWU2N2Y4YzQyZWIwN2I&v=1734385269206",
            "https://www.heinemann-shop.com/medias/527Wx527H-null?context=bWFzdGVyfGltYWdlc3wzMjgxNnxpbWFnZS9qcGVnfGFHSTFMMmhoWXk4eE1UVXlNREUzTURRNU1Ua3pOQzgxTWpkWGVEVXlOMGhmYm5Wc2JBfDQ3ZDBmODEzZWRiNWQxNDVmMDJjZWFjYjgyZTRkYTNiZTE1ODI3MmY0ZmVhNjZkODkxYjYyNzA0OWY5ZmM3NjU&v=1734385527672"
        ]
    },
    {
        "product_url": "https://www.heinemann-shop.com/en/global/ravensburger/ravensburger-6700-little-airport/p/000000000001360017/",
        "brand_name": "Ravensburger",
        "brand_url": "https://www.heinemann-shop.com/en/global/ravensburger/c/BRAND_2327/",
        "product_name": "Ravensburger, 6700, little airport",
        "quantity": "",
        "price": "\u20ac8.90",
        "price_per_quantity": "",
        "stock_availability": "",
        "description": "Ravensburger children\u00b4s puzzle \u2013 Small airfield. For real airport fans! Children train perception, short-term memory and logical thinking in a playful and fun way. And the eye-hand coordination and patience are also improved. Puzzles with the right difficulty let the children grow with the challenge, strengthen their self-confidence and above all make a lot of fun. Frame puzzle with 40 pieces for children from 4 years.",
        "primary_image": "https://www.heinemann-shop.com/medias/527Wx527H-null?context=bWFzdGVyfGltYWdlc3w2NDUwMXxpbWFnZS9qcGVnfGFHWmxMMmcyTVM4eE1UQXpOamMyTmpVek5UY3hNQzgxTWpkWGVEVXlOMGhmYm5Wc2JBfDE3ZDdiOTY0NDkzN2JlMzY2NThlNDkwYmNjOGU3ZmRiNDYwZDk0YjA2NDRhYzZlZDE3M2U1ZTcwZjEwYzFmNGI&v=1724272463166",
        "images": []
    },
    {
        "product_url": "https://www.heinemann-shop.com/en/global/hape/hape-stand-up-stack-egg/p/000000000001630864/",
        "brand_name": "Hape",
        "brand_url": "https://www.heinemann-shop.com/en/global/hape/c/BRAND_0227/",
        "product_name": "Hape, stand-up stack egg",
        "quantity": "\n        ",
        "price": "\u20ac13.90",
        "price_per_quantity": "",
        "stock_availability": "Low stock",
        "description": "Hape's Stand-Up Stack Egg brings fun into the children's room. Remove the colorful eggshells one by one and the cute stand-up stack egg will move in all directions. Maybe you'll find the chick inside the egg.",
        "primary_image": "https://www.heinemann-shop.com/medias/527Wx527H-null?context=bWFzdGVyfGltYWdlc3w3MjQ4OXxpbWFnZS9qcGVnfGFERmtMMmhsTVM4eE1EVTVNell4TXpjME1qRXhNQzgxTWpkWGVEVXlOMGhmYm5Wc2JBfGJiOGFiNDEwN2U1YzMzZTcwOTNhNjRiMDEyZDJkMDlkMDQ2YzM3N2JlZGIzMGE2YWMzYTU2OTIzOTBkM2VhZjY&v=1713958040964",
        "images": [
            "https://www.heinemann-shop.com/medias/527Wx527H-null?context=bWFzdGVyfGltYWdlc3w3MjQ4OXxpbWFnZS9qcGVnfGFERmtMMmhsTVM4eE1EVTVNell4TXpjME1qRXhNQzgxTWpkWGVEVXlOMGhmYm5Wc2JBfGJiOGFiNDEwN2U1YzMzZTcwOTNhNjRiMDEyZDJkMDlkMDQ2YzM3N2JlZGIzMGE2YWMzYTU2OTIzOTBkM2VhZjY&v=1713958040964",
            "https://www.heinemann-shop.com/medias/527Wx527H-null?context=bWFzdGVyfGltYWdlc3wzMDc1MXxpbWFnZS9qcGVnfGFEaGlMMmhqWmk4eE1EVTVNemcwTnpBeE56VXdNaTgxTWpkWGVEVXlOMGhmYm5Wc2JBfGEwYjBkZTMxZDcxODliYjc3ZTU2YzAxZGJkNmY2ZjRhNDViNWVmYTQ5YjI2NGE1ZmI3YTE4ZTc0YjU4MTUyMWQ&v=1713958256839"
        ]
    },
    {
        "product_url": "https://www.heinemann-shop.com/en/global/lego/lego-line-lego-creator-mighty-dinosaurs/p/000000000001232646/",
        "brand_name": "Lego",
        "brand_url": "https://www.heinemann-shop.com/en/global/lego/c/BRAND_0529/",
        "product_name": "LEGO, line: LEGO Creator, mighty dinosaurs",
        "quantity": "\n        ",
        "price": "\u20ac13.90",
        "price_per_quantity": "",
        "stock_availability": "Low stock",
        "description": "Shake the ground with this menacing T. rex, featuring a dark-green and beige color scheme and bright orange eyes. Open its mouth to reveal razor-sharp teeth, position the huge claws and move its head and tail. This set also includes the remains of the T. rex\u2019s latest prey! Rebuild to create other Mighty Dinosaurs; a powerful Triceratops or a terrifying Pterodactyl.",
        "primary_image": "https://www.heinemann-shop.com/medias/527Wx527H-null?context=bWFzdGVyfGltYWdlc3w1OTc0MXxpbWFnZS9qcGVnfGFHWTRMMmcyWXk4eE1ETTBOakV3TkRNMU5qZzVOQzgxTWpkWGVEVXlOMGhmYm5Wc2JBfGI4MTZmNjhmZjEzMjI1Yzg2MGYzZjc1ZmFjZTBmMThlYTUxMmNkYmEyM2UxY2U4YzVhYzgxZjhlMzkyODMxNmI&v=1708382753294",
        "images": [
            "https://www.heinemann-shop.com/medias/527Wx527H-null?context=bWFzdGVyfGltYWdlc3w1OTc0MXxpbWFnZS9qcGVnfGFHWTRMMmcyWXk4eE1ETTBOakV3TkRNMU5qZzVOQzgxTWpkWGVEVXlOMGhmYm5Wc2JBfGI4MTZmNjhmZjEzMjI1Yzg2MGYzZjc1ZmFjZTBmMThlYTUxMmNkYmEyM2UxY2U4YzVhYzgxZjhlMzkyODMxNmI&v=1708382753294",
            "https://www.heinemann-shop.com/medias/527Wx527H-null?context=bWFzdGVyfGltYWdlc3w2NTEyNHxpbWFnZS9qcGVnfGFEQXdMMmcxWkM4eE1ETTBOakV3TnpFd09UUXdOaTgxTWpkWGVEVXlOMGhmYm5Wc2JBfGFkM2VhMTNjNzhmM2I0MjEwYzAzZWE2M2Q5OWExZjU5MDU4NWNhM2E5M2VkMDA0ZGI0NGJjMmUzYmZjYjE2ZDU&v=1708383059045"
        ]
    },
    {
        "product_url": "https://www.heinemann-shop.com/en/global/lego/lego-speed-champions-lamborghini-v12-gt-s/p/000000000001633663/",
        "brand_name": "Lego",
        "brand_url": "https://www.heinemann-shop.com/en/global/lego/c/BRAND_0529/",
        "product_name": "Lego, Speed Champions, Lamborghini V12 GT S",
        "quantity": "",
        "price": "\u20ac24.90",
        "price_per_quantity": "",
        "stock_availability": "",
        "description": "Celebrate the ultimate virtual race car from the Gran Turismo video games \u2013 the spectacular and futuristic Lamborghini Lambo V12 Vision GT Super Car! Collect, build, play with and display this awesome LEGO\u00ae Speed Champions replica featuring innovative design details from the iconic original concept car. The playset also includes a driver minifigure to role-play exciting races around the track.",
        "primary_image": "https://www.heinemann-shop.com/medias/527Wx527H-null?context=bWFzdGVyfGltYWdlc3w0NDQ3N3xpbWFnZS9qcGVnfGFEVTRMMmcxTnk4eE1EWTROREUxTVRrNE9ESTFOQzgxTWpkWGVEVXlOMGhmYm5Wc2JBfGQ2YzMxZjIwZDk2NWM2MDI3NWZkYWJmMzUxNDg5NGJiNWQyOGM3MmZkOTY5N2M2ZWRhYTMwYTg0YWFlNmJjNDE&v=1716359483239",
        "images": [
            "https://www.heinemann-shop.com/medias/527Wx527H-null?context=bWFzdGVyfGltYWdlc3w0NDQ3N3xpbWFnZS9qcGVnfGFEVTRMMmcxTnk4eE1EWTROREUxTVRrNE9ESTFOQzgxTWpkWGVEVXlOMGhmYm5Wc2JBfGQ2YzMxZjIwZDk2NWM2MDI3NWZkYWJmMzUxNDg5NGJiNWQyOGM3MmZkOTY5N2M2ZWRhYTMwYTg0YWFlNmJjNDE&v=1716359483239",
            "https://www.heinemann-shop.com/medias/527Wx527H-null?context=bWFzdGVyfGltYWdlc3w0MTA2MnxpbWFnZS9qcGVnfGFERTBMMmhqTlM4eE1EWTRORFl4TWpReE1UUXlNaTgxTWpkWGVEVXlOMGhmYm5Wc2JBfDA1MzY2ZTg4NmU3Y2M2MWNiM2UyOGFkZDBiZmZmODJhN2QxMDUxZmU2N2E0OWJiYmQzNjQwMzg4YzBkNjRlMGQ&v=1716359545521"
        ]
    },
    {
        "product_url": "https://www.heinemann-shop.com/en/global/lego/lego-system-a-s-city-project-alicia-2025-f1-williams-racing-haas-f1-race-cars/p/000000000001672706/",
        "brand_name": "Lego",
        "brand_url": "https://www.heinemann-shop.com/en/global/lego/c/BRAND_0529/",
        "product_name": "LEGO System A/S, City Project Alicia 2025, F1\u00ae Williams Racing & Haas F1\u00ae Race Cars",
        "quantity": "\n        ",
        "price": "\u20ac18.90",
        "price_per_quantity": "",
        "stock_availability": "Low stock",
        "description": "Bring the excitement of the track to your child\u2019s playtime with this LEGO City F1 Williams Racing & Haas F1 Race Cars (60464) Vehicle Toy Set for 4 plus year old boys and girls. Part of a dynamic line-up of F1-themed LEGO building sets for kids and adults. Perfect for young race enthusiasts, this F1 LEGO 4+ set features 2 realistic Formula 1 race car toys with slick tyres, plus Williams and Haas driver minifigures for kids to role-play exciting Formula 1 race action. This easy-build F1 toy car set includes a LEGO Starter Brick element, a pictorial guide and 3D instructions in the LEGO Builder app \u2013 a digital building companion with zoom and rotate tools that enable kids to visualise models from all angles as they build. Children grow up surrounded by amazing vehicles and machines, and with LEGO City building toy sets they get to explore them up close with realistic models and fun characters for role play. This cool race car toy playset makes a fun birthday gift for boys and girls aged 4 and over, plus kids can add it to other sets (sold separately) from the LEGO City range to expand their world of play.",
        "primary_image": "https://www.heinemann-shop.com/medias/527Wx527H-null?context=bWFzdGVyfGltYWdlc3w2MTU1MnxpbWFnZS9qcGVnfGFEUXlMMmhrT0M4eE1UVTNOemszTURjMU16VTJOaTgxTWpkWGVEVXlOMGhmYm5Wc2JBfGYxNDk2ZWYxODZkNGVlNDZmYmU0NzgzNmExMWIzNDVkMzM4YmViZTYzNzZlOTE1MmI2MDQ3N2E5MGRjNWNiYjU&v=1735598106443",
        "images": [
            "https://www.heinemann-shop.com/medias/527Wx527H-null?context=bWFzdGVyfGltYWdlc3w2MTU1MnxpbWFnZS9qcGVnfGFEUXlMMmhrT0M4eE1UVTNOemszTURjMU16VTJOaTgxTWpkWGVEVXlOMGhmYm5Wc2JBfGYxNDk2ZWYxODZkNGVlNDZmYmU0NzgzNmExMWIzNDVkMzM4YmViZTYzNzZlOTE1MmI2MDQ3N2E5MGRjNWNiYjU&v=1735598106443",
            "https://www.heinemann-shop.com/medias/527Wx527H-null?context=bWFzdGVyfGltYWdlc3wzNTAxMnxpbWFnZS9qcGVnfGFHTTRMMmc0Tmk4eE1UVTNOemszTVRBeE5UY3hNQzgxTWpkWGVEVXlOMGhmYm5Wc2JBfGRjY2NkZjcxZDU4NmZiNWFiMDFhNjc2ZmJhNjk4YTRiN2QyNGY4NmE1M2JkZTFkNzZlZDBiNmQ1Yjc2ZTU0MTU&v=1735598118360"
        ]
    },
    {
        "product_url": "https://www.heinemann-shop.com/en/global/montblanc/montblanc-meisterstueck-around-the-world-in-80-days-doue-classique-fountain-pen/p/000000000001575140/",
        "brand_name": "Montblanc",
        "brand_url": "https://www.heinemann-shop.com/en/global/montblanc/c/BRAND_1507/",
        "product_name": "Montblanc Meisterst\u00fcck Around the World in 80 Days Dou\u00e9 Classique Fountain Pen",
        "quantity": "",
        "price": "\u20ac1,499.90",
        "price_per_quantity": "",
        "stock_availability": "",
        "description": "The Meisterst\u00fcck Around the World in 80 Days collection is inspired by the famous adventure novel by Jules Verne. The Dou\u00e9 Classique Fountain Pen with a gold coated metal cap and degrade anthracite lacquered barrel, draws on the second leg of the journey from Bombay to Yokohama. The main characters travel in this part of the adventure on a majestic elephant, which is featured in a cartouche on the cap. The cap made of gold coated metal features an engraved pattern with Indian, Chinese and Japanese inspirations that symbolizes good luck. The clip features a red lacquered diamond card suit and the cone is engraved with a pattern inspired by Princess Aouda's jewellery and the card suits, representing Mr. Fogg's wager to make the journey in 80 day. The cap top is embossed with the length of the journey, 25 days from Bombay to Yokohama and 80 days in total. The writing instrument is finished with a hand-crafted 18Kgold nib garnished with the hot air balloon with 20/10 and 14/11: Mr Foggs leaves Bombay at 20:00 on 20 October and leaves Yokohamaat 18:00 on 14 November.",
        "primary_image": "https://www.heinemann-shop.com/medias/527Wx527H-null?context=bWFzdGVyfGltYWdlc3wzMzc1MnxpbWFnZS9qcGVnfGFERXdMMmcyT1M4eE1ERXdOREE0TnpNM09UazVPQzgxTWpkWGVEVXlOMGhmYm5Wc2JBfDhjMzFkZDVmZDM3NDdmODFkMjczZGU1ZGVmNTM4MGUwODg4OTI2MDFmOGJhZjJkMTEzNTM2ZjBkNTdkODkxNGI&v=1702418191500",
        "images": []
    },
    {
        "product_url": "https://www.heinemann-shop.com/en/global/montblanc/montblanc-meisterstueck-meisterstueck-around-the-world-in-80-days-legrand-fountain-pen/p/000000000001511897/",
        "brand_name": "Montblanc",
        "brand_url": "https://www.heinemann-shop.com/en/global/montblanc/c/BRAND_1507/",
        "product_name": "Montblanc, Meisterst\u00fcck, Meisterst\u00fcck Around the World in 80 Days LeGrand Fountain Pen",
        "quantity": "",
        "price": "\u20ac929.90",
        "price_per_quantity": "",
        "stock_availability": "",
        "description": "The Meisterst\u00fcck Around the World in 80 Days collection is inspired by the famous adventure novel by Jules Vernes. The Le Grand Fountain Pen in blue precious resin draws on the first part of the journey. The main character travels, mainly via steamboat, from London to Bombay, crossing the Mediterranean ocean and through the Suez canal. The cap features a milled pattern of the key elements of the novel: ocean waves, card suits and a cartouche with a lasered steam boat. The cap top is embossed with the length of the journey, 18 days from London to Bombay and 80 days in total. The writing instrument is finished with a hand-crafted 14K rhodium-coated nib garnished with the hot air-balloon and the start & end date of the adventurous journey.",
        "primary_image": "https://www.heinemann-shop.com/medias/527Wx527H-null?context=bWFzdGVyfGltYWdlc3wyODkyM3xpbWFnZS9qcGVnfGFEbGlMMmhqT0M4eE1USXhOVFkyTnpjeU5ETXhPQzgxTWpkWGVEVXlOMGhmYm5Wc2JBfDBmMWFhNzQ3OWVlY2JlNzAyYTgxMTRiN2YwMjk4NmVlMmM4MTMwNmY4MTZlZDg0MDhiNWQ4OWQzNjFhZGM1YmE&v=1727904024310",
        "images": []
    },
    {
        "product_url": "https://www.heinemann-shop.com/en/global/mega/mega-pokemon-poke-ball-coll-assortment/p/000000000001623661/",
        "brand_name": "Mega",
        "brand_url": "https://www.heinemann-shop.com/en/global/mega/c/BRAND_A125/",
        "product_name": "Mega, pok\u00e9mon pok\u00e9 ball coll. assortment",
        "quantity": "\n        ",
        "price": "\u20ac14.90",
        "price_per_quantity": "",
        "stock_availability": "Low stock",
        "description": "Build the power that's inside with this collection of Pok\u00e9 Ball 2-packs. Choose from Pikachu & Zubat, Charmander & Pichu, and Squirtle & Cubone, or build them all for a whole team! Each sold separately.",
        "primary_image": "https://www.heinemann-shop.com/medias/527Wx527H-null?context=bWFzdGVyfGltYWdlc3w3MTMxMnxpbWFnZS9qcGVnfGFEZ3pMMmc1TUM4eE1ESTVOalEyT1RFeU56RTVPQzgxTWpkWGVEVXlOMGhmYm5Wc2JBfDAwNDhmM2NhOTEyZDViNDYzOGJmMTkwODE3M2MzMGU5ZGJhMDMwYjQ5ODRhMjBkZTliZjNlM2RlZjNkZTFlYzQ&v=1707170252277",
        "images": []
    },
    {
        "product_url": "https://www.heinemann-shop.com/en/global/lego/lego-technic-lego-42198-bush-plane/p/000000000001672675/",
        "brand_name": "Lego",
        "brand_url": "https://www.heinemann-shop.com/en/global/lego/c/BRAND_0529/",
        "product_name": "Lego, Technic, lego 42198 bush plane",
        "quantity": "\n        ",
        "price": "\u20ac25.90",
        "price_per_quantity": "",
        "stock_availability": "Low stock",
        "description": "Take to the skies with the LEGO\u00ae Technic\u2122 Bush Plane. Push the lever to activate the spinning propeller. Adjust the ailerons on the side wings for steering and the rear wing for elevation. Then open the engine cover to admire the 4-cylinder pistonengine. Now you\u2019re ready for takeoff!",
        "primary_image": "https://www.heinemann-shop.com/medias/527Wx527H-null?context=bWFzdGVyfGltYWdlc3w0NDg2NHxpbWFnZS9qcGVnfGFEaG1MMmhrT0M4eE1UVXlNREUyTXpnME1EQXpNQzgxTWpkWGVEVXlOMGhmYm5Wc2JBfDk0ZDgxNWQwOTA5OTEyYzhjMjhhNjA0MTUyYzAyOWNmNzhkNWQ0MGVjNWIxZjBiMTdjMDNlNjMzZGNlNmVmNTE&v=1734385280141",
        "images": [
            "https://www.heinemann-shop.com/medias/527Wx527H-null?context=bWFzdGVyfGltYWdlc3w0NDg2NHxpbWFnZS9qcGVnfGFEaG1MMmhrT0M4eE1UVXlNREUyTXpnME1EQXpNQzgxTWpkWGVEVXlOMGhmYm5Wc2JBfDk0ZDgxNWQwOTA5OTEyYzhjMjhhNjA0MTUyYzAyOWNmNzhkNWQ0MGVjNWIxZjBiMTdjMDNlNjMzZGNlNmVmNTE&v=1734385280141",
            "https://www.heinemann-shop.com/medias/527Wx527H-null?context=bWFzdGVyfGltYWdlc3wzNTQ0NnxpbWFnZS9qcGVnfGFHVTVMMmhpWXk4eE1UVXlNREUzTURreE56a3hPQzgxTWpkWGVEVXlOMGhmYm5Wc2JBfGEyM2UzYzRkYTA5Zjg2ODY1Mjk2ZWUwZDdiMDY3NjAwMDlhOGEzMzQzMzMzNTE1NTZmMmM4MTExYzUwZTU3ZDY&v=1734385536583"
        ]
    },
    {
        "product_url": "https://www.heinemann-shop.com/en/global/lego/lego-system-a-s-technic-monster-jamtm-thunderroarustm-pull-back/p/000000000001672677/",
        "brand_name": "Lego",
        "brand_url": "https://www.heinemann-shop.com/en/global/lego/c/BRAND_0529/",
        "product_name": "LEGO System A/S, Technic, monster jam\u2122 thunderroarus\u2122 pull-back",
        "quantity": "\n        ",
        "price": "\u20ac25.90",
        "price_per_quantity": "",
        "stock_availability": "Low stock",
        "description": "It\u2019s got spikes! It\u2019s got scales! It\u2019s got bite! Introducing the one and only ThunderROARus\u2122! Combining skillful robotics with the ferocious power of a dinosaur, this monster truck is ready for action. Pull back the truck to send it speeding alongand recreate your own breathtaking stunts just like a real Monster Jam\u2122 driver.",
        "primary_image": "https://www.heinemann-shop.com/medias/527Wx527H-null?context=bWFzdGVyfGltYWdlc3w0ODk1MXxpbWFnZS9qcGVnfGFHRmhMMmcyTVM4eE1UVTNOemd3TlRjek16a3hPQzgxTWpkWGVEVXlOMGhmYm5Wc2JBfDgxMGE4OGEwYWRhODNiZmMyYmQyNGU4NDdkYjcxYjBlM2ZlZTNiNzY0MmFmN2Y5M2NmMDQ5ODQ0ZTcwMWYyNjY&v=1735594019340",
        "images": [
            "https://www.heinemann-shop.com/medias/527Wx527H-null?context=bWFzdGVyfGltYWdlc3w0ODk1MXxpbWFnZS9qcGVnfGFHRmhMMmcyTVM4eE1UVTNOemd3TlRjek16a3hPQzgxTWpkWGVEVXlOMGhmYm5Wc2JBfDgxMGE4OGEwYWRhODNiZmMyYmQyNGU4NDdkYjcxYjBlM2ZlZTNiNzY0MmFmN2Y5M2NmMDQ5ODQ0ZTcwMWYyNjY&v=1735594019340",
            "https://www.heinemann-shop.com/medias/527Wx527H-null?context=bWFzdGVyfGltYWdlc3w0MjYzN3xpbWFnZS9qcGVnfGFESTNMMmd4WkM4eE1UVTNOemd4TWpJeU1UazRNaTgxTWpkWGVEVXlOMGhmYm5Wc2JBfGNhZjRjZjlkNGI3MDBiMWQ2ZmY3N2JjNWZkMzBhY2Q4OGQ3NGEyMGU3MGY4Y2UxZmEwMTAxM2RjNWJiMDE5MDY&v=1735594294873"
        ]
    },
    {
        "product_url": "https://www.heinemann-shop.com/en/global/lego/lego-system-a-s-lego-creator-wild-animals-panda-family/p/000000000001672672/",
        "brand_name": "Lego",
        "brand_url": "https://www.heinemann-shop.com/en/global/lego/c/BRAND_0529/",
        "product_name": "LEGO System A/S, Lego Creator, wild animals: panda family",
        "quantity": "\n        ",
        "price": "\u20ac36.90",
        "price_per_quantity": "",
        "stock_availability": "Low stock",
        "description": "Share in the love and playful fun of 3 animal families in their natural habitats. Check out the supercute panda and its baby munching on bamboo shoots in the jungle. For more cozy scenes, rebuild it into a graceful orca and its baby swimming in the ocean, or a penguin and its chick waddling across an icy landscape. What will you build? The choice is yours with this cool 3in1 set.",
        "primary_image": "https://www.heinemann-shop.com/medias/527Wx527H-null?context=bWFzdGVyfGltYWdlc3w2NzkzOXxpbWFnZS9qcGVnfGFHVm1MMmhsT1M4eE1UVXlNREUyTXpNeE5UYzBNaTgxTWpkWGVEVXlOMGhmYm5Wc2JBfDJiYmNhY2JmYWNiZTU4MTNkM2I0MDlkYmY2NTQ0MGQ5MGMwOTA2Nzk4M2U4YjAyMGYxYjgyNGVmYjI5ZmRhZDQ&v=1734385258798",
        "images": [
            "https://www.heinemann-shop.com/medias/527Wx527H-null?context=bWFzdGVyfGltYWdlc3w2NzkzOXxpbWFnZS9qcGVnfGFHVm1MMmhsT1M4eE1UVXlNREUyTXpNeE5UYzBNaTgxTWpkWGVEVXlOMGhmYm5Wc2JBfDJiYmNhY2JmYWNiZTU4MTNkM2I0MDlkYmY2NTQ0MGQ5MGMwOTA2Nzk4M2U4YjAyMGYxYjgyNGVmYjI5ZmRhZDQ&v=1734385258798",
            "https://www.heinemann-shop.com/medias/527Wx527H-null?context=bWFzdGVyfGltYWdlc3w0OTk3OXxpbWFnZS9qcGVnfGFEZGtMMmhoTWk4eE1UVXlNREUzTURFNU56QXlNaTgxTWpkWGVEVXlOMGhmYm5Wc2JBfDNlY2Q3YzY3ZWI3OWVlOGUyNWVlYmIwZWYwYzUwZmQyYjZiYjk5YjExOTY0OTgzZjhjYmM2Zjk4MTM5OWFkZjY&v=1734385518263"
        ]
    },
    {
        "product_url": "https://www.heinemann-shop.com/en/global/ray-ban/ray-ban-rb4340-wayfarer-ease-unisex-sunglasses-havana/p/000000000001346844/",
        "brand_name": "Ray Ban",
        "brand_url": "https://www.heinemann-shop.com/en/global/ray-ban/c/BRAND_0083/",
        "product_name": "Ray Ban RB4340 Wayfarer Ease, Unisex Sunglasses, Havana",
        "quantity": "",
        "price": "",
        "price_per_quantity": "",
        "stock_availability": "",
        "description": "Ray-Ban is the youth culture brand that inspires those who will shape tomorrow\u2019s culture, by encouraging them to set free what\u2019s inside themselves.",
        "primary_image": "https://www.heinemann-shop.com/medias/527Wx527H-null?context=bWFzdGVyfGltYWdlc3wyMDI3NHxpbWFnZS9qcGVnfGFHTTNMMmhpWkM4eE1UTTJPREV4TkRRNE56TXlOaTgxTWpkWGVEVXlOMGhmYm5Wc2JBfGNhNzkxMzA4MWEwOTAyMGJkZjViNTRjMWQ0ZTNjODJkZmNhYzM1YTllOGEzZGRkODBkMDI0OWVhN2Q1NDIwYWM&v=1730845395323",
        "images": []
    },
    {
        "product_url": "https://www.heinemann-shop.com/en/global/oakley/oakley-men-s-sunglasses/p/000000000001346801/",
        "brand_name": "Oakley",
        "brand_url": "https://www.heinemann-shop.com/en/global/oakley/c/BRAND_2727/",
        "product_name": "OAKLEY, men's sunglasses",
        "quantity": "",
        "price": "",
        "price_per_quantity": "",
        "stock_availability": "",
        "description": "Brand: Oakley",
        "primary_image": "https://www.heinemann-shop.com/medias/527Wx527H-null?context=bWFzdGVyfGltYWdlc3wyNDgyMHxpbWFnZS9qcGVnfGFEVm1MMmd4Wmk4eE1ESXlORFU1T0RneE1EWTFOQzgxTWpkWGVEVXlOMGhmYm5Wc2JBfDQyYzEwYTg5N2RlYTg0NTQ2MjEyNTEyZDAzMmRiY2U0ZjY0Y2U0OTQ5ZmI1Y2NhMjAzMWJhMWJhYWFlMjI5Yjc&v=1705445383349",
        "images": []
    },
    {
        "product_url": "https://www.heinemann-shop.com/en/global/ray-ban/ray-ban-youngster-men-s-sunglasses/p/000000000001190198/",
        "brand_name": "Ray Ban",
        "brand_url": "https://www.heinemann-shop.com/en/global/ray-ban/c/BRAND_0083/",
        "product_name": "RAY-BAN Youngster, men's sunglasses",
        "quantity": "\n        ",
        "price": "\u20ac159.90",
        "price_per_quantity": "",
        "stock_availability": "Low stock",
        "description": "Brand: Ray Ban",
        "primary_image": "https://www.heinemann-shop.com/medias/527Wx527H-null?context=bWFzdGVyfGltYWdlc3wyOTkyOHxpbWFnZS9qcGVnfGFHUmtMMmcwT1M4eE1UTTJPREV3TnpZek9EZ3hOQzgxTWpkWGVEVXlOMGhmYm5Wc2JBfDcxOWE3ZjZkMWE0MzYxYjgzOGE2NTdmZGVlZjBhNjAwMDc3NzJjNTg4MGEyOTJlZWFiMmY1ZjE1OWZkMDU0NDk&v=1730844779946",
        "images": []
    },
    {
        "product_url": "https://www.heinemann-shop.com/en/global/wwf/wwf-plush-toys-collection-wwf-eco-polar-bear-sitting-23-cm-9/p/000000000001619315/",
        "brand_name": "WWF",
        "brand_url": "https://www.heinemann-shop.com/en/global/wwf/c/BRAND_2595/",
        "product_name": "WWF Plush Toys Collection, wwf eco polar bear sitting- 23 cm - 9\"",
        "quantity": "\n        ",
        "price": "\u20ac32.90",
        "price_per_quantity": "",
        "stock_availability": "Low stock",
        "description": "IBTT has developed a plush collection that embraces the values of WWF and donates 12% to your local WWF of every plush item sold. WWF has been protecting the future of nature for more than 50 years. Passionate, optimistic, credible and inspiring , that\u2019s what the WWF Plush Collection stands for. We are very proud to contribute to its mission by producing WWF branded soft toys .",
        "primary_image": "https://www.heinemann-shop.com/medias/527Wx527H-null?context=bWFzdGVyfGltYWdlc3w0Mzk2NXxpbWFnZS9qcGVnfGFHRm1MMmd5WWk4eE1ESTBOalUxTVRRek56TTBNaTgxTWpkWGVEVXlOMGhmYm5Wc2JBfDA0ZWRkZjNiYmEzOTg3MjY0MDkxNTQ3NmNmNDEyOWQyMjdlOGI2MWM1OTJjNGMyOGQ3MGZjYTJkNjBlOWQzNTc&v=1705966070742",
        "images": []
    },
    {
        "product_url": "https://www.heinemann-shop.com/en/global/miffy/miffy-plush-toys-collection-miffy-sitting-corduroy-fresh-mint-23-cm-9/p/000000000001619325/",
        "brand_name": "Miffy",
        "brand_url": "https://www.heinemann-shop.com/en/global/miffy/c/BRAND_9737/",
        "product_name": "Miffy Plush Toys Collection, miffy sitting corduroy fresh mint - 23 cm - 9\"",
        "quantity": "\n        ",
        "price": "\u20ac21.90",
        "price_per_quantity": "",
        "stock_availability": "Low stock",
        "description": "The colourful Miffy plush collection by Bon Ton Toys consists of numerous fabrics and trendy colors, we belive there is a Miffy design for everyone.",
        "primary_image": "https://www.heinemann-shop.com/medias/527Wx527H-null?context=bWFzdGVyfGltYWdlc3w0NTIwMHxpbWFnZS9qcGVnfGFEVTVMMmd4TUM4eE1ESTBOalUxTmpjME5UYzFPQzgxTWpkWGVEVXlOMGhmYm5Wc2JBfDA5ZGUwNzg2ZWZlMmU1YjcyNzJiNzJlMmYyYmM0MzE0NzcwZjBmZGE5YWI1MDYwNGMxN2ExMDFlMTM1NDk5OTg&v=1705966329558",
        "images": []
    },
    {
        "product_url": "https://www.heinemann-shop.com/en/global/wwf/wwf-plush-toys-collection-wwf-clownfish-18-cm-7/p/000000000001619309/",
        "brand_name": "WWF",
        "brand_url": "https://www.heinemann-shop.com/en/global/wwf/c/BRAND_2595/",
        "product_name": "WWF Plush Toys Collection, wwf clownfish - 18 cm - 7\"",
        "quantity": "\n        ",
        "price": "\u20ac21.90",
        "price_per_quantity": "",
        "stock_availability": "Low stock",
        "description": "IBTT has developed a plush collection that embraces the values of WWF and donates 12% to your local WWF of every plush item sold. WWF has been protecting the future of nature for more than 50 years. Passionate, optimistic, credible and inspiring , that\u2019s what the WWF Plush Collection stands for. We are very proud to contribute to its mission by producing WWF branded soft toys .",
        "primary_image": "https://www.heinemann-shop.com/medias/527Wx527H-null?context=bWFzdGVyfGltYWdlc3w0MDQ0N3xpbWFnZS9qcGVnfGFHUXpMMmhoTWk4eE1ESTBOalUxTURBMk1UQTROaTgxTWpkWGVEVXlOMGhmYm5Wc2JBfDhjNjAwYTIyMDI2NGQyYmIyZGZhYTMwNDc5Zjc4MWVjNDk2NzNhM2Y4YmU3YTQxNWU3ZDY2YmUyZWRiYWI5MjY&v=1705966025143",
        "images": []
    },
    {
        "product_url": "https://www.heinemann-shop.com/en/global/montblanc/montblanc-meisterstueck-around-the-world-in-80-days-classique-fountain-pen/p/000000000001574087/",
        "brand_name": "Montblanc",
        "brand_url": "https://www.heinemann-shop.com/en/global/montblanc/c/BRAND_1507/",
        "product_name": "Montblanc, Meisterst\u00fcck Around the World in 80 Days Classique, Fountain Pen",
        "quantity": "",
        "price": "\u20ac839.90",
        "price_per_quantity": "",
        "stock_availability": "",
        "description": "The Meisterst\u00fcck Around the World in 80 Days collection is inspired by the famous adventure novel by Jules Verne. The Classique Fountain Pen in anthracite precious resin draws on the second leg of the journey from Bombay to Yokohama. The main characters travel inthis part of the adventure on a majestic elephant, which is featured in a cartouche on the cap. The clip features a red lacquered diamond card suit and the cone is engraved with a pattern inspired by Princess Aouda's jewellery and the card suits, representing Mr.Fogg's wager to make the journey in 80 day. The cap top is embossed with the length of the journey, 25 days from Bombay to Yokohamaand 80 days in total. The writing instrument is finished with a hand-crafted 14K gold nib garnished with the hot air balloon with 20/10 and 14/11: Mr Foggs leaves Bombay at 20:00 on 20 October and leaves Yokohama at 18:00 on 14 November.",
        "primary_image": "https://www.heinemann-shop.com/medias/527Wx527H-null?context=bWFzdGVyfGltYWdlc3wzMDA0M3xpbWFnZS9qcGVnfGFHUm1MMmhrTUM4eE1ERXdNRGt6TnpZNE56QTNNQzgxTWpkWGVEVXlOMGhmYm5Wc2JBfDBlODUyOTU0NjY1ZTI3OGY1MGZkMGFkODI4MDYwOWVmNjZjNTc4MTY3NzA4N2VhNGM4MGE2NjAyZGE1MmUwYWU&v=1702329817859",
        "images": []
    },
    {
        "product_url": "https://www.heinemann-shop.com/en/global/swarovski/swarovski-crystalline-nova-crystalline-nova-bp-pen-anniversary/p/000000000001425955/",
        "brand_name": "Swarovski",
        "brand_url": "https://www.heinemann-shop.com/en/global/swarovski/c/BRAND_1629/",
        "product_name": "Swarovski, Crystalline Nova, crystalline nova bp pen - anniversary",
        "quantity": "",
        "price": "",
        "price_per_quantity": "",
        "stock_availability": "",
        "description": "Celebrating 125 years of expert craftmanship, Swarovski\u2019s Crystalline Nova ballpoint pen is filled with over a thousand crystals using the unique Crystalline technique in a vivid, denim blue hue. Rose-gold tone plated details provide the perfect base for this sparkling design. Packaged in a pouch, this slim-lined ballpoint pen would be a thoughtful gift.",
        "primary_image": "https://www.heinemann-shop.com/medias/527Wx527H-null?context=bWFzdGVyfGltYWdlc3wzOTI3OHxpbWFnZS9qcGVnfGFEY3hMMmc1TWk4eE1URXhPREF5TlRjMk9EazVNQzgxTWpkWGVEVXlOMGhmYm5Wc2JBfGM1OTYwMjkxNDcwMWU2Y2QzZWE1OGMyNzI4ODA5MzIyOWU0NGQyNDk3MWMyNDY4NmJhZTc0NTQwNDM4MmNjZTQ&v=1725914666125",
        "images": []
    },
    {
        "product_url": "https://www.heinemann-shop.com/en/global/wwf/wwf-plush-toys-collection-wwf-eco-grizzly-bear-brown-25-cm-10/p/000000000001619314/",
        "brand_name": "WWF",
        "brand_url": "https://www.heinemann-shop.com/en/global/wwf/c/BRAND_2595/",
        "product_name": "WWF Plush Toys Collection, wwf eco grizzly bear brown - 25 cm - 10\"",
        "quantity": "\n        ",
        "price": "\u20ac32.90",
        "price_per_quantity": "",
        "stock_availability": "Low stock",
        "description": "IBTT has developed a plush collection that embraces the values of WWF and donates 12% to your local WWF of every plush item sold. WWF has been protecting the future of nature for more than 50 years. Passionate, optimistic, credible and inspiring , that\u2019s what the WWF Plush Collection stands for. We are very proud to contribute to its mission by producing WWF branded soft toys .",
        "primary_image": "https://www.heinemann-shop.com/medias/527Wx527H-null?context=bWFzdGVyfGltYWdlc3w2Njk5MHxpbWFnZS9qcGVnfGFEZGtMMmd6TlM4eE1ESTBOalUxTVRFM05URTVPQzgxTWpkWGVEVXlOMGhmYm5Wc2JBfGU0MzkzNGQzNGVhMTY1MmViN2E1MjhkMTA3MmVjZDg4M2VlZDk3NTM2NzBjOGJmNGQ0ZjU3MWU5OGZlYTEwODQ&v=1705966061538",
        "images": []
    },
    {
        "product_url": "https://www.heinemann-shop.com/en/global/steiff/steiff-soft-cuddly-friends-soft-cuddly-friends-elna-elephant/p/000000000001593473/",
        "brand_name": "Steiff",
        "brand_url": "https://www.heinemann-shop.com/en/global/steiff/c/BRAND_0528/",
        "product_name": "Steiff, Soft Cuddly Friends, soft cuddly friends elna elephant",
        "quantity": "\n        ",
        "price": "\u20ac31.90",
        "price_per_quantity": "",
        "stock_availability": "Low stock",
        "description": "Measuring 28 cm tall, Elna elephant from Steiff\u2019s Soft Cuddly Friends family has large white ears \u2013 with a \u201cButton in Ear\u201d, of course \u2013 and white hooves. Her cuddly elephant body is filled with bean bags and made of cuddly soft, pale grey plush with characteristic creases. Elna\u2019s trunk curves upwards in expectation, her life-like mouth is slightly open and her black eyes seem to be smiling. Elna elephant is a successor to the popular Steiff dangling elephant.",
        "primary_image": "https://www.heinemann-shop.com/medias/527Wx527H-null?context=bWFzdGVyfGltYWdlc3wzMjM3N3xpbWFnZS9qcGVnfGFEUmlMMmhrTmk4eE1EVTJPVFl6TkRRME56TTVNQzgxTWpkWGVEVXlOMGhmYm5Wc2JBfGUwNzUxODM0ZmU1MzA0MWIwNTBjNzY1NDIzZDZlODkyNjIwYTAyODE3MGMyNGI1YzZiZjFjY2E1NzUxZjM2OTU&v=1713310404371",
        "images": []
    },
    {
        "product_url": "https://www.heinemann-shop.com/en/global/any-di/any-di-suncover-strap-clip-khaki/p/000000000001669223/",
        "brand_name": "Any Di",
        "brand_url": "https://www.heinemann-shop.com/en/global/any-di/c/BRAND_9726/",
        "product_name": "Any Di, suncover strap clip - khaki",
        "quantity": "",
        "price": "",
        "price_per_quantity": "",
        "stock_availability": "",
        "description": "",
        "primary_image": "https://www.heinemann-shop.com/medias/527Wx527H-null?context=bWFzdGVyfGltYWdlc3w0NTA3NXxpbWFnZS9qcGVnfGFHWXdMMmcxWkM4eE1UUTNNemM0TmpJd09ESTROaTgxTWpkWGVEVXlOMGhmYm5Wc2JBfGUxZGJlMTE5N2M0ODAyMDk3ZTI5OGU0ZGVmZDc3Yzk0NGFkOGNlNThjZjA1OGM4YzAwMmUzMmNmNzcyODk3MWY&v=1733347317466",
        "images": []
    },
    {
        "product_url": "https://www.heinemann-shop.com/en/global/any-di/any-di-suncover-ski/p/000000000001669237/",
        "brand_name": "Any Di",
        "brand_url": "https://www.heinemann-shop.com/en/global/any-di/c/BRAND_9726/",
        "product_name": "Any Di, suncover - ski",
        "quantity": "",
        "price": "",
        "price_per_quantity": "",
        "stock_availability": "",
        "description": "",
        "primary_image": "https://www.heinemann-shop.com/medias/527Wx527H-null?context=bWFzdGVyfGltYWdlc3w0ODU1M3xpbWFnZS9qcGVnfGFEQXlMMmd3T0M4eE1UUTNNemM1TXpRNE1qYzRNaTgxTWpkWGVEVXlOMGhmYm5Wc2JBfGY3MjRhZTNiMTIzY2UzODdlOGJjZDJhOGRjYTgyMzUzMjAxZGU4M2MyMGE5ZjU5NWFhMWY2Njg5ZGRkNzM5NzU&v=1733347626200",
        "images": []
    },
    {
        "product_url": "https://www.heinemann-shop.com/en/global/lego/lego-system-a-s-ninjago-kais-ninja-race-car-evo/p/000000000001549862/",
        "brand_name": "Lego",
        "brand_url": "https://www.heinemann-shop.com/en/global/lego/c/BRAND_0529/",
        "product_name": "LEGO System A/S, Ninjago, kai\u2019s ninja race car evo",
        "quantity": "",
        "price": "\u20ac9.90",
        "price_per_quantity": "",
        "stock_availability": "",
        "description": "Help Kai transform his supercool Ninja Race Car for fast-paced, thrilling adventures in NINJAGO\u00ae City! Jump in the cockpit and take a ride in the off-road vehicle with mega tyres and a golden wing spoiler. When you pull over, swap the wheels and upgrade it to an even more powerful and rapid street racer ready for some exciting showdowns! Can you help Kai get up to top speed and triumph?",
        "primary_image": "https://www.heinemann-shop.com/medias/527Wx527H-null?context=bWFzdGVyfGltYWdlc3w2NTQ1MnxpbWFnZS9qcGVnfGFESm1MMmczT1M4eE1EVTNPVEEyTkRjNE1qZzNPQzgxTWpkWGVEVXlOMGhmYm5Wc2JBfDljNjk3YzcwOWJiOTEwYTE4MWIzZmMzYzJhOTM2ZGYwOWM5ZGYyMjQwNzU1MThmMmQ5NDk5NTFjYTdhOTg1YjM&v=1713559473336",
        "images": [
            "https://www.heinemann-shop.com/medias/527Wx527H-null?context=bWFzdGVyfGltYWdlc3w2NTQ1MnxpbWFnZS9qcGVnfGFESm1MMmczT1M4eE1EVTNPVEEyTkRjNE1qZzNPQzgxTWpkWGVEVXlOMGhmYm5Wc2JBfDljNjk3YzcwOWJiOTEwYTE4MWIzZmMzYzJhOTM2ZGYwOWM5ZGYyMjQwNzU1MThmMmQ5NDk5NTFjYTdhOTg1YjM&v=1713559473336",
            "https://www.heinemann-shop.com/medias/527Wx527H-null?context=bWFzdGVyfGltYWdlc3wzNDk4M3xpbWFnZS9qcGVnfGFHTXpMMmd6Tnk4eE1EVTNPVEl6TURrNE1qRTNOQzgxTWpkWGVEVXlOMGhmYm5Wc2JBfDQwYjYwMDI0MGNiMmI5MWU5NjY2MjljY2NmNDUxMjI5YmNmYWIzMjg0OGQyNjUwODFjNmNmZjBiOGE3MjcyMDM&v=1713559575133"
        ]
    },
    {
        "product_url": "https://www.heinemann-shop.com/en/global/brio/brio-freight-ship-crane/p/000000000001526547/",
        "brand_name": "BRIO",
        "brand_url": "https://www.heinemann-shop.com/en/global/brio/c/BRAND_3556/",
        "product_name": "BRIO, freight ship & crane",
        "quantity": "",
        "price": "\u20ac26.90",
        "price_per_quantity": "",
        "stock_availability": "",
        "description": "The popular container ship carries cargo across the imagined waters. Load and offload by using the moveable crane to crank up the magnetic loads from the ship and place them on any train wagon from BRIO. This item includes 1x Ship, 1x Crane, 2x Magnetic Loads and measures 23x 9 x 6.1cm",
        "primary_image": "https://www.heinemann-shop.com/medias/527Wx527H-null?context=bWFzdGVyfGltYWdlc3w1Mjc5NHxpbWFnZS9qcGVnfGFEUXhMMmczT1M4eE1UUXpPVGszT0RRM09UWTBOaTgxTWpkWGVEVXlOMGhmYm5Wc2JBfDQ4YWRjMWE3MzE2ZTEwMzNkMTEzMTcwNDBjNzNlZDc0MjliZjEzNzFiY2YyNmVjY2FjYmE4ZWM3MTY1MzY1ODg&v=1732572030492",
        "images": [
            "https://www.heinemann-shop.com/medias/527Wx527H-null?context=bWFzdGVyfGltYWdlc3w1Mjc5NHxpbWFnZS9qcGVnfGFEUXhMMmczT1M4eE1UUXpPVGszT0RRM09UWTBOaTgxTWpkWGVEVXlOMGhmYm5Wc2JBfDQ4YWRjMWE3MzE2ZTEwMzNkMTEzMTcwNDBjNzNlZDc0MjliZjEzNzFiY2YyNmVjY2FjYmE4ZWM3MTY1MzY1ODg&v=1732572030492",
            "https://www.heinemann-shop.com/medias/527Wx527H-null?context=bWFzdGVyfGltYWdlc3wzOTgzOHxpbWFnZS9qcGVnfGFHSTFMMmhqTXk4eE1UUTBNRFEwTWpFeE5EQTNPQzgxTWpkWGVEVXlOMGhmYm5Wc2JBfGM3ODkwNGY4ZTdlMTNmNWZkYTcwZTljZmVhN2Q1ZmFhOTNlODRjNGIzNThlNjI4YjA5NGFjNmZlYWUzMjA1MGI&v=1732572333768"
        ]
    },
    {
        "product_url": "https://www.heinemann-shop.com/en/global/lego/lego-system-a-s-harry-potter-tm-knight-bustm-adventure/p/000000000001672730/",
        "brand_name": "Lego",
        "brand_url": "https://www.heinemann-shop.com/en/global/lego/c/BRAND_0529/",
        "product_name": "LEGO System A/S, Harry Potter Tm, knight bus\u2122 adventure",
        "quantity": "",
        "price": "\u20ac45.90",
        "price_per_quantity": "",
        "stock_availability": "",
        "description": "All aboard for a thrilling ride with this LEGO Harry Potter Knight Bus Adventure (76446) set. A unique Harry Potter toy for 8 plus year old girls, boys and fans who are discovering the magic of the Wizarding World, this set is the most detailed LEGO brick model ever of the iconic triple-decker Knight Bus. The upper levels can be detached for easy access to the interior, which has moving beds and a swinging chandelier for realistic play. This magical toy also features 5 LEGO Harry Potter characters \u2013 Harry Potter, Ernie Prang, Stan Shunpike and sleeping witch minifigures, plus a Padfoot figure \u2013 to recreate memorable Harry Potter and the Prisoner of Azkaban scenes. Other authentic details, including a buildable lamppost where Harry waited (and was scared by Padfoot!) before the Knight Bus arrived, Harry\u2019s trunk and a Daily Prophet newspaper element with the headline \u2018Escape from Azkaban\u2019 add to the creative role-play possibilities. A great Harry Potter-themed birthday gift for 8 plus year old girls and boys, this adventure toy is part of an extensive collection of LEGO Harry Potter playsets (sold separately) to excite the imaginations of young witches, wizards and Muggles.",
        "primary_image": "https://www.heinemann-shop.com/medias/527Wx527H-null?context=bWFzdGVyfGltYWdlc3w2NzExOXxpbWFnZS9qcGVnfGFESmtMMmhrWWk4eE1UVTNOemd3TWpjNE5EYzVPQzgxTWpkWGVEVXlOMGhmYm5Wc2JBfDhhMGNhZjI5OWY2YWUwNGYwMmNjZmY5MTJjZGIwNGQ0NTJmOTM5ZTg4NmI0OGJkZjE5YzE3NWY4ZmE5YjlhNzI&v=1735593841778",
        "images": [
            "https://www.heinemann-shop.com/medias/527Wx527H-null?context=bWFzdGVyfGltYWdlc3w2NzExOXxpbWFnZS9qcGVnfGFESmtMMmhrWWk4eE1UVTNOemd3TWpjNE5EYzVPQzgxTWpkWGVEVXlOMGhmYm5Wc2JBfDhhMGNhZjI5OWY2YWUwNGYwMmNjZmY5MTJjZGIwNGQ0NTJmOTM5ZTg4NmI0OGJkZjE5YzE3NWY4ZmE5YjlhNzI&v=1735593841778",
            "https://www.heinemann-shop.com/medias/527Wx527H-null?context=bWFzdGVyfGltYWdlc3wzNjY4MHxpbWFnZS9qcGVnfGFHTTVMMmd3TlM4eE1UVTNOemd3T1RZMk5qQTNPQzgxTWpkWGVEVXlOMGhmYm5Wc2JBfDFkNTc2YzQ0MWFjNjE3NGZkMzdhOTZhZTk0M2RmMTllNjA0N2M2NWRmZDNlY2NjOTliM2JkNTE1MmNhZjZiMWI&v=1735594209619"
        ]
    },
    {
        "product_url": "https://www.heinemann-shop.com/en/global/any-di/any-di-suncover-neon-stars/p/000000000001669233/",
        "brand_name": "Any Di",
        "brand_url": "https://www.heinemann-shop.com/en/global/any-di/c/BRAND_9726/",
        "product_name": "Any Di, suncover - neon stars",
        "quantity": "",
        "price": "",
        "price_per_quantity": "",
        "stock_availability": "",
        "description": "",
        "primary_image": "https://www.heinemann-shop.com/medias/527Wx527H-null?context=bWFzdGVyfGltYWdlc3w0NzE1NHxpbWFnZS9qcGVnfGFEaGhMMmhrTlM4eE1UUTNNemM1TVRZeE5UQXdOaTgxTWpkWGVEVXlOMGhmYm5Wc2JBfDgxOThmNWYzZmMwZDEwMzFhYzVjOGZmYTg5NTVjNjAzOWMzNGU4M2EwNzgyODhjNjdlZGQ0NjE1MzNkYjlhYjA&v=1733347543696",
        "images": []
    },
    {
        "product_url": "https://www.heinemann-shop.com/en/global/lego/lego-star-wars-tm-mandalore-set/p/000000000001633650/",
        "brand_name": "Lego",
        "brand_url": "https://www.heinemann-shop.com/en/global/lego/c/BRAND_0529/",
        "product_name": "Lego, Star Wars TM, Mandalore Set",
        "quantity": "",
        "price": "\u20ac19.90",
        "price_per_quantity": "",
        "stock_availability": "",
        "description": "Fly into jetpack battles on Mandalore! Patrol the cave with the Mandalorian Nite Owl and Mandalorian Warrior. But beware! The Imperial Commandos are ready to launch an ambush attack with their jetpacks, blaster pistols and stud-shooting cannon. Use the Mandalorian warriors\u2019 blasters and jetpacks to fight back. Who will triumph? It\u2019s up to you!",
        "primary_image": "https://www.heinemann-shop.com/medias/527Wx527H-null?context=bWFzdGVyfGltYWdlc3w3MTUxOXxpbWFnZS9qcGVnfGFHRTFMMmczTVM4eE1USTBNelUzTXpZME1USTBOaTgxTWpkWGVEVXlOMGhmYm5Wc2JBfDBiZDBhMTBlNWExYzZjMTAwODcxN2YwNWExMTY2ZDE2MGI1MmFmYmYyNDk2ZmI0YzM0NjI2OTZiZjdlYzFlY2Y&v=1728506580108",
        "images": [
            "https://www.heinemann-shop.com/medias/527Wx527H-null?context=bWFzdGVyfGltYWdlc3w3MTUxOXxpbWFnZS9qcGVnfGFHRTFMMmczTVM4eE1USTBNelUzTXpZME1USTBOaTgxTWpkWGVEVXlOMGhmYm5Wc2JBfDBiZDBhMTBlNWExYzZjMTAwODcxN2YwNWExMTY2ZDE2MGI1MmFmYmYyNDk2ZmI0YzM0NjI2OTZiZjdlYzFlY2Y&v=1728506580108",
            "https://www.heinemann-shop.com/medias/527Wx527H-null?context=bWFzdGVyfGltYWdlc3wyOTgxNXxpbWFnZS9qcGVnfGFEaGlMMmd3WWk4eE1USTBNelUzTnpJM09EUTVOQzgxTWpkWGVEVXlOMGhmYm5Wc2JBfDE5MmZjMDNkZjM0MTMwNmVhYjNiMDE4YTg4ZGUyNDkyMGZjMjJmZjYzZGQzY2E4NmM5NjU4MGMzNTFmMTFjYzU&v=1728506736642"
        ]
    },
    {
        "product_url": "https://www.heinemann-shop.com/en/global/chloe/chloe-women-s-sunglasses/p/000000000001477312/",
        "brand_name": "Chlo\u00e9",
        "brand_url": "https://www.heinemann-shop.com/en/global/chloe/c/BRAND_3718/",
        "product_name": "Chlo\u00e9, women's sunglasses",
        "quantity": "",
        "price": "",
        "price_per_quantity": "",
        "stock_availability": "",
        "description": "Brand: Chlo\u00e9",
        "primary_image": "https://www.heinemann-shop.com/medias/527Wx527H-null?context=bWFzdGVyfGltYWdlc3wxNzI3MHxpbWFnZS9qcGVnfGFHWmxMMmhpTXk4eE1Ea3hPRFEwTmpZNU5EUXpNQzgxTWpkWGVEVXlOMGhmYm5Wc2JBfDQ0YTkxODY3ZGFjNDg1Y2VmMTlhZGM4MmVmZTI3N2NkZTlkOWE1Yzk5YzQxNjQyNmU1YmRjY2E0YWI3YWMxZDA&v=1721852013786",
        "images": []
    },
    {
        "product_url": "https://www.heinemann-shop.com/en/global/maui-jim/maui-jim-dragon-s-teeth-men-s-sunglasses/p/000000000001474914/",
        "brand_name": "Maui Jim",
        "brand_url": "https://www.heinemann-shop.com/en/global/maui-jim/c/BRAND_3778/",
        "product_name": "Maui Jim, Dragon'S Teeth, men's sunglasses",
        "quantity": "",
        "price": "",
        "price_per_quantity": "",
        "stock_availability": "",
        "description": "Brand: Maui Jim",
        "primary_image": "https://www.heinemann-shop.com/medias/527Wx527H-null?context=bWFzdGVyfGltYWdlc3wyNjU5NXxpbWFnZS9qcGVnfGFHSTJMMmd5TVM4eE1EUXpOalkyT1RrNU56QTROaTgxTWpkWGVEVXlOMGhmYm5Wc2JBfDg1ODRjOWYxNzFmZjc3NmNjMGY2NDMzOGJmMTA0ZDFlYjNlYzU2NWQ3ZTQ2MzYwNDNmMjkzMTNmZTJjMTdjOTY&v=1710366223921",
        "images": []
    },
    {
        "product_url": "https://www.heinemann-shop.com/en/global/maui-jim/maui-jim-southern-cross-men-s-sunglasses/p/000000000001474915/",
        "brand_name": "Maui Jim",
        "brand_url": "https://www.heinemann-shop.com/en/global/maui-jim/c/BRAND_3778/",
        "product_name": "Maui Jim, Southern Cross, men's sunglasses",
        "quantity": "",
        "price": "",
        "price_per_quantity": "",
        "stock_availability": "",
        "description": "Brand: Maui Jim",
        "primary_image": "https://www.heinemann-shop.com/medias/527Wx527H-null?context=bWFzdGVyfGltYWdlc3wyNzAyOXxpbWFnZS9qcGVnfGFEWXhMMmhrWmk4eE1EUXpOalkzTURJeU5qUTJNaTgxTWpkWGVEVXlOMGhmYm5Wc2JBfGRlNTgwNzgyMjFiNWQwNWJiYjIzOWM2MTIwMTE0NjJlMTBjOWYxMzhmY2RiYjQwMDk1NDE4ZDM0NzZlYjQyZGE&v=1710366249573",
        "images": []
    },
    {
        "product_url": "https://www.heinemann-shop.com/en/global/ty/ty-beanie-bellies-15cm-wilffed-dog/p/000000000001623057/",
        "brand_name": "Ty",
        "brand_url": "https://www.heinemann-shop.com/en/global/ty/c/BRAND_8275/",
        "product_name": "Ty, Beanie Bellies 15cm, wilffed dog",
        "quantity": "\n        ",
        "price": "\u20ac8.90",
        "price_per_quantity": "",
        "stock_availability": "Low stock",
        "description": "Part of Ty's very popular Ty Beanie Babies range. A collectable plush toy made from colorful plush material and with a high tactile feel. Suitable from birth.",
        "primary_image": "https://www.heinemann-shop.com/medias/527Wx527H-null?context=bWFzdGVyfGltYWdlc3w1ODY4NHxpbWFnZS9qcGVnfGFEazJMMmhpTlM4eE1USXlNelkzT0RJNE56a3dNaTgxTWpkWGVEVXlOMGhmYm5Wc2JBfGQwMzEzMGY4NWZmNjkzNDIzOWI4OWM5Yjg3MjVlZmUzNTNmNzVkYzcwMjYwZjMyMjY2MGZhYjI4MWJlNzI4MTY&v=1728074505480",
        "images": []
    },
    {
        "product_url": "https://www.heinemann-shop.com/en/global/silhouette/silhouette-sun-lite-women-s-sunglasses/p/000000000001474850/",
        "brand_name": "Silhouette",
        "brand_url": "https://www.heinemann-shop.com/en/global/silhouette/c/BRAND_2352/",
        "product_name": "Silhouette, Sun Lite, women's sunglasses",
        "quantity": "",
        "price": "\u20ac275.90",
        "price_per_quantity": "",
        "stock_availability": "",
        "description": "The new Sun Lite frame is irresistible with their timeless and classic shape Soft Butterfly. A combination of an ultra-light full rim made of SPX\u00ae + with classic glazing technology and tapered titanium temples give you incomparable comfort and lend the name Sun Lite to the collection.",
        "primary_image": "https://www.heinemann-shop.com/medias/527Wx527H-null?context=bWFzdGVyfGltYWdlc3wyODQ4N3xpbWFnZS9qcGVnfGFEUmxMMmd4T0M4eE1ESXlORGsxTURReE1USTVOQzgxTWpkWGVEVXlOMGhmYm5Wc2JBfGU4OGJkNzVjNDhkYTU4N2I5YWU1ZjVhYTJlNDBmMGNmNzBiYzllZjFlZTAyMzdjZDZhNTgyYjdmMWM4NGVlNTU&v=1705446973840",
        "images": []
    },
    {
        "product_url": "https://www.heinemann-shop.com/en/global/miffy/miffy-plush-toys-collection-miffy-sitting-terry-light-blue-23-cm-9/p/000000000001619324/",
        "brand_name": "Miffy",
        "brand_url": "https://www.heinemann-shop.com/en/global/miffy/c/BRAND_9737/",
        "product_name": "Miffy Plush Toys Collection, miffy sitting terry light blue - 23 cm - 9''",
        "quantity": "\n        ",
        "price": "\u20ac21.90",
        "price_per_quantity": "",
        "stock_availability": "Low stock",
        "description": "The colourful Miffy plush collection by Bon Ton Toys consists of numerous fabrics and trendy colors, we belive there is a Miffy design for everyone.",
        "primary_image": "https://www.heinemann-shop.com/medias/527Wx527H-null?context=bWFzdGVyfGltYWdlc3w0NDY5MHxpbWFnZS9qcGVnfGFESTNMMmd4WVM4eE1ESTBOalUxTmpRNE16WXhOQzgxTWpkWGVEVXlOMGhmYm5Wc2JBfGFjYmQ3NTkyMTI5Yzk1MDBhNjdlNzJmOWUyNjcyNDc3NGM2ZjE4OGZlNTY5MjJmYWY5OTUzZDRiOTMzNGQ4ZjA&v=1705966320374",
        "images": []
    },
    {
        "product_url": "https://www.heinemann-shop.com/en/global/ty/ty-ty-beanie-boos-muddles-brown-white-dog-med/p/000000000001494505/",
        "brand_name": "Ty",
        "brand_url": "https://www.heinemann-shop.com/en/global/ty/c/BRAND_8275/",
        "product_name": "TY, ty beanie boos muddles - brown/white dog med",
        "quantity": "",
        "price": "\u20ac15.90",
        "price_per_quantity": "",
        "stock_availability": "",
        "description": "Beanie Boo's are the best selling and most popular plush brand. Many different designs of the coveted collectors objects with the well-known glitter eyes are available.",
        "primary_image": "https://www.heinemann-shop.com/medias/527Wx527H-null?context=bWFzdGVyfGltYWdlc3w2Mjc4NnxpbWFnZS9qcGVnfGFHVmhMMmhtWkM4NU56YzJOakl5TURFd016azRMelV5TjFkNE5USTNTRjl1ZFd4c3xjNzc2NGEyYThkNzcwZjBhNDU5MWY1NjY3NmJjMjZiYzc4ODNjN2M4N2RkNGRkZjUzZWI2ZDNjZTI2YTM4ZDNj&v=1687380619162",
        "images": []
    },
    {
        "product_url": "https://www.heinemann-shop.com/en/global/aurora/aurora-eco-nation-panda-23cm/p/000000000001486484/",
        "brand_name": "Aurora",
        "brand_url": "https://www.heinemann-shop.com/en/global/aurora/c/BRAND_3975/",
        "product_name": "Aurora, Eco Nation, panda 23cm",
        "quantity": "",
        "price": "\u20ac20.90",
        "price_per_quantity": "",
        "stock_availability": "",
        "description": "The Eco Nation collection contributes to a greener planet by using fabrics and fibre fills made from recycled plastic bottles - removing all plastic beans - embroidered eyes instead of plastic, it takes 8 x 500ml bottles to make one eco nation plush toy",
        "primary_image": "https://www.heinemann-shop.com/medias/527Wx527H-null?context=bWFzdGVyfGltYWdlc3w0MTA0NXxpbWFnZS9qcGVnfGFHVmtMMmcyWWk4NU9ETTROamcxTmpFNE1qQTJMelV5TjFkNE5USTNTRjl1ZFd4c3wwZGRjNDczOTM0OThmYWJiNzg2MWRhYTI5ZTJhNzM5YWQ1YWI0MmU0ZDdkYWExNTZkNzJmM2ZhYmI5ZTA2OTg1&v=1695155516076",
        "images": []
    },
    {
        "product_url": "https://www.heinemann-shop.com/en/global/aurora/aurora-fancy-pals-husky-in-bag-20cm/p/000000000001683188/",
        "brand_name": "Aurora",
        "brand_url": "https://www.heinemann-shop.com/en/global/aurora/c/BRAND_3975/",
        "product_name": "Aurora, Fancy Pals, husky in bag 20cm",
        "quantity": "\n        ",
        "price": "\u20ac20.90",
        "price_per_quantity": "",
        "stock_availability": "Low stock",
        "description": "Fancy Pals Peek a boo Husky Puppy in plush bag 20cm",
        "primary_image": "https://www.heinemann-shop.com/medias/527Wx527H-null?context=bWFzdGVyfGltYWdlc3w2MjIwNXxpbWFnZS9qcGVnfGFETm1MMmcyTmk4eE1UWTNNRGs0T1Rnek1qSXlNaTgxTWpkWGVEVXlOMGhmYm5Wc2JBfGE0MGI4Y2U4NDQ5ZTI0NWNiNDE4MGVlMzNiZTkzM2FkODE0MWU0Y2I3NGM4NWI1OWI2YTg1ODUyZTc4Nzg3ZWM&v=1737581897667",
        "images": []
    },
    {
        "product_url": "https://www.heinemann-shop.com/en/global/lego/lego-system-a-s-technic-chevrolet-corvette-stingray/p/000000000001685082/",
        "brand_name": "Lego",
        "brand_url": "https://www.heinemann-shop.com/en/global/lego/c/BRAND_0529/",
        "product_name": "LEGO System A/S, Technic, chevrolet corvette stingray",
        "quantity": "",
        "price": "\u20ac56.90",
        "price_per_quantity": "",
        "stock_availability": "",
        "description": "LEGO\u00ae Technic\u2122 Chevrolet Corvette Stingray Car Model Kit, Sports Vehicle Toy Set, Gift for Boys, Girls and Kids Aged 9 and up 42205",
        "primary_image": "https://www.heinemann-shop.com/medias/527Wx527H-null?context=bWFzdGVyfGltYWdlc3w2MjIwMHxpbWFnZS9qcGVnfGFHRmhMMmhtT1M4eE1UY3lNak0xTkRrNE1qazBNaTgxTWpkWGVEVXlOMGhmYm5Wc2JBfDEyZWUwNjZjODAwZTVkYWE4N2Y2ZmNkZmViZWYwMjI2NDk0YzcyMDkxNzM3YjY5M2IyNjdkZjEzZmJmNWY5MjQ&v=1738624443945",
        "images": [
            "https://www.heinemann-shop.com/medias/527Wx527H-null?context=bWFzdGVyfGltYWdlc3w2MjIwMHxpbWFnZS9qcGVnfGFHRmhMMmhtT1M4eE1UY3lNak0xTkRrNE1qazBNaTgxTWpkWGVEVXlOMGhmYm5Wc2JBfDEyZWUwNjZjODAwZTVkYWE4N2Y2ZmNkZmViZWYwMjI2NDk0YzcyMDkxNzM3YjY5M2IyNjdkZjEzZmJmNWY5MjQ&v=1738624443945",
            "https://www.heinemann-shop.com/medias/527Wx527H-null?context=bWFzdGVyfGltYWdlc3w0NzI1OHxpbWFnZS9qcGVnfGFHUTRMMmhtTnk4eE1UY3lNak0xT1RBeE16UXdOaTgxTWpkWGVEVXlOMGhmYm5Wc2JBfDlkMzcwNjg0ZDJjMzRlMGFjOTYyMGZjY2JlNGRlMzBmMDY4ZDY5YjllMWUwYWExYzAwN2RmOWUzOTcwMTBlNGE&v=1738624645184"
        ]
    },
    {
        "product_url": "https://www.heinemann-shop.com/en/global/ty/ty-beanie-bellies-15cm-llyod-leopard/p/000000000001623059/",
        "brand_name": "Ty",
        "brand_url": "https://www.heinemann-shop.com/en/global/ty/c/BRAND_8275/",
        "product_name": "Ty, Beanie Bellies 15cm, llyod leopard",
        "quantity": "\n        ",
        "price": "\u20ac8.90",
        "price_per_quantity": "",
        "stock_availability": "Low stock",
        "description": "Part of Ty's very popular Ty Beanie Babies range. A collectable plush toy made from colorful plush material and with a high tactile feel. Suitable from birth.",
        "primary_image": "https://www.heinemann-shop.com/medias/527Wx527H-null?context=bWFzdGVyfGltYWdlc3w2NDg4M3xpbWFnZS9qcGVnfGFHVTJMMmhoTVM4eE1USXlNelkzT0RneE1qRTVNQzgxTWpkWGVEVXlOMGhmYm5Wc2JBfGExNWY1NTg1MDAyNDhjYjJlMzhmMDNkOWJlMWFiYmE2ZWUyYWIzOGY3NzRkMTRiOGVmYjRjZDkwZTU5NGU0YmE&v=1728074534651",
        "images": []
    },
    {
        "product_url": "https://www.heinemann-shop.com/en/global/lego/lego-system-a-s-speed-champions-williams-racing-fw46-f1-race-car/p/000000000001682560/",
        "brand_name": "Lego",
        "brand_url": "https://www.heinemann-shop.com/en/global/lego/c/BRAND_0529/",
        "product_name": "LEGO System A/S, Speed Champions, williams racing fw46 f1\u00ae race car",
        "quantity": "",
        "price": "\u20ac25.90",
        "price_per_quantity": "",
        "stock_availability": "",
        "description": "LEGO\u00ae Speed Champions Williams Racing FW46 F1\u00ae Race Car Vehicle Set, Driving Kit Including 1 Minifigure, Buildable Model for Kids, Playset and Collectible Formula 1\u00ae Gift for Boys and Girls 77249",
        "primary_image": "https://www.heinemann-shop.com/medias/527Wx527H-null?context=bWFzdGVyfGltYWdlc3w1Njk5OHxpbWFnZS9qcGVnfGFHSXlMMmhsWkM4eE1UY3lNak0yTWpNMU5UYzBNaTgxTWpkWGVEVXlOMGhmYm5Wc2JBfDk4NTBhYTM2MjZmZGI0YjUwM2YzYjk2NWZkYzU3NDg1MjQ0MTFhNDQxZWJlMDcxMmRkNmFlZDBhMzQ0OGFjMTI&v=1738624913702",
        "images": [
            "https://www.heinemann-shop.com/medias/527Wx527H-null?context=bWFzdGVyfGltYWdlc3w1Njk5OHxpbWFnZS9qcGVnfGFHSXlMMmhsWkM4eE1UY3lNak0yTWpNMU5UYzBNaTgxTWpkWGVEVXlOMGhmYm5Wc2JBfDk4NTBhYTM2MjZmZGI0YjUwM2YzYjk2NWZkYzU3NDg1MjQ0MTFhNDQxZWJlMDcxMmRkNmFlZDBhMzQ0OGFjMTI&v=1738624913702",
            "https://www.heinemann-shop.com/medias/527Wx527H-null?context=bWFzdGVyfGltYWdlc3w0MDYyMXxpbWFnZS9qcGVnfGFHTTNMMmhtWkM4eE1UY3lNak0yTnpRMk56VTFNQzgxTWpkWGVEVXlOMGhmYm5Wc2JBfGNlYWVhYzQ0OWI0NDdmMzMzYzg5NDQyZGYxYjFmNTlmYjI4MjE4ZWU3YTQzMTExYjhmOTllODEzNDUyNzlmY2I&v=1738625197374"
        ]
    },
    {
        "product_url": "https://www.heinemann-shop.com/en/global/lego/lego-friends-dog-grooming-car/p/000000000001633634/",
        "brand_name": "Lego",
        "brand_url": "https://www.heinemann-shop.com/en/global/lego/c/BRAND_0529/",
        "product_name": "Lego, Friends, Dog-Grooming Car",
        "quantity": "",
        "price": "\u20ac9.90",
        "price_per_quantity": "",
        "stock_availability": "",
        "description": "Look! These two little pups need a wash! Let\u2019s use the Dog-Grooming Car to get them clean. The car has everything Paisley and Nova need to get the dogs in tip-top condition. The dogs love splashing in the pool. Paisley grooms Juno and Nova cleans Pickle \u2013 can you see the bubbles on Pickle\u2019s nose?",
        "primary_image": "https://www.heinemann-shop.com/medias/527Wx527H-null?context=bWFzdGVyfGltYWdlc3w3MTE1NXxpbWFnZS9qcGVnfGFEY3dMMmhsTnk4eE1UQXdOelU0TURnMk5EVTBNaTgxTWpkWGVEVXlOMGhmYm5Wc2JBfDVlMjJjYmFkMjdkYjNmMWYwYzcyYjM4ZWFmYzQ2MWU5MzEyYzRhNzJhMzdjM2E5YzdlNTQwMTc5NGQ3MzQzOTU&v=1723840279636",
        "images": [
            "https://www.heinemann-shop.com/medias/527Wx527H-null?context=bWFzdGVyfGltYWdlc3w3MTE1NXxpbWFnZS9qcGVnfGFEY3dMMmhsTnk4eE1UQXdOelU0TURnMk5EVTBNaTgxTWpkWGVEVXlOMGhmYm5Wc2JBfDVlMjJjYmFkMjdkYjNmMWYwYzcyYjM4ZWFmYzQ2MWU5MzEyYzRhNzJhMzdjM2E5YzdlNTQwMTc5NGQ3MzQzOTU&v=1723840279636",
            "https://www.heinemann-shop.com/medias/527Wx527H-null?context=bWFzdGVyfGltYWdlc3w0MTIxOXxpbWFnZS9qcGVnfGFHUTVMMmhsTXk4eE1UQXdOelU0TlRJMU5UUTFOQzgxTWpkWGVEVXlOMGhmYm5Wc2JBfGFjNTdjNmE1N2E4N2YwYWYwOTE2NTg2ZDlhNTA1OWVhOGVmYjJhYTE0YThhZTQ1Y2JmMTdiOWFmYjY2ZWU4NTA&v=1723840470908"
        ]
    },
    {
        "product_url": "https://www.heinemann-shop.com/en/global/lego/lego-system-a-s-icons-williams-racing-fw14b-nigel-mansell/p/000000000001682449/",
        "brand_name": "Lego",
        "brand_url": "https://www.heinemann-shop.com/en/global/lego/c/BRAND_0529/",
        "product_name": "LEGO System A/S, Icons, williams racing fw14b & nigel mansell",
        "quantity": "",
        "price": "\u20ac75.90",
        "price_per_quantity": "",
        "stock_availability": "",
        "description": "LEGO\u00ae Icons Williams Racing FW14B & Nigel Mansell Home and Office Desk Decor F1 Car Model Kit, Building Set for Adults, Holiday or Birthday Gift Idea for Race Car and Motorsport Fans 10353",
        "primary_image": "https://www.heinemann-shop.com/medias/527Wx527H-null?context=bWFzdGVyfGltYWdlc3w1NDAyMnxpbWFnZS9qcGVnfGFEVmtMMmhsWmk4eE1UY3lNak0xT1RjNU9UZ3pPQzgxTWpkWGVEVXlOMGhmYm5Wc2JBfDhkNDQzZDNmMjhiZmMwMDk3ZjEwZGJhNThjM2M1ZjlhOGU2ZGIwY2VjZTkzZGY1Yjk3OGE3NTU5ZjVmMjE2ZTg&v=1738624718007",
        "images": [
            "https://www.heinemann-shop.com/medias/527Wx527H-null?context=bWFzdGVyfGltYWdlc3w1NDAyMnxpbWFnZS9qcGVnfGFEVmtMMmhsWmk4eE1UY3lNak0xT1RjNU9UZ3pPQzgxTWpkWGVEVXlOMGhmYm5Wc2JBfDhkNDQzZDNmMjhiZmMwMDk3ZjEwZGJhNThjM2M1ZjlhOGU2ZGIwY2VjZTkzZGY1Yjk3OGE3NTU5ZjVmMjE2ZTg&v=1738624718007",
            "https://www.heinemann-shop.com/medias/527Wx527H-null?context=bWFzdGVyfGltYWdlc3wzODE5NnxpbWFnZS9qcGVnfGFHSm1MMmd5WkM4eE1UY3lNak0yTkRnME5qRXhNQzgxTWpkWGVEVXlOMGhmYm5Wc2JBfGZmNDU1MzkzOWVlYzdiNjVhNzVkNzUyZGI3MGRjMTA5Y2U5NjY5NDhiZjVmZDZlZjI0MjMzZWEzZjgyNThhODc&v=1738625087893"
        ]
    },
    {
        "product_url": "https://www.heinemann-shop.com/en/global/lego/lego-system-a-s-nutcracker/p/000000000001627960/",
        "brand_name": "Lego",
        "brand_url": "https://www.heinemann-shop.com/en/global/lego/c/BRAND_0529/",
        "product_name": "LEGO System A/S, nutcracker",
        "quantity": "",
        "price": "\u20ac12.90",
        "price_per_quantity": "",
        "stock_availability": "",
        "description": "Celebrate the Christmas season with the LEGO\u00ae Nutcracker (40640) building set. This LEGO interpretation of the iconic Nutcracker figure can be built with a male or female face and comes with movable arms and an opening mouth. A fun gift idea and an enjoyable build for kids, friends and families, this festive figure will bring seasonal charm to any home or workplace.",
        "primary_image": "https://www.heinemann-shop.com/medias/527Wx527H-null?context=bWFzdGVyfGltYWdlc3w2MTQzNnxpbWFnZS9qcGVnfGFETTJMMmczWVM4eE1UQXpNelEyTkRBeE1qZ3pNQzgxTWpkWGVEVXlOMGhmYm5Wc2JBfDg0NTY0YjdmYWUzNmNmZTkxMWU4NjU2NzM3YmY5M2U1Nzg3NzQ0NTI5YjU5YTUwOWQ4YTZlYTg4OWM0ZWU2MzA&v=1724186259796",
        "images": []
    },
    {
        "product_url": "https://www.heinemann-shop.com/en/global/aurora/aurora-palm-pals-juicy-strawberry-13cm/p/000000000001572574/",
        "brand_name": "Aurora",
        "brand_url": "https://www.heinemann-shop.com/en/global/aurora/c/BRAND_3975/",
        "product_name": "Aurora, Palm Pals, juicy strawberry 13cm",
        "quantity": "",
        "price": "\u20ac9.90",
        "price_per_quantity": "",
        "stock_availability": "",
        "description": "Palm Pals - are part of our \"eco friendly\" collection, lovingly created using recyled & sustainable materials such as fibre fills made from 100% recyled plastics, cloth labels made from recycled materials to help make a greener planet",
        "primary_image": "https://www.heinemann-shop.com/medias/527Wx527H-null?context=bWFzdGVyfGltYWdlc3w2OTY0MHxpbWFnZS9qcGVnfGFEbGtMMmc1WVM4NU56VXhOREk0TnpJMk9ERTBMelV5TjFkNE5USTNTRjl1ZFd4c3wyOWM2MTg5NDEyYTVkMGZhMzZlYjllNjFhMWZiMTAzNDU0ZGNlZTg5NzZkMzk1YWRlMDU3OTgyNzU1ODhlMjQ4&v=1680304849300",
        "images": []
    },
    {
        "product_url": "https://www.heinemann-shop.com/en/global/aurora/aurora-palm-pal-gwen-banana-13cm/p/000000000001598468/",
        "brand_name": "Aurora",
        "brand_url": "https://www.heinemann-shop.com/en/global/aurora/c/BRAND_3975/",
        "product_name": "Aurora, Palm Pal, gwen banana 13cm",
        "quantity": "",
        "price": "\u20ac9.90",
        "price_per_quantity": "",
        "stock_availability": "",
        "description": "Palm Pals - are part of our \"eco friendly\" collection, lovingly created using recyled & sustainable materials such as fibre fills made from 100% recyled plastics, cloth labels made from recycled materials to help make a greener planet",
        "primary_image": "https://www.heinemann-shop.com/medias/527Wx527H-null?context=bWFzdGVyfGltYWdlc3wzNTcwMnxpbWFnZS9qcGVnfGFEWXpMMmcxTWk4NU9ETTROamc0TnprMk56QXlMelV5TjFkNE5USTNTRjl1ZFd4c3xkYTYxNWJkMDQyZWI1ZTg2NWUzYzM3M2ZmNWQ0NDNiYzIxNzQ3NGU0ODQ3MjY5ZDdlMWYxZjdmNDgzZjI1OGQ4&v=1695155664225",
        "images": []
    },
    {
        "product_url": "https://www.heinemann-shop.com/en/global/ty/ty-marvel-squish-a-boo-medium-iron-man-squish-25cm/p/000000000001556250/",
        "brand_name": "Ty",
        "brand_url": "https://www.heinemann-shop.com/en/global/ty/c/BRAND_8275/",
        "product_name": "TY, Marvel Squish A Boo Medium, IRON MAN - squish 25cm",
        "quantity": "\n        ",
        "price": "\u20ac11.90",
        "price_per_quantity": "",
        "stock_availability": "Low stock",
        "description": "Part of Ty's hugely popular Marvel range - an instantly recognisable television & movie character. Plush fabric, highly tactile, brightly coloured, collectable soft toy.",
        "primary_image": "https://www.heinemann-shop.com/medias/527Wx527H-null?context=bWFzdGVyfGltYWdlc3w0MjEzN3xpbWFnZS9qcGVnfGFEUmpMMmc0WWk4eE1UTXhNVEU1TmpnNU56TXhNQzgxTWpkWGVEVXlOMGhmYm5Wc2JBfGQxM2Y5YmZkYzIzMGQ5ZjNjYzhjOThkYzZjOGZhZTJmMjEyZDc0M2Y0OTBmMjIyOWEwY2I1NzMzNGRhY2U3YmU&v=1729801845402",
        "images": []
    },
    {
        "product_url": "https://www.heinemann-shop.com/en/global/ty/ty-pippa-chick/p/000000000001681511/",
        "brand_name": "Ty",
        "brand_url": "https://www.heinemann-shop.com/en/global/ty/c/BRAND_8275/",
        "product_name": "TY, pippa chick",
        "quantity": "",
        "price": "\u20ac16.90",
        "price_per_quantity": "",
        "stock_availability": "",
        "description": "Part of the hugely popular Ty Squish-A-Boo range. Plush fabric, highly tactile, brightly coloured, collectable soft toy.",
        "primary_image": "https://www.heinemann-shop.com/medias/527Wx527H-null?context=bWFzdGVyfGltYWdlc3w0MTk5OHxpbWFnZS9qcGVnfGFEaGtMMmd5T1M4eE1UWTJNamM1TVRJME5UZzFOQzgxTWpkWGVEVXlOMGhmYm5Wc2JBfGNlZGM1MDQzZDI3YmUzNWFjNzQ2M2Q3NDEwMDQ0YjE1M2MzODEzMjdhNDk0MGJmMDBiNWMyNWQ5NTM1ODRkMWE&v=1737410541212",
        "images": []
    },
    {
        "product_url": "https://www.heinemann-shop.com/en/global/ty/ty-beanie-bellies-24cm-duncan-bear/p/000000000001623391/",
        "brand_name": "Ty",
        "brand_url": "https://www.heinemann-shop.com/en/global/ty/c/BRAND_8275/",
        "product_name": "Ty, Beanie Bellies 24cm, duncan bear",
        "quantity": "\n        ",
        "price": "\u20ac15.90",
        "price_per_quantity": "",
        "stock_availability": "Low stock",
        "description": "Part of Ty's very popular Ty Beanie Babies range. A collectable plush toy made from colorful plush material and with a high tactile feel. Suitable from birth.",
        "primary_image": "https://www.heinemann-shop.com/medias/527Wx527H-null?context=bWFzdGVyfGltYWdlc3w3MjMxMXxpbWFnZS9qcGVnfGFHTmxMMmhrWmk4eE1USXlNelk0TURnME16Z3dOaTgxTWpkWGVEVXlOMGhmYm5Wc2JBfDY3NzU3N2EzM2M2Y2M2Y2VmMGZiYjQyMTMwMjczZWMxZmJkNGVlYjYyMjVmN2FlMjVmOGMwNTQyZDg3YWNmMTA&v=1728074653159",
        "images": []
    },
    {
        "product_url": "https://www.heinemann-shop.com/en/global/prada/prada-women-s-sunglasses/p/000000000001516377/",
        "brand_name": "Prada",
        "brand_url": "https://www.heinemann-shop.com/en/global/prada/c/BRAND_2803/",
        "product_name": "PRADA, women's sunglasses",
        "quantity": "",
        "price": "",
        "price_per_quantity": "",
        "stock_availability": "",
        "description": "Brand: Prada",
        "primary_image": "https://www.heinemann-shop.com/medias/527Wx527H-null?context=bWFzdGVyfGltYWdlc3wxNjM2N3xpbWFnZS9qcGVnfGFHWXlMMmc0TVM4eE1ESXlOVEE0T1RBNE5UUTNNQzgxTWpkWGVEVXlOMGhmYm5Wc2JBfGNlN2ZjZmIwNmM2Yzk1YmU5NzRiY2FkNWU0ZTY3MGYyMjJlNTRmOTA1MjhmMTRiYTU5NjU1MGIwYjQ3ZWNmODI&v=1705449895267",
        "images": []
    },
    {
        "product_url": "https://www.heinemann-shop.com/en/global/burberry/burberry-women-s-sunglasses/p/000000000001516320/",
        "brand_name": "Burberry",
        "brand_url": "https://www.heinemann-shop.com/en/global/burberry/c/BRAND_0797/",
        "product_name": "BURBERRY, women's sunglasses",
        "quantity": "\n        ",
        "price": "\u20ac199.90",
        "price_per_quantity": "",
        "stock_availability": "Low stock",
        "description": "",
        "primary_image": "https://www.heinemann-shop.com/medias/527Wx527H-null?context=bWFzdGVyfGltYWdlc3wxNzYwMHxpbWFnZS9qcGVnfGFERTVMMmhsWmk4eE1ESXlOVEE0TXpRNE1qRTBNaTgxTWpkWGVEVXlOMGhmYm5Wc2JBfGZjODQzYzE1NjM1Y2I3NGY1YzNhZDkzNGRiY2I0NDM3YmRhMjAzNzMxODljNGM4MzQyNDIzYTYwMTJlM2IzYTA&v=1705449489936",
        "images": []
    },
    {
        "product_url": "https://www.heinemann-shop.com/en/global/steiff/steiff-soft-cuddly-friends-honey-teddy-bear/p/000000000001414956/",
        "brand_name": "Steiff",
        "brand_url": "https://www.heinemann-shop.com/en/global/steiff/c/BRAND_0528/",
        "product_name": "Steiff, soft cuddly friends honey teddy bear",
        "quantity": "\n        ",
        "price": "\u20ac34.90",
        "price_per_quantity": "",
        "stock_availability": "Low stock",
        "description": "Soft Cuddly Friends Honey Teddy bear - the name alone says it all: The 28 cm friend with a honey-sweet smile will steal the heart of any child. The bean bags included at his rear, paws and soles allow him to be firmly seated on a surface. And they are also perfect for teaching your child to grip.",
        "primary_image": "https://www.heinemann-shop.com/medias/527Wx527H-null?context=bWFzdGVyfGltYWdlc3w2Njk2MHxpbWFnZS9qcGVnfGFEQXhMMmczWlM4eE1EVTJPVFl6TXprNE9EWXpPQzgxTWpkWGVEVXlOMGhmYm5Wc2JBfDRmNWEwYTAxMzE2OTUyZTk4YzZlNDRiZTEyNWJiN2M3NzU4MjUxYzU2ZTc1ZjVjZDFlNjQyNWY3OGZkY2E2NjI&v=1713310361042",
        "images": []
    },
    {
        "product_url": "https://www.heinemann-shop.com/en/global/ray-ban/ray-ban-unisex-sunglasses/p/000000000001516388/",
        "brand_name": "Ray Ban",
        "brand_url": "https://www.heinemann-shop.com/en/global/ray-ban/c/BRAND_0083/",
        "product_name": "RAY-BAN, unisex sunglasses",
        "quantity": "\n        ",
        "price": "\u20ac229.90",
        "price_per_quantity": "",
        "stock_availability": "Low stock",
        "description": "",
        "primary_image": "https://www.heinemann-shop.com/medias/527Wx527H-null?context=bWFzdGVyfGltYWdlc3wxNjQzMXxpbWFnZS9qcGVnfGFEQmhMMmhoTXk4eE1ESXlOVEE1TURRMk1UY3lOaTgxTWpkWGVEVXlOMGhmYm5Wc2JBfDRiZjc5MmVmOWZmMTA1YjI1NGI5NTY2OTkwYWNmZThmZGE3NjEzZjEyNDY5OWRlMzU0ZjdiYzNjZjg0Y2U5ODI&v=1705450024938",
        "images": []
    },
    {
        "product_url": "https://www.heinemann-shop.com/en/global/wwf/wwf-husky-23cm/p/000000000001036324/",
        "brand_name": "WWF",
        "brand_url": "https://www.heinemann-shop.com/en/global/wwf/c/BRAND_2595/",
        "product_name": "WWF Husky - 23cm",
        "quantity": "\n        ",
        "price": "\u20ac38.90",
        "price_per_quantity": "",
        "stock_availability": "Low stock",
        "description": "IBTT has developed a plush collection that embraces the values of WWF and donates 12% to your local WWF of every plush item sold. WWF has been protecting the future of nature for more than 50 years. Passionate, optimistic, credible and inspiring , that\u2019s what the WWF Plush Collection stands for. We are very proud to contribute to its mission by producing WWF branded soft toys .",
        "primary_image": "https://www.heinemann-shop.com/medias/527Wx527H-null?context=bWFzdGVyfGltYWdlc3w0NDk1NHxpbWFnZS9qcGVnfGFEWm1MMmcxT0M4eE1ERTRNRGc1TVRFNE1UQTROaTgxTWpkWGVEVXlOMGhmYm5Wc2JBfDYxOTcxNjE3NGQ3ZWQ0OTdjMWFmMzE5Y2MwOTk5NjMyZDU0MTk5NDcwYmFjM2YzOWMwMjRmNGY0NTU2NGM3NjQ&v=1704320645662",
        "images": []
    },
    {
        "product_url": "https://www.heinemann-shop.com/en/global/wwf/wwf-plush-toys-kids-plush-chimpanzee/p/000000000001503149/",
        "brand_name": "WWF",
        "brand_url": "https://www.heinemann-shop.com/en/global/wwf/c/BRAND_2595/",
        "product_name": "WWF Plush Toys, kids' Plush Chimpanzee",
        "quantity": "\n        ",
        "price": "\u20ac27.90",
        "price_per_quantity": "",
        "stock_availability": "Low stock",
        "description": "IBTT has developed a plush collection that embraces the values of WWF and donates 12% to your local WWF of every plush item sold. WWF has been protecting the future of nature for more than 50 years. Passionate, optimistic, credible and inspiring , that\u2019s what the WWF Plush Collection stands for. We are very proud to contribute to its mission by producing WWF branded soft toys .",
        "primary_image": "https://www.heinemann-shop.com/medias/1503149-527Wx527H?context=bWFzdGVyfGltYWdlc3w1MTEzOHxpbWFnZS9qcGVnfGFHUTJMMmc1TVM4NU5qazFPVFV3T1RJNU9UVXdMekUxTURNeE5EbGZOVEkzVjNnMU1qZEl8NmY4MDIwMTM5ZDkwMzRhMGRhNTk2MDg5MGZhMTc4ZWJlNjk4NWNlNDc3MjQ4NDVlYTU3YmQ3NGY1ODZkMjk1Ng&v=1658435947327",
        "images": []
    },
    {
        "product_url": "https://www.heinemann-shop.com/en/global/aurora/aurora-squirrel-20cm/p/000000000001486483/",
        "brand_name": "Aurora",
        "brand_url": "https://www.heinemann-shop.com/en/global/aurora/c/BRAND_3975/",
        "product_name": "Aurora, squirrel 20cm",
        "quantity": "",
        "price": "\u20ac20.90",
        "price_per_quantity": "",
        "stock_availability": "",
        "description": "Grey Squirrel with fluffy tail made from recycled and natural materials, plastic eyes removed and replaced by embroidered eyes, 8 x 500 ml PET bottles used in the production of this item new production processess ensure a high quality, super soft, cute plush toy",
        "primary_image": "https://www.heinemann-shop.com/medias/527Wx527H-null?context=bWFzdGVyfGltYWdlc3w2NzYzMnxpbWFnZS9qcGVnfGFEWTVMMmd6WlM4NU56VXhNVEUyTkRRM056YzBMelV5TjFkNE5USTNTRjl1ZFd4c3wyNDk4ZGZmOWE4NDEwZjg1ZGQxOTlmMGM2NWU0OGJiNmE2YTQ4OGM4Yjc4MDlmNjgzN2NiNTg5YzdjYTBlMWM1&v=1680231019242",
        "images": []
    },
    {
        "product_url": "https://www.heinemann-shop.com/en/global/peanuts/peanuts-snoopy-with-woodstock-in-backpack-20-cm-8/p/000000000001630840/",
        "brand_name": "Peanuts",
        "brand_url": "https://www.heinemann-shop.com/en/global/peanuts/c/BRAND_A169/",
        "product_name": "Peanuts, Snoopy with Woodstock in Backpack - 20 cm - 8\"",
        "quantity": "",
        "price": "\u20ac41.90",
        "price_per_quantity": "",
        "stock_availability": "",
        "description": "We have adopted a little Beagle called Snoopy! The world-famous dog gets a well-deserved spot on the Bon Ton Toys Wall of Fame. And as if it couldn't get any better, we also welcome his little yellow intellectual friend Woodstock. Together they are the basis of our Peanuts Collection.",
        "primary_image": "https://www.heinemann-shop.com/medias/527Wx527H-null?context=bWFzdGVyfGltYWdlc3w1MjE0MXxpbWFnZS9qcGVnfGFEZGlMMmhoTmk4eE1EZzJPRGd5TVRJNU5URXpOQzgxTWpkWGVEVXlOMGhmYm5Wc2JBfGY5NjFiNjUyNTEzODdkYTM2NGI5NjExYWRmYjNhNjA3ZDY2NmQwMDA4ZGYwZjY2MzJlZDE5YWQ4MjAwNjdkNGE&v=1720730903412",
        "images": []
    },
    {
        "product_url": "https://www.heinemann-shop.com/en/global/wwf/wwf-plush-toys-kids-plush-tiger-floppy/p/000000000001503154/",
        "brand_name": "WWF",
        "brand_url": "https://www.heinemann-shop.com/en/global/wwf/c/BRAND_2595/",
        "product_name": "WWF Plush Toys, kids' Plush Tiger floppy",
        "quantity": "",
        "price": "\u20ac32.90",
        "price_per_quantity": "",
        "stock_availability": "",
        "description": "IBTT has developed a plush collection that embraces the values of WWF and donates 12% to your local WWF of every plush item sold. WWF has been protecting the future of nature for more than 50 years. Passionate, optimistic, credible and inspiring , that\u2019s what the WWF Plush Collection stands for. We are very proud to contribute to its mission by producing WWF branded soft toys .",
        "primary_image": "https://www.heinemann-shop.com/medias/1503154-527Wx527H?context=bWFzdGVyfGltYWdlc3w1OTA5MXxpbWFnZS9qcGVnfGFHSmtMMmhpT0M4NU5qazFPVFV5TURjMk9ETXdMekUxTURNeE5UUmZOVEkzVjNnMU1qZEl8NDJlMWViY2I1NmIzMjJkYzJmZjgxYzdhYTU0MDc1MmUzMGZkMThlNGVhZDNiOTkyNTdkYjk4ZjcwOGY3OTg0MQ&v=1658435967843",
        "images": []
    },
    {
        "product_url": "https://www.heinemann-shop.com/en/global/oakley/oakley-sport-performance-men-s-sunglasses/p/000000000001472594/",
        "brand_name": "Oakley",
        "brand_url": "https://www.heinemann-shop.com/en/global/oakley/c/BRAND_2727/",
        "product_name": "Oakley, Sport Performance, men's sunglasses",
        "quantity": "",
        "price": "",
        "price_per_quantity": "",
        "stock_availability": "",
        "description": "",
        "primary_image": "https://www.heinemann-shop.com/medias/527Wx527H-null?context=bWFzdGVyfGltYWdlc3wyMDAyMnxpbWFnZS9qcGVnfGFHWTJMMmhrTmk4eE1ESXlORGsxTnpjMU1UTXlOaTgxTWpkWGVEVXlOMGhmYm5Wc2JBfGQ4NmQwMDI4OTkyZTk0MGQyMGI3MjFlMjYyMWY4ZmY3MmM1ZTgyMzY4ZmRjODQ1OTJlOWU5YjNmNzNjZmRmN2Q&v=1705447501562",
        "images": []
    },
    {
        "product_url": "https://www.heinemann-shop.com/en/global/chloe/chloe-full-rim-women-s-sunglasses/p/000000000001542505/",
        "brand_name": "Chlo\u00e9",
        "brand_url": "https://www.heinemann-shop.com/en/global/chloe/c/BRAND_3718/",
        "product_name": "Chlo\u00e9, Full Rim, women's sunglasses",
        "quantity": "",
        "price": "",
        "price_per_quantity": "",
        "stock_availability": "",
        "description": "Brand: Chlo\u00e9",
        "primary_image": "https://www.heinemann-shop.com/medias/527Wx527H-null?context=bWFzdGVyfGltYWdlc3wyMDYzNXxpbWFnZS9qcGVnfGFEWm1MMmd4Wmk4eE1ESXlOVEE1TXpRM05qTTRNaTgxTWpkWGVEVXlOMGhmYm5Wc2JBfDdkYWNlYTlmZTQ4YTY2MzFkNjMzYzJkYWM4MWZlNzFhNjc3ODY4MjJlMzA3MmIxN2U1ZGMzNWFiYjU5NTRkMDk&v=1705450256143",
        "images": []
    },
    {
        "product_url": "https://www.heinemann-shop.com/en/global/boss/hugo-boss-hugo-boss-black-men-s-sunglasses/p/000000000001543187/",
        "brand_name": "Boss",
        "brand_url": "https://www.heinemann-shop.com/en/global/boss/c/BRAND_3116/",
        "product_name": "HUGO BOSS, Hugo Boss Black, men's sunglasses",
        "quantity": "",
        "price": "\u20ac199.90",
        "price_per_quantity": "",
        "stock_availability": "",
        "description": "",
        "primary_image": "https://www.heinemann-shop.com/medias/527Wx527H-null?context=bWFzdGVyfGltYWdlc3wyMjMyNHxpbWFnZS9qcGVnfGFEQm1MMmhsWWk4eE1ESXlOVEV3TVRVM01EQTNPQzgxTWpkWGVEVXlOMGhmYm5Wc2JBfDFjN2Y5YWUzYTg3MTIyNjEwNTE4NWQyNmI4YmM5ODU3MzE2ODlkYzQzN2U2NWM0YjYzNjc1ZDg0MDZjNzM1OGM&v=1705450793441",
        "images": []
    },
    {
        "product_url": "https://www.heinemann-shop.com/en/global/guess/guess-women-s-sunglasses/p/000000000001498130/",
        "brand_name": "Guess",
        "brand_url": "https://www.heinemann-shop.com/en/global/guess/c/BRAND_3663/",
        "product_name": "GUESS, women's sunglasses",
        "quantity": "",
        "price": "\u20ac145.90",
        "price_per_quantity": "",
        "stock_availability": "",
        "description": "",
        "primary_image": "https://www.heinemann-shop.com/medias/527Wx527H-null?context=bWFzdGVyfGltYWdlc3wzNjE5M3xpbWFnZS9qcGVnfGFEWmlMMmhoTnk4eE1ESXlOVEEzTkRNM01qWXpPQzgxTWpkWGVEVXlOMGhmYm5Wc2JBfDViMDU0OGQ3MzkyNmFhNTM4YjY2Y2FjZWFlNDJiZmY5NTc2YmQ3MTcxMDdmZDE2MmE5M2FmNTJkOTQ3NWViOGU&v=1705448874538",
        "images": []
    },
    {
        "product_url": "https://www.heinemann-shop.com/en/global/oakley/oakley-men-s-sunglasses/p/000000000001378112/",
        "brand_name": "Oakley",
        "brand_url": "https://www.heinemann-shop.com/en/global/oakley/c/BRAND_2727/",
        "product_name": "OAKLEY, men's sunglasses",
        "quantity": "",
        "price": "",
        "price_per_quantity": "",
        "stock_availability": "",
        "description": "Brand: Oakley",
        "primary_image": "https://www.heinemann-shop.com/medias/527Wx527H-null?context=bWFzdGVyfGltYWdlc3wyODg5MXxpbWFnZS9qcGVnfGFHRTJMMmhrWVM4eE1ESXlORFl3TWpBeU1Ua3hPQzgxTWpkWGVEVXlOMGhmYm5Wc2JBfDdiN2JiY2ZhY2YwN2Y5YmVjMTYxYzdjZGU0YTg2ZmMyZWMyZDNiZGU5YWQxY2YxYWJmMDMwYWZkMzI4ODBkYWE&v=1705445601649",
        "images": []
    },
    {
        "product_url": "https://www.heinemann-shop.com/en/global/prada/prada-women-s-sunglasses/p/000000000001497175/",
        "brand_name": "Prada",
        "brand_url": "https://www.heinemann-shop.com/en/global/prada/c/BRAND_2803/",
        "product_name": "PRADA, women's sunglasses",
        "quantity": "",
        "price": "",
        "price_per_quantity": "",
        "stock_availability": "",
        "description": "",
        "primary_image": "https://www.heinemann-shop.com/medias/527Wx527H-null?context=bWFzdGVyfGltYWdlc3wyOTM3OHxpbWFnZS9qcGVnfGFEY3lMMmhpTkM4eE1ESXlOVEEzT1RJeU1qTXdNaTgxTWpkWGVEVXlOMGhmYm5Wc2JBfDk1OWNlNDcxOWUxNDVhNTdhNzI0NWE4OTJmMzExNzA3NTk3NTI0ZGE2NGU4Yzk4MjEwODI3YjhjMmU1ZDk2ZDY&v=1705449180439",
        "images": []
    },
    {
        "product_url": "https://www.heinemann-shop.com/en/global/wwf/wwf-brown-hare-2-styles-assorted-30cm/p/000000000001183263/",
        "brand_name": "WWF",
        "brand_url": "https://www.heinemann-shop.com/en/global/wwf/c/BRAND_2595/",
        "product_name": "WWF Brown Hare 2 styles assorted - 30cm",
        "quantity": "\n        ",
        "price": "\u20ac39.90",
        "price_per_quantity": "",
        "stock_availability": "Low stock",
        "description": "1 piece, cannot be selected individually, delivery subject to availability",
        "primary_image": "https://www.heinemann-shop.com/medias/1183263-527Wx527H?context=bWFzdGVyfGltYWdlc3w0MzY1NnxpbWFnZS9qcGVnfGFEUXpMMmc1Tmk4NU5qazFPVFEzTkRnNU16RXdMekV4T0RNeU5qTmZOVEkzVjNnMU1qZEl8MmE5NzA5YzVjODE3YjM3ZjQyNzIwZDkzOWM3NTQ5ZDdjNjQzZDg2ZDkwYjJiZDRhNjAwN2JhOTNlNjgxZWI0Nw&v=1658435873225",
        "images": []
    },
    {
        "product_url": "https://www.heinemann-shop.com/en/global/prada-linea-rossa/prada-linea-rossa-men-s-sunglasses/p/000000000001497177/",
        "brand_name": "Prada Linea Rossa",
        "brand_url": "https://www.heinemann-shop.com/en/global/prada-linea-rossa/c/BRAND_6201/",
        "product_name": "PRADA LINEA ROSSA, men's sunglasses",
        "quantity": "",
        "price": "",
        "price_per_quantity": "",
        "stock_availability": "",
        "description": "",
        "primary_image": "https://www.heinemann-shop.com/medias/527Wx527H-null?context=bWFzdGVyfGltYWdlc3wyNTQxMHxpbWFnZS9qcGVnfGFHTXhMMmhqTWk4eE1ESXlOVEEzT1RZNE1UQTFOQzgxTWpkWGVEVXlOMGhmYm5Wc2JBfGRhNmJlOTg3Nzg0ZjdlZDVkODkyZTBlOWI4NDQ3OTg5Mzk4OWNiMjFjNmIzYjI5YmRmNDI5NjIyZWQ4NDg3NmQ&v=1705449218357",
        "images": []
    },
    {
        "product_url": "https://www.heinemann-shop.com/en/global/versace/versace-women-s-sunglasses/p/000000000001497191/",
        "brand_name": "Versace",
        "brand_url": "https://www.heinemann-shop.com/en/global/versace/c/BRAND_1899/",
        "product_name": "VERSACE, women's sunglasses",
        "quantity": "",
        "price": "\u20ac219.90",
        "price_per_quantity": "",
        "stock_availability": "",
        "description": "",
        "primary_image": "https://www.heinemann-shop.com/medias/527Wx527H-null?context=bWFzdGVyfGltYWdlc3wyODc3NXxpbWFnZS9qcGVnfGFHUmpMMmcwWVM4eE1ESXlOVEE0TVRnM05qVXhNQzgxTWpkWGVEVXlOMGhmYm5Wc2JBfDY0ODk1MGMzYmM2YTI2MGQ0ZjFhYTM2NWM5ZThkZWQ5N2UyZTdlZmFhZmE4ZmVjODU0ZTI3Zjg3MDNmYzkxYzg&v=1705449353248",
        "images": []
    },
    {
        "product_url": "https://www.heinemann-shop.com/en/global/steiff/steiff-soft-cuddly-friends-soft-cuddly-friends-joshi-baby-t-rex/p/000000000001593476/",
        "brand_name": "Steiff",
        "brand_url": "https://www.heinemann-shop.com/en/global/steiff/c/BRAND_0528/",
        "product_name": "Steiff, Soft Cuddly Friends, soft cuddly friends joshi baby t-rex",
        "quantity": "",
        "price": "\u20ac22.90",
        "price_per_quantity": "",
        "stock_availability": "",
        "description": "\u201cRoaaaarrr! Make way for the T-Rex!\u201d Here comes Joshi baby T-Rex. But shhh, don\u2019t tell: Our Soft Cuddly Friends Joshi is not the least bit dangerous, but plushy soft and cuddly. Even his lovely smile and the cuddly body with the granulate bag in the back for a stable fit are only meant for snuggling and cuddling. Well ... together with your little ones, Joshi will of course become the king of the dinosaurs in the world of imagination!",
        "primary_image": "https://www.heinemann-shop.com/medias/527Wx527H-null?context=bWFzdGVyfGltYWdlc3w2MDczMHxpbWFnZS9qcGVnfGFEUXhMMmcyTUM4eE1EVTJPVFl6TmpFMU1UTXlOaTgxTWpkWGVEVXlOMGhmYm5Wc2JBfDQ4Njc5N2QyOTFiYTYxMjVmZThiZDQxMmFkMzhiNDg2ZjI2YmQ4YWYzOTUyZGM2MjNjNThjYTljOWVjODVkOTA&v=1713310549349",
        "images": []
    },
    {
        "product_url": "https://www.heinemann-shop.com/en/global/wwf/wwf-eco-wolf-floppy-15cm/p/000000000001619317/",
        "brand_name": "WWF",
        "brand_url": "https://www.heinemann-shop.com/en/global/wwf/c/BRAND_2595/",
        "product_name": "WWF eco wolf floppy 15cm",
        "quantity": "\n        ",
        "price": "\u20ac26.90",
        "price_per_quantity": "",
        "stock_availability": "Low stock",
        "description": "Did you know that a wolf, depending on the circumstances of course, can hear another wolf's howl from a distance of 10km? They use their howls as a way of communication between the pack. This very cute wolf can't wait to listen to all your stories. And the best thing; he is completely made of 100% recycled PET! For every WWF plush sold, a donation is made to your local WWF organisation.",
        "primary_image": "https://www.heinemann-shop.com/medias/527Wx527H-null?context=bWFzdGVyfGltYWdlc3w1NDE2NnxpbWFnZS9qcGVnfGFEZzRMMmhsTUM4eE1ESTBOalUxTkRnME5USXhOQzgxTWpkWGVEVXlOMGhmYm5Wc2JBfDI2NTJlMGQ5NmJlMWFiMGRkYzA5MmRhY2E5NGM0ZDdhYTE0ZDE1YTFiZDk1MTkwYmQ3ZDU4MDc1ZjU5NjUwYzY&v=1705966265179",
        "images": []
    },
    {
        "product_url": "https://www.heinemann-shop.com/en/global/boss/hugo-boss-men-s-sunglasses/p/000000000001596742/",
        "brand_name": "Boss",
        "brand_url": "https://www.heinemann-shop.com/en/global/boss/c/BRAND_3116/",
        "product_name": "HUGO BOSS, men's sunglasses",
        "quantity": "",
        "price": "\u20ac172.90",
        "price_per_quantity": "",
        "stock_availability": "",
        "description": "Brand: Boss",
        "primary_image": "https://www.heinemann-shop.com/medias/527Wx527H-null?context=bWFzdGVyfGltYWdlc3wyNjk1NnxpbWFnZS9qcGVnfGFEWmxMMmcyTUM4NU9URTRNamM1TnpFeU56azRMelV5TjFkNE5USTNTRjl1ZFd4c3xhYjRjODExYjUzYmIxYzAwMjRhNzcxNzdiNTc1ODhmZGJkYjNjNTkwNWViZDQ0YjM3NGIwNDJmYzJiNDkzNjYx&v=1697488529727",
        "images": []
    },
    {
        "product_url": "https://www.heinemann-shop.com/en/global/wwf/wwf-eco-rabbit-beige-15cm/p/000000000001619312/",
        "brand_name": "WWF",
        "brand_url": "https://www.heinemann-shop.com/en/global/wwf/c/BRAND_2595/",
        "product_name": "WWF eco rabbit beige 15cm",
        "quantity": "\n        ",
        "price": "\u20ac23.90",
        "price_per_quantity": "",
        "stock_availability": "Low stock",
        "description": "Did you know rabbits have almost 360 degrees vision? And their ears can rotate about 180 degrees, how cool is that? When a baby bunny is born though, they have their little eyes shut for about seven days. This fluffy rabbit is made of 100% recycled PET and is ready for a new friend! The WWF Plush Collection by Bon Ton Toys is a wide range of durable, life-like plush animals especially designed for The World Wide Fund for Nature. All plush animals are handmade, contain 100% recycled PET filling and are manufactured according to the highest standards when it comes to child safety and ethical production.",
        "primary_image": "https://www.heinemann-shop.com/medias/527Wx527H-null?context=bWFzdGVyfGltYWdlc3w1MTAwM3xpbWFnZS9qcGVnfGFEYzJMMmc0WlM4eE1ESTBOalUxTURZMU1Ea3hNQzgxTWpkWGVEVXlOMGhmYm5Wc2JBfDdiNDVmMzQ0NTk5ZjczZTdiOWVjMWQ2NGRjNzlkZGM4ZjE5ZWI3ZjkyYzc3NjM3OTg2YjYwMzgzYzEzM2I0NWY&v=1705966043246",
        "images": []
    },
    {
        "product_url": "https://www.heinemann-shop.com/en/global/celine/celine-women-s-sunglasses/p/000000000001591009/",
        "brand_name": "Celine",
        "brand_url": "https://www.heinemann-shop.com/en/global/celine/c/BRAND_2755/",
        "product_name": "Celine, women's sunglasses",
        "quantity": "",
        "price": "",
        "price_per_quantity": "",
        "stock_availability": "",
        "description": "",
        "primary_image": "https://www.heinemann-shop.com/medias/527Wx527H-null?context=bWFzdGVyfGltYWdlc3wyMjI5OXxpbWFnZS9qcGVnfGFHRTRMMmd4Wmk4eE1ESXlOVE15TkRjMU1qa3lOaTgxTWpkWGVEVXlOMGhmYm5Wc2JBfGY2ZDVmNDg4ZDNlYjU4ZWI0ZDkwMGNlYTZhMWU0MzRiMWJlZjE2NjRjNWY2ZDVlODZjNDA2ZTU4MjYyZTg3YzU&v=1705454978839",
        "images": []
    },
    {
        "product_url": "https://www.heinemann-shop.com/en/global/ray-ban-junior/ray-ban-junior-unisex-sunglasses/p/000000000001572009/",
        "brand_name": "Ray Ban Junior",
        "brand_url": "https://www.heinemann-shop.com/en/global/ray-ban-junior/c/BRAND_2160/",
        "product_name": "Ray-Ban Junior, unisex sunglasses",
        "quantity": "1\u00a0Item",
        "price": "\u20ac71.90",
        "price_per_quantity": "",
        "stock_availability": "",
        "description": "",
        "primary_image": "https://www.heinemann-shop.com/medias/527Wx527H-null?context=bWFzdGVyfGltYWdlc3wyNjIzMXxpbWFnZS9qcGVnfGFEVXhMMmd3TlM4eE1ESXlOVEl3TVRFeE9USTJNaTgxTWpkWGVEVXlOMGhmYm5Wc2JBfGQ1ZTc4YjIwYmQ1YTc4Yjg1ZjY4ZjhkNjZmYzYxOGZkMDczNmU4MzA0MTdjYzExZmU5N2QxNjI2ODViMjcyNmQ&v=1705453235233",
        "images": []
    },
    {
        "product_url": "https://www.heinemann-shop.com/en/global/dior/dior-woman-women-s-sunglasses/p/000000000001591001/",
        "brand_name": "Dior",
        "brand_url": "https://www.heinemann-shop.com/en/global/dior/c/BRAND_0758/",
        "product_name": "Dior Woman, women's sunglasses",
        "quantity": "",
        "price": "",
        "price_per_quantity": "",
        "stock_availability": "",
        "description": "",
        "primary_image": "https://www.heinemann-shop.com/medias/527Wx527H-null?context=bWFzdGVyfGltYWdlc3wyNTkzN3xpbWFnZS9qcGVnfGFEazRMMmhpTXk4eE1ESXlOVE15TWpjNE5qZzBOaTgxTWpkWGVEVXlOMGhmYm5Wc2JBfGM1ZTkxODVmN2NjYjBiNjExOWRjZGRiYjJlYjIyMzY2NWJhMTczNTBhYjAxMmY2ODYwNTU0NmIwYTQ4YmUzYzQ&v=1705454841545",
        "images": []
    },
    {
        "product_url": "https://www.heinemann-shop.com/en/global/ray-ban-junior/ray-ban-junior-unisex-sunglasses/p/000000000001571934/",
        "brand_name": "Ray Ban Junior",
        "brand_url": "https://www.heinemann-shop.com/en/global/ray-ban-junior/c/BRAND_2160/",
        "product_name": "Ray-Ban Junior, unisex sunglasses",
        "quantity": "1\u00a0Item",
        "price": "",
        "price_per_quantity": "",
        "stock_availability": "",
        "description": "",
        "primary_image": "https://www.heinemann-shop.com/medias/527Wx527H-null?context=bWFzdGVyfGltYWdlc3wyODcwNXxpbWFnZS9qcGVnfGFERTFMMmcxTnk4eE1ESXlOVE13TWpZek5EVXlOaTgxTWpkWGVEVXlOMGhmYm5Wc2JBfGY3NDVkOTQ4MDUwYzA3MGYyNTQ5M2VhOGJkNGYyOTBkM2U3M2E4MDJjYjNkYWEyOGRhYWQzNTRkNTBkYmJjNWE&v=1705453471045",
        "images": []
    },
    {
        "product_url": "https://www.heinemann-shop.com/en/global/polaroid/polaroid-women-s-sunglasses/p/000000000001598098/",
        "brand_name": "Polaroid",
        "brand_url": "https://www.heinemann-shop.com/en/global/polaroid/c/BRAND_1757/",
        "product_name": "POLAROID, women's sunglasses",
        "quantity": "",
        "price": "",
        "price_per_quantity": "",
        "stock_availability": "",
        "description": "",
        "primary_image": "https://www.heinemann-shop.com/medias/527Wx527H-null?context=bWFzdGVyfGltYWdlc3wyODA4OXxpbWFnZS9qcGVnfGFETTNMMmhtTnk4eE1UQTNNREk1TlRRd09EWTNNQzgxTWpkWGVEVXlOMGhmYm5Wc2JBfGUyY2Q5NjhlNWNlMjkzYTY0ZmM0ZDQ3YjY4YjJjZjZhZjg1M2U1OTVjODYwMmQ5N2RjZTdhZDVkNmE1NjMzNDc&v=1724879796728",
        "images": []
    },
    {
        "product_url": "https://www.heinemann-shop.com/en/global/burberry/burberry-men-s-sunglasses/p/000000000001570899/",
        "brand_name": "Burberry",
        "brand_url": "https://www.heinemann-shop.com/en/global/burberry/c/BRAND_0797/",
        "product_name": "Burberry, men's sunglasses",
        "quantity": "0\u00a0Item",
        "price": "",
        "price_per_quantity": "",
        "stock_availability": "",
        "description": "",
        "primary_image": "https://www.heinemann-shop.com/medias/527Wx527H-null?context=bWFzdGVyfGltYWdlc3wxNTQzN3xpbWFnZS9qcGVnfGFEY3dMMmc1WlM4eE1EUTFNemsyTnprNU5Ea3hNQzgxTWpkWGVEVXlOMGhmYm5Wc2JBfDBkODEzMzZlMzY1ZmJkYWU0YzJhYmE2Y2MwYWVhMGU2ZjFjMDAyNDhlYjA4MWZmNTYzYTcyMjFiZjRhMzNiYzI&v=1710798911924",
        "images": []
    },
    {
        "product_url": "https://www.heinemann-shop.com/en/global/polaroid/polaroid-women-s-sunglasses/p/000000000001598100/",
        "brand_name": "Polaroid",
        "brand_url": "https://www.heinemann-shop.com/en/global/polaroid/c/BRAND_1757/",
        "product_name": "POLAROID, women's sunglasses",
        "quantity": "",
        "price": "",
        "price_per_quantity": "",
        "stock_availability": "",
        "description": "",
        "primary_image": "https://www.heinemann-shop.com/medias/527Wx527H-null?context=bWFzdGVyfGltYWdlc3wyNzkzNnxpbWFnZS9qcGVnfGFEbGpMMmcwTVM4eE1UQTNNREk1TWpBMk5qTXpOQzgxTWpkWGVEVXlOMGhmYm5Wc2JBfGRkNzVjMTUwMGJjMTVhYTFlZjEyYTFlNjU4YzlkYTg1YjQ1NmNkOTdhZDc4OGIzMjFiYTU0MzcxNjhkY2EyN2U&v=1724879183733",
        "images": []
    },
    {
        "product_url": "https://www.heinemann-shop.com/en/global/polaroid-kids/polaroid-kids-sunglasses/p/000000000001598105/",
        "brand_name": "Polaroid Kids",
        "brand_url": "https://www.heinemann-shop.com/en/global/polaroid-kids/c/BRAND_1806/",
        "product_name": "POLAROID KIDS Sunglasses",
        "quantity": "\n        ",
        "price": "\u20ac48.90",
        "price_per_quantity": "",
        "stock_availability": "Low stock",
        "description": "",
        "primary_image": "https://www.heinemann-shop.com/medias/527Wx527H-null?context=bWFzdGVyfGltYWdlc3wzMjA0MXxpbWFnZS9qcGVnfGFEQTJMMmd5TXk4eE1UQTNNREk1TWprMU1UQTNNQzgxTWpkWGVEVXlOMGhmYm5Wc2JBfGU0OWY5MDg0NmYxOTJmMzdhMzIzYTQyY2RiYTkyMzhlOWU2N2YxZDY2YzJlYjNhMzUwNWU4YjM2NGQxZjQzYzE&v=1724879296500",
        "images": []
    },
    {
        "product_url": "https://www.heinemann-shop.com/en/global/polaroid/polaroid-women-s-sunglasses/p/000000000001596750/",
        "brand_name": "Polaroid",
        "brand_url": "https://www.heinemann-shop.com/en/global/polaroid/c/BRAND_1757/",
        "product_name": "POLAROID, women's sunglasses",
        "quantity": "",
        "price": "",
        "price_per_quantity": "",
        "stock_availability": "",
        "description": "Brand: Polaroid",
        "primary_image": "https://www.heinemann-shop.com/medias/527Wx527H-null?context=bWFzdGVyfGltYWdlc3wyNzE2NnxpbWFnZS9qcGVnfGFEWXlMMmd4T0M4eE1UQTJPREU1TURNNU1qTTFNQzgxTWpkWGVEVXlOMGhmYm5Wc2JBfGMzNTNlOTE4MDQxODY2N2QwY2VhM2RiZTZjYzAyZmJhNTY1OGU1YzVjOTI5ZmUxMmU2NTJiNWJiNDE1NjMyMzE&v=1724878964730",
        "images": []
    },
    {
        "product_url": "https://www.heinemann-shop.com/en/global/celine/celine-women-s-sunglasses/p/000000000001591008/",
        "brand_name": "Celine",
        "brand_url": "https://www.heinemann-shop.com/en/global/celine/c/BRAND_2755/",
        "product_name": "Celine, women's sunglasses",
        "quantity": "",
        "price": "",
        "price_per_quantity": "",
        "stock_availability": "",
        "description": "",
        "primary_image": "https://www.heinemann-shop.com/medias/527Wx527H-null?context=bWFzdGVyfGltYWdlc3wyNzE3NnxpbWFnZS9qcGVnfGFEY3dMMmd4TlM4eE1ESXlOVE15TkRRMU9EQXhOQzgxTWpkWGVEVXlOMGhmYm5Wc2JBfGUzNDkyMjVlNGI1NTQ4MzIxOWViNTQ3ZmIwNmNmMzIyMDEzMDQ2MzJiODVmYmQ3MWYxMjE0NjRjZDA3MjM2MTk&v=1705454965036",
        "images": []
    },
    {
        "product_url": "https://www.heinemann-shop.com/en/global/celine/celine-women-s-sunglasses/p/000000000001542153/",
        "brand_name": "Celine",
        "brand_url": "https://www.heinemann-shop.com/en/global/celine/c/BRAND_2755/",
        "product_name": "Celine, women's sunglasses",
        "quantity": "",
        "price": "",
        "price_per_quantity": "",
        "stock_availability": "",
        "description": "",
        "primary_image": "https://www.heinemann-shop.com/medias/527Wx527H-null?context=bWFzdGVyfGltYWdlc3wyMDQ1NHxpbWFnZS9qcGVnfGFHRTJMMmd4TVM4eE1ESXlOVEE1T0RNNU1UVTRNaTgxTWpkWGVEVXlOMGhmYm5Wc2JBfDdhNDMxZTlmZDhjNDI4ODMyMDJiZjE5ZjA3ZjRjZWYwNGM2ODNhNjY1MzE2YWNhMGUxMWZiMmE4ODBlNDA0YmU&v=1705450597241",
        "images": []
    },
    {
        "product_url": "https://www.heinemann-shop.com/en/global/dior/dior-woman-women-s-sunglasses/p/000000000001591006/",
        "brand_name": "Dior",
        "brand_url": "https://www.heinemann-shop.com/en/global/dior/c/BRAND_0758/",
        "product_name": "Dior Woman, women's sunglasses",
        "quantity": "",
        "price": "",
        "price_per_quantity": "",
        "stock_availability": "",
        "description": "",
        "primary_image": "https://www.heinemann-shop.com/medias/527Wx527H-null?context=bWFzdGVyfGltYWdlc3wyNjY3M3xpbWFnZS9qcGVnfGFHUTVMMmcwTWk4eE1ESXlOVE15TXprNU9USTJNaTgxTWpkWGVEVXlOMGhmYm5Wc2JBfDA4NjFmNzAwOWE3ZWU0ZGMxY2QwZDE1OGI4YjQ0YTI1NGZjOTI2MDY1YjFlMGFiZThlMTc4MDBkMzdhNGVjNjE&v=1705454929237",
        "images": []
    },
    {
        "product_url": "https://www.heinemann-shop.com/en/global/gucci/gucci-women-s-sunglasses/p/000000000001574127/",
        "brand_name": "Gucci",
        "brand_url": "https://www.heinemann-shop.com/en/global/gucci/c/BRAND_2020/",
        "product_name": "Gucci, women's sunglasses",
        "quantity": "",
        "price": "",
        "price_per_quantity": "",
        "stock_availability": "",
        "description": "Brand: Gucci",
        "primary_image": "https://www.heinemann-shop.com/medias/527Wx527H-null?context=bWFzdGVyfGltYWdlc3wyNzIzMHxpbWFnZS9qcGVnfGFHVXpMMmc0Tmk4eE1ESXlOVE13T1RRMU1ESTNNQzgxTWpkWGVEVXlOMGhmYm5Wc2JBfGI0MjUyZTRhMWZiNGUxZWY0NjczNzI3Y2IwMWRjYzE4ZTkzMjZlMmY3ODI5NjZhMTNhMGI4ZWFiZTlhYTdkZTM&v=1705453994655",
        "images": []
    },
    {
        "product_url": "https://www.heinemann-shop.com/en/global/gucci/gucci-women-s-sunglasses/p/000000000001597714/",
        "brand_name": "Gucci",
        "brand_url": "https://www.heinemann-shop.com/en/global/gucci/c/BRAND_2020/",
        "product_name": "Gucci, women's sunglasses",
        "quantity": "",
        "price": "",
        "price_per_quantity": "",
        "stock_availability": "",
        "description": "Brand: Gucci",
        "primary_image": "https://www.heinemann-shop.com/medias/527Wx527H-null?context=bWFzdGVyfGltYWdlc3wyNDEyMnxpbWFnZS9qcGVnfGFEVmtMMmcyT1M4eE1EQXhNVFExT0RRek56RTFNQzgxTWpkWGVEVXlOMGhmYm5Wc2JBfGMzZDhlMTQxNzk2MTNmNDVlZTQ1NGFjZTMxMzUyZjg4OTA0MmY0MmUwZDA5OGNjNzNkOWZmZTgzMjcyMmQ3ZGQ&v=1700170232493",
        "images": []
    },
    {
        "product_url": "https://www.heinemann-shop.com/en/global/ty/ty-starwars-squish-a-boo-medium-yoda-25cm/p/000000000001556253/",
        "brand_name": "Ty",
        "brand_url": "https://www.heinemann-shop.com/en/global/ty/c/BRAND_8275/",
        "product_name": "TY, Starwars Squish A Boo Medium, Yoda 25cm",
        "quantity": "\n        ",
        "price": "\u20ac11.90",
        "price_per_quantity": "",
        "stock_availability": "Low stock",
        "description": "Part of the brand new Squish-Aboo Heron. One of the extremely popular Star Wars series - an instantly recognizable TV and movie character. A collectible plush toy made of colorful plush and with a high tactile feel. Suitable from birth.",
        "primary_image": "https://www.heinemann-shop.com/medias/527Wx527H-null?context=bWFzdGVyfGltYWdlc3wzNDI2OXxpbWFnZS9qcGVnfGFEVXpMMmd3TlM4NU56Z3lNelExTnpZd056azRMelV5TjFkNE5USTNTRjl1ZFd4c3wzZWQwMWUwYzdhNjAzZjYzNDUzMzI5MTE3N2VmNGMzY2I2NmMxZDZjNzY2OTllYWI5NGNjNDJkZGE5ZmJiYTJk&v=1688676260662",
        "images": []
    },
    {
        "product_url": "https://www.heinemann-shop.com/en/global/silhouette/silhouette-infinity-women-s-sunglasses/p/000000000001618375/",
        "brand_name": "Silhouette",
        "brand_url": "https://www.heinemann-shop.com/en/global/silhouette/c/BRAND_2352/",
        "product_name": "Silhouette, Infinity, women's sunglasses",
        "quantity": "",
        "price": "\u20ac289.90",
        "price_per_quantity": "",
        "stock_availability": "",
        "description": "Boldness with lightness \u2013 that\u2019s the idea behind our new Infinity Sun models. A great mix of updated classics, versatile unisex and a strong feminine style. For our lifestyle client who is looking for the extra touch. Ultralight frames with lens-in-lens technique. Stands out through its contrasts of textures and colors. SPX+ new temple for extraordinary lightness",
        "primary_image": "https://www.heinemann-shop.com/medias/527Wx527H-null?context=bWFzdGVyfGltYWdlc3wyODMzMnxpbWFnZS9qcGVnfGFHWTJMMmd3WVM4eE1UQTNNak0yTmpnek56YzVNQzgxTWpkWGVEVXlOMGhmYm5Wc2JBfDg0ZTg3MGFkOTI5ZjFkOTMwYzNkNjIzNGFjMWMyMmExMjIwNmNjNzBjOWM5YmU4ZTljYWM2Y2M2ZWY3NWY4ZTE&v=1724918412103",
        "images": []
    },
    {
        "product_url": "https://www.heinemann-shop.com/en/global/ray-ban/ray-ban-unisex-s-sunglasses/p/000000000001630631/",
        "brand_name": "Ray Ban",
        "brand_url": "https://www.heinemann-shop.com/en/global/ray-ban/c/BRAND_0083/",
        "product_name": "Ray Ban, Unisex's sunglasses",
        "quantity": "1\u00a0Item",
        "price": "",
        "price_per_quantity": "",
        "stock_availability": "",
        "description": "",
        "primary_image": "https://www.heinemann-shop.com/medias/527Wx527H-null?context=bWFzdGVyfGltYWdlc3wzMDc3MXxpbWFnZS9qcGVnfGFEUXlMMmhsTXk4eE1UTTJPRE0xTkRrM01UWTNPQzgxTWpkWGVEVXlOMGhmYm5Wc2JBfGViMzRhYWZkYjI4ODllZDUxM2ZkZmU0MmE5YWYzMzEzYTMyYzY5YmZlMzY3OWNjODZkMjI2OTY3NzQwZGI1OTM&v=1730846282166",
        "images": []
    },
    {
        "product_url": "https://www.heinemann-shop.com/en/global/prada/prada-women-s-sunglasses/p/000000000001629567/",
        "brand_name": "Prada",
        "brand_url": "https://www.heinemann-shop.com/en/global/prada/c/BRAND_2803/",
        "product_name": "Prada, Women's sunglasses",
        "quantity": "1\u00a0Item",
        "price": "",
        "price_per_quantity": "",
        "stock_availability": "",
        "description": "",
        "primary_image": "https://www.heinemann-shop.com/medias/527Wx527H-null?context=bWFzdGVyfGltYWdlc3wzMjk5N3xpbWFnZS9qcGVnfGFHTTNMMmhsWmk4eE1EUTBORFUyTmpneU1qazBNaTgxTWpkWGVEVXlOMGhmYm5Wc2JBfDVkYjM2NDU3OWE5ZWJiOTg2ODFjYmQ4MWZkZjZhYzc2ZDcyMGM4YWJlZTBlYWM0NjBmMDMzMGJkNTJiNjhhYzM&v=1710541140525",
        "images": []
    },
    {
        "product_url": "https://www.heinemann-shop.com/en/global/wwf/wwf-plush-toys-kids-plush-elephant-floppy/p/000000000001503155/",
        "brand_name": "WWF",
        "brand_url": "https://www.heinemann-shop.com/en/global/wwf/c/BRAND_2595/",
        "product_name": "WWF Plush Toys, kids' Plush Elephant floppy",
        "quantity": "\n        ",
        "price": "\u20ac33.90",
        "price_per_quantity": "",
        "stock_availability": "Low stock",
        "description": "IBTT has developed a plush collection that embraces the values of WWF and donates 12% to your local WWF of every plush item sold. WWF has been protecting the future of nature for more than 50 years. Passionate, optimistic, credible and inspiring , that\u2019s what the WWF Plush Collection stands for. We are very proud to contribute to its mission by producing WWF branded soft toys .",
        "primary_image": "https://www.heinemann-shop.com/medias/1503155-527Wx527H?context=bWFzdGVyfGltYWdlc3w1MzU5NHxpbWFnZS9qcGVnfGFEUTJMMmhoWmk4NU5qazFPVFV5TXpBMk1qQTJMekUxTURNeE5UVmZOVEkzVjNnMU1qZEl8MmM0MWExNjZmMGI2NTMzMGIyN2YyMzU2ZGIyNDEwMDg4ZDRlMzYyN2E0YTAzOTNjMjkxY2FkNGIwNTliMGQwNQ&v=1658435972123",
        "images": []
    },
    {
        "product_url": "https://www.heinemann-shop.com/en/global/prada-linea-rossa/prada-linea-rossa-men-s-sunglasses/p/000000000001630498/",
        "brand_name": "Prada Linea Rossa",
        "brand_url": "https://www.heinemann-shop.com/en/global/prada-linea-rossa/c/BRAND_6201/",
        "product_name": "Prada Linea Rossa, Men's sunglasses",
        "quantity": "1\u00a0Item",
        "price": "",
        "price_per_quantity": "",
        "stock_availability": "",
        "description": "",
        "primary_image": "https://www.heinemann-shop.com/medias/527Wx527H-null?context=bWFzdGVyfGltYWdlc3wyNzQ4M3xpbWFnZS9qcGVnfGFHUTVMMmc1T1M4eE1EUTBORFUxTkRZek16STBOaTgxTWpkWGVEVXlOMGhmYm5Wc2JBfDUxNTc5YmVlMzQzZmMwNmM0MDJjNmMyYWZmYTUwYWNkMDc0YjdhZWZlZDgzOTlhOTU2MjMyMjQxY2JiM2FhMzA&v=1710540523639",
        "images": []
    },
    {
        "product_url": "https://www.heinemann-shop.com/en/global/ray-ban/ray-ban-unisex-s-sunglasses/p/000000000001630651/",
        "brand_name": "Ray Ban",
        "brand_url": "https://www.heinemann-shop.com/en/global/ray-ban/c/BRAND_0083/",
        "product_name": "Ray Ban, Unisex's sunglasses",
        "quantity": "1\u00a0Item",
        "price": "",
        "price_per_quantity": "",
        "stock_availability": "",
        "description": "",
        "primary_image": "https://www.heinemann-shop.com/medias/527Wx527H-null?context=bWFzdGVyfGltYWdlc3wyNTAwM3xpbWFnZS9qcGVnfGFEQXhMMmhsTmk4eE1EUTFNelE1TURjeU9EazVNQzgxTWpkWGVEVXlOMGhmYm5Wc2JBfDQyYmEzZDFmMmJjZTBlZjlkYjIwMjFlNWEwNzY1Y2UzZTc2NmZkM2YyNzdmY2E0YzI0YTIwMTFjNGIwMjJiODY&v=1710797658402",
        "images": []
    },
    {
        "product_url": "https://www.heinemann-shop.com/en/global/emporio-armani/emporio-armani-men-s-sunglasses/p/000000000001629625/",
        "brand_name": "Emporio Armani",
        "brand_url": "https://www.heinemann-shop.com/en/global/emporio-armani/c/BRAND_2320/",
        "product_name": "Emporio Armani, Men's sunglasses",
        "quantity": "1\u00a0Item",
        "price": "",
        "price_per_quantity": "",
        "stock_availability": "",
        "description": "",
        "primary_image": "https://www.heinemann-shop.com/medias/527Wx527H-null?context=bWFzdGVyfGltYWdlc3wyNjkxNHxpbWFnZS9qcGVnfGFESXpMMmd4WVM4eE1EUTBOREUxTWpNd056YzBNaTgxTWpkWGVEVXlOMGhmYm5Wc2JBfDhmNjFjZDZhYTM5M2ExMjliYzAxZWE5MTFlNmNmNmFlNjFkNzEzYTBkZGM5YzgyOWE2NjdiOWE0NTVlMDA5NzY&v=1710540004599",
        "images": []
    },
    {
        "product_url": "https://www.heinemann-shop.com/en/global/michael-kors/michael-kors-women-s-sunglasses/p/000000000001630443/",
        "brand_name": "Michael Kors",
        "brand_url": "https://www.heinemann-shop.com/en/global/michael-kors/c/BRAND_3794/",
        "product_name": "Michael Kors, Women's sunglasses",
        "quantity": "1\u00a0Item",
        "price": "",
        "price_per_quantity": "",
        "stock_availability": "",
        "description": "",
        "primary_image": "https://www.heinemann-shop.com/medias/527Wx527H-null?context=bWFzdGVyfGltYWdlc3wyNTE4MXxpbWFnZS9qcGVnfGFHRXdMMmcyWXk4eE1EUTBORGt3T0RJMk5UVXdNaTgxTWpkWGVEVXlOMGhmYm5Wc2JBfDc4NGQ2NzVhODc2MDQ4MGRlZTY2YTU1Y2U5YTA3MjIxNDcxYTYyZjNlYmM4YTAyYzhlY2E5YmQwNzk3NWUxZTE&v=1710543610593",
        "images": []
    },
    {
        "product_url": "https://www.heinemann-shop.com/en/global/ray-ban/ray-ban-unisex-s-sunglasses/p/000000000001630518/",
        "brand_name": "Ray Ban",
        "brand_url": "https://www.heinemann-shop.com/en/global/ray-ban/c/BRAND_0083/",
        "product_name": "Ray Ban, Unisex's sunglasses",
        "quantity": "1\u00a0Item",
        "price": "",
        "price_per_quantity": "",
        "stock_availability": "",
        "description": "",
        "primary_image": "https://www.heinemann-shop.com/medias/527Wx527H-null?context=bWFzdGVyfGltYWdlc3wyNjE4M3xpbWFnZS9qcGVnfGFHTTRMMmczTUM4eE1UY3dOVFU1T0RNM09EQXhOQzgxTWpkWGVEVXlOMGhmYm5Wc2JBfDAzZGMxN2M4ZmY5ODhjYTE2YzNkOGFiNzRlNTU0OTk2MGRkNTZmOTY0NDkxZWM4MGIzNTRiNmI3Yzc3MWExMTA&v=1738285237419",
        "images": []
    },
    {
        "product_url": "https://www.heinemann-shop.com/en/global/emporio-armani/emporio-armani-men-s-sunglasses/p/000000000001630462/",
        "brand_name": "Emporio Armani",
        "brand_url": "https://www.heinemann-shop.com/en/global/emporio-armani/c/BRAND_2320/",
        "product_name": "Emporio Armani, Men's sunglasses",
        "quantity": "1\u00a0Item",
        "price": "\u20ac129.90",
        "price_per_quantity": "",
        "stock_availability": "Low stock",
        "description": "",
        "primary_image": "https://www.heinemann-shop.com/medias/527Wx527H-null?context=bWFzdGVyfGltYWdlc3wyNjczMnxpbWFnZS9qcGVnfGFHUTBMMmcxWkM4eE1EUTBOREUxTmprMk1EYzVPQzgxTWpkWGVEVXlOMGhmYm5Wc2JBfGRmZWRjZjhmODI4ODUwYmE3ZWU2ZjFmZjI5ZGI1MjgxMzg4ZjRlMjgzMWMxM2I1YzhjYmE4NWEyZGJkYThhNTA&v=1710540280020",
        "images": []
    },
    {
        "product_url": "https://www.heinemann-shop.com/en/global/michael-kors/michael-kors-women-s-sunglasses/p/000000000001630377/",
        "brand_name": "Michael Kors",
        "brand_url": "https://www.heinemann-shop.com/en/global/michael-kors/c/BRAND_3794/",
        "product_name": "Michael Kors, Women's sunglasses",
        "quantity": "1\u00a0Item",
        "price": "",
        "price_per_quantity": "",
        "stock_availability": "",
        "description": "",
        "primary_image": "https://www.heinemann-shop.com/medias/527Wx527H-null?context=bWFzdGVyfGltYWdlc3wyODkwOHxpbWFnZS9qcGVnfGFHSTFMMmc1T1M4eE1EUTBORFUxTWpnMk16YzNOQzgxTWpkWGVEVXlOMGhmYm5Wc2JBfGU3Y2Q1YTc4MzRjOTBlOTY1Y2U2MzRlYTk4YTkyNTVjYTE0NmM0Y2MwMzUxNWUwODgwNjQ5YmQ3YjM3NDYwMTE&v=1710540423602",
        "images": []
    },
    {
        "product_url": "https://www.heinemann-shop.com/en/global/dolce-gabbana/dolce-gabbana-women-s-sunglasses/p/000000000001629338/",
        "brand_name": "Dolce & Gabbana",
        "brand_url": "https://www.heinemann-shop.com/en/global/dolce-gabbana/c/BRAND_2742/",
        "product_name": "Dolce & Gabbana, Women's sunglasses",
        "quantity": "1\u00a0Item",
        "price": "",
        "price_per_quantity": "",
        "stock_availability": "",
        "description": "",
        "primary_image": "https://www.heinemann-shop.com/medias/527Wx527H-null?context=bWFzdGVyfGltYWdlc3wzMDY2NXxpbWFnZS9qcGVnfGFEYzFMMmcwWXk4eE1EUTBOREUxTXpJeU5USTBOaTgxTWpkWGVEVXlOMGhmYm5Wc2JBfDJmNWUzODFhNDc2MjdhODgyODBhYTUwMWNhOGZmZjRhODc0MzcxNGYxZTBhZDNjODAxOTQ4N2Q3NjRkMjBlOGM&v=1710540056873",
        "images": []
    },
    {
        "product_url": "https://www.heinemann-shop.com/en/global/dior/dior-man-men-s-sunglasses/p/000000000001618542/",
        "brand_name": "Dior",
        "brand_url": "https://www.heinemann-shop.com/en/global/dior/c/BRAND_0758/",
        "product_name": "Dior Man, men's sunglasses",
        "quantity": "",
        "price": "",
        "price_per_quantity": "",
        "stock_availability": "",
        "description": "",
        "primary_image": "https://www.heinemann-shop.com/medias/527Wx527H-null?context=bWFzdGVyfGltYWdlc3wyMzcxNHxpbWFnZS9qcGVnfGFHTmhMMmcyTVM4eE1ERTJORFU1TmpZek56Y3lOaTgxTWpkWGVEVXlOMGhmYm5Wc2JBfDcxYjkzOGZlYjU1MWU4ZTIxYzg1ZGE5ODNjNWRjYmY3NGRjOGQ3ZGU0MGYxMmI2ODExMDM5NDE4MmFiMDA3NjI&v=1703884374118",
        "images": []
    },
    {
        "product_url": "https://www.heinemann-shop.com/en/global/gucci/gucci-women-s-sunglasses/p/000000000001613977/",
        "brand_name": "Gucci",
        "brand_url": "https://www.heinemann-shop.com/en/global/gucci/c/BRAND_2020/",
        "product_name": "Gucci, women's sunglasses",
        "quantity": "",
        "price": "",
        "price_per_quantity": "",
        "stock_availability": "",
        "description": "",
        "primary_image": "https://www.heinemann-shop.com/medias/527Wx527H-null?context=bWFzdGVyfGltYWdlc3wyOTcxMnxpbWFnZS9qcGVnfGFEUm1MMmhpTkM4eE1EQTJOemN6TVRrek9UTTFPQzgxTWpkWGVEVXlOMGhmYm5Wc2JBfDljNDFiYjU2NDAxY2ZiZjg5NGQxNmU3NjM2ZWY1Njk1ZDc5YmE1ZGJhNWQyYzE2OGE0ODZhMTNlMTRmOTgxNDg&v=1701380551467",
        "images": []
    },
    {
        "product_url": "https://www.heinemann-shop.com/en/global/dior/dior-woman-women-s-sunglasses/p/000000000001618522/",
        "brand_name": "Dior",
        "brand_url": "https://www.heinemann-shop.com/en/global/dior/c/BRAND_0758/",
        "product_name": "Dior Woman, women's sunglasses",
        "quantity": "",
        "price": "",
        "price_per_quantity": "",
        "stock_availability": "",
        "description": "",
        "primary_image": "https://www.heinemann-shop.com/medias/527Wx527H-null?context=bWFzdGVyfGltYWdlc3wyMzk2MHxpbWFnZS9qcGVnfGFHVm1MMmd4T1M4eE1ERTJORFU1TWpFME9EVXhNQzgxTWpkWGVEVXlOMGhmYm5Wc2JBfGViNjYzOGQ0ZmExOGVjMzcxMDQ0ZDkzZDE5Y2UxMTQxMDQzYzA2NjQ3OTQwNTZhNjc0MGFhYTc0ODAzMjM1YTI&v=1703884126137",
        "images": []
    },
    {
        "product_url": "https://www.heinemann-shop.com/en/global/burberry/burberry-women-s-sunglasses/p/000000000001609528/",
        "brand_name": "Burberry",
        "brand_url": "https://www.heinemann-shop.com/en/global/burberry/c/BRAND_0797/",
        "product_name": "Burberry women's sunglasses",
        "quantity": "0\u00a0Item",
        "price": "",
        "price_per_quantity": "",
        "stock_availability": "",
        "description": "",
        "primary_image": "https://www.heinemann-shop.com/medias/527Wx527H-null?context=bWFzdGVyfGltYWdlc3wyNDczOHxpbWFnZS9qcGVnfGFEUTFMMmhtTnk4eE1EVTBPRFl4TkRnNE9UVXdNaTgxTWpkWGVEVXlOMGhmYm5Wc2JBfDcyNDg4MWNlMjhiZjNhMDJiN2I4ZjRkZjY5Nzc1OTUyNDM1M2M5NjBhODkxYmQ2ZWYzMGNhYTBiYjQzZmU1NTM&v=1712780658276",
        "images": []
    },
    {
        "product_url": "https://www.heinemann-shop.com/en/global/burberry/burberry-men-s-sunglasses/p/000000000001609624/",
        "brand_name": "Burberry",
        "brand_url": "https://www.heinemann-shop.com/en/global/burberry/c/BRAND_0797/",
        "product_name": "Burberry, men's sunglasses",
        "quantity": "1\u00a0Item",
        "price": "",
        "price_per_quantity": "",
        "stock_availability": "",
        "description": "N",
        "primary_image": "https://www.heinemann-shop.com/medias/527Wx527H-null?context=bWFzdGVyfGltYWdlc3wyMzg0N3xpbWFnZS9qcGVnfGFETXpMMmhtTnk4eE1UTXhOekl6TVRFMU56STNPQzgxTWpkWGVEVXlOMGhmYm5Wc2JBfGI0NDEzODc1YjY2YjMxMmUxNmVkYjNhZTc3YWZlMDFlYTU4OTA3YWI1ZjBiODI5ZTViNzA0OGM0MzNjZjUyMGQ&v=1729889197208",
        "images": []
    },
    {
        "product_url": "https://www.heinemann-shop.com/en/global/ty/ty-ty-beanie-bellies-15cm-mitzi-grey-tabby-cat/p/000000000001544885/",
        "brand_name": "Ty",
        "brand_url": "https://www.heinemann-shop.com/en/global/ty/c/BRAND_8275/",
        "product_name": "TY, ty Beanie Bellies 15cm mitzi - grey tabby cat",
        "quantity": "\n        ",
        "price": "\u20ac8.90",
        "price_per_quantity": "",
        "stock_availability": "Low stock",
        "description": "Part of Ty's very popular Ty Beanie Babies range. A collectable plush toy made from colorful plush material and with a high tactile feel. Suitable from birth.",
        "primary_image": "https://www.heinemann-shop.com/medias/527Wx527H-null?context=bWFzdGVyfGltYWdlc3w2NTA3N3xpbWFnZS9qcGVnfGFEQmhMMmhqTlM4eE1USXlNelk0TURBNU1ERTBNaTgxTWpkWGVEVXlOMGhmYm5Wc2JBfGFlYWUyMzYyYzk0OWRmZTI2MjZmZDM0NGIyNzE0ZDMyMWNiZmUyZTkwNTc0ODgzNDVjZThhZGMyMGM2YmIyOTY&v=1728074597014",
        "images": []
    },
    {
        "product_url": "https://www.heinemann-shop.com/en/global/ty/ty-squish-a-boo-20cm-harry-potter-harry-potter/p/000000000001623053/",
        "brand_name": "Ty",
        "brand_url": "https://www.heinemann-shop.com/en/global/ty/c/BRAND_8275/",
        "product_name": "Ty, Squish A Boo 20Cm Harry Potter, harry potter",
        "quantity": "",
        "price": "",
        "price_per_quantity": "",
        "stock_availability": "",
        "description": "Part of the brand new Squish-Aboo Heron. One of the extremely popular Harry Potter series - an instantly recognizable TV and movie character. A collectible plush toy made of colorful plush and with a high tactile feel. Suitable from birth.",
        "primary_image": "https://www.heinemann-shop.com/medias/527Wx527H-null?context=bWFzdGVyfGltYWdlc3w2Njg2MnxpbWFnZS9qcGVnfGFHSTBMMmd6Tnk4eE1Ea3lNVGswTVRVMk5UUTNNQzgxTWpkWGVEVXlOMGhmYm5Wc2JBfDFlNDc0MzQ2ZmRkNzIwNGY1YjdlMzA2NTU4MTJiMDMzNTA4OTk4NGFkODBiMGQxYTUyZThkNzA5ZWNiNDk1NDk&v=1721937970352",
        "images": []
    },
    {
        "product_url": "https://www.heinemann-shop.com/en/global/ty/ty-beanie-boos-owlette-whie-owl-beanie-boo-medium/p/000000000001267762/",
        "brand_name": "Ty",
        "brand_url": "https://www.heinemann-shop.com/en/global/ty/c/BRAND_8275/",
        "product_name": "Ty, Beanie Boos, owlette whie owl - beanie boo medium",
        "quantity": "",
        "price": "\u20ac15.90",
        "price_per_quantity": "",
        "stock_availability": "",
        "description": "Beanie Boo's are the best selling and most popular plush brand. Many different designs of the coveted collectors objects with the well-known glitter eyes are available.",
        "primary_image": "https://www.heinemann-shop.com/medias/527Wx527H-null?context=bWFzdGVyfGltYWdlc3w1Nzk2N3xpbWFnZS9qcGVnfGFEUm1MMmhtTUM4NU56Y3pNekkxTVRJek5qRTBMelV5TjFkNE5USTNTRjl1ZFd4c3wyZDhiNjYxOGEwNzY3MTBkNjVkZWE5YjNkZmJkNTg3Y2M0ZmM5YTJjODgyMzRkOTU3MWY2YmI3ZmI1NzgyODZj&v=1686373262700",
        "images": []
    },
    {
        "product_url": "https://www.heinemann-shop.com/en/global/steiff/steiff-cobb-cow-white/p/000000000001636764/",
        "brand_name": "Steiff",
        "brand_url": "https://www.heinemann-shop.com/en/global/steiff/c/BRAND_0528/",
        "product_name": "Steiff, cobb cow, white",
        "quantity": "",
        "price": "",
        "price_per_quantity": "",
        "stock_availability": "",
        "description": "With the Cobb cow, the youngest farm fans will get their full enjoyment! Even the hooves and the playful little horns on the head are soft and gentle and make a cuddly overall package with the soft body and the nicely tactile granulate bag for a stable fit. Cobb cow is definitely much better off in the children\u2019s room than in the stable!",
        "primary_image": "https://www.heinemann-shop.com/medias/527Wx527H-null?context=bWFzdGVyfGltYWdlc3w0NDIxNXxpbWFnZS9qcGVnfGFHUmhMMmhpTWk4eE1EVTJPVFkwT0RRek9UTXlOaTgxTWpkWGVEVXlOMGhmYm5Wc2JBfDNjNDU0YWM0ZWFhNWM1M2Q5MWFkZGQzMGQ0MDkxMDFjODRjOTBkNDY2ZjNhZjcwNThiMzkxMzRmNDhhNDE1ZGU&v=1713323785381",
        "images": []
    },
    {
        "product_url": "https://www.heinemann-shop.com/en/global/steiff/steiff-hoodie-teddy-bear-rabbit/p/000000000001593534/",
        "brand_name": "Steiff",
        "brand_url": "https://www.heinemann-shop.com/en/global/steiff/c/BRAND_0528/",
        "product_name": "Steiff, hoodie-teddy bear rabbit",
        "quantity": "\n        ",
        "price": "\u20ac63.90",
        "price_per_quantity": "",
        "stock_availability": "Low stock",
        "description": "To celebrate the Chinese New Year 2023, we tried something new and designed a very special lucky charm for the Year of the Rabbit. Our Hoodie-Teddy bear rabbit is a Teddy bear hiding under its cuddly bunny costume. Chinese astrology says that people born under the zodiac sign of Rabbit are especially sensitive and empathetic. This is precisely true of our Hoodie-Teddy bear rabbit, as he is a loyal companion and cuddly soulmate and of course made of cuddly soft plush. He is 27 cm tall and just waiting to celebrate the Year of the Rabbit with you!",
        "primary_image": "https://www.heinemann-shop.com/medias/527Wx527H-null?context=bWFzdGVyfGltYWdlc3wzOTA0NnxpbWFnZS9qcGVnfGFHVmxMMmhtTkM4eE1EVTJPVFkwTnprNE1EVTNOQzgxTWpkWGVEVXlOMGhmYm5Wc2JBfDg0NTMzMWQ1ZTNlYWFiZTUwNDEwNmEwMzVkYzkxMTBiZjNlNzA0ODcwOGY5MjdiOTgxM2M1ZGJiYjI1NWNhOTk&v=1713323758016",
        "images": []
    },
    {
        "product_url": "https://www.heinemann-shop.com/en/global/tom-ford/tom-ford-men-s-sunglasses/p/000000000001641126/",
        "brand_name": "Tom Ford",
        "brand_url": "https://www.heinemann-shop.com/en/global/tom-ford/c/BRAND_4282/",
        "product_name": "Tom Ford, Men'S Sunglasses",
        "quantity": "",
        "price": "",
        "price_per_quantity": "",
        "stock_availability": "",
        "description": "",
        "primary_image": "https://www.heinemann-shop.com/medias/527Wx527H-null?context=bWFzdGVyfGltYWdlc3wyODQxMnxpbWFnZS9qcGVnfGFETXpMMmd3TVM4eE1EZ3hORGszT0RFNU5UUTROaTgxTWpkWGVEVXlOMGhmYm5Wc2JBfDQ4OTdhZDFkMDhhOGFjNmQ4NTQyOGY0ODExN2FmZTMwNzMwYjEzYjhhOGZkZTU4ZTA4YjUwMjk5NWY2YWNhZjQ&v=1719524317728",
        "images": []
    },
    {
        "product_url": "https://www.heinemann-shop.com/en/global/tom-ford/tom-ford-men-s-sunglasses/p/000000000001641150/",
        "brand_name": "Tom Ford",
        "brand_url": "https://www.heinemann-shop.com/en/global/tom-ford/c/BRAND_4282/",
        "product_name": "Tom Ford, Men'S Sunglasses",
        "quantity": "",
        "price": "",
        "price_per_quantity": "",
        "stock_availability": "",
        "description": "",
        "primary_image": "https://www.heinemann-shop.com/medias/527Wx527H-null?context=bWFzdGVyfGltYWdlc3wyOTgxM3xpbWFnZS9qcGVnfGFHWmhMMmd4T1M4eE1EZ3hORGszT0RrNE1Ua3hPQzgxTWpkWGVEVXlOMGhmYm5Wc2JBfDZlN2IzMmZmMGIxOWJjMzY2NWI2ZmUwYzhjMTliOWU1M2MzNDgwMGEzYmMxN2NhNzM0YzcyZWJmMGYyZjNhNmE&v=1719524375857",
        "images": []
    },
    {
        "product_url": "https://www.heinemann-shop.com/en/global/jimmy-choo/jimmy-choo-women-s-sunglasses/p/000000000001637984/",
        "brand_name": "Jimmy Choo",
        "brand_url": "https://www.heinemann-shop.com/en/global/jimmy-choo/c/BRAND_5145/",
        "product_name": "Jimmy Choo, Women's sunglasses",
        "quantity": "1\u00a0Item",
        "price": "",
        "price_per_quantity": "",
        "stock_availability": "",
        "description": "JC MONOGRAM",
        "primary_image": "https://www.heinemann-shop.com/medias/527Wx527H-null?context=bWFzdGVyfGltYWdlc3wzMDA0OXxpbWFnZS9qcGVnfGFHVXpMMmhtTWk4eE1EVTVOREU0TkRRMk1qTTJOaTgxTWpkWGVEVXlOMGhmYm5Wc2JBfDg4NTNkMTQwNzBlZWU0ZGU0ZGRiMTQ0M2QxOGMxNzk0NWIzYzgyYTUxNmFlOTBiMWQ5MWI0Y2UxZDVkN2ZjNjQ&v=1713972147356",
        "images": []
    },
    {
        "product_url": "https://www.heinemann-shop.com/en/global/jimmy-choo/jimmy-choo-women-s-sunglasses/p/000000000001638013/",
        "brand_name": "Jimmy Choo",
        "brand_url": "https://www.heinemann-shop.com/en/global/jimmy-choo/c/BRAND_5145/",
        "product_name": "JIMMY CHOO, women's sunglasses",
        "quantity": "1\u00a0Item",
        "price": "",
        "price_per_quantity": "",
        "stock_availability": "",
        "description": "CRYSTAL",
        "primary_image": "https://www.heinemann-shop.com/medias/527Wx527H-null?context=bWFzdGVyfGltYWdlc3wyNzU5MXxpbWFnZS9qcGVnfGFEa3hMMmd4Wmk4eE1EVTVNemcwT1Rnek5UVTFNQzgxTWpkWGVEVXlOMGhmYm5Wc2JBfGQ1MDg3YmE3M2Q3NDk5NmVmYWIyN2MwN2MyNGE2YTMyMTRiMTE3NTlhOGExN2U4ZGJmZDM0YTY0MWViMWEwNjA&v=1713958371630",
        "images": []
    },
    {
        "product_url": "https://www.heinemann-shop.com/en/global/jimmy-choo/jimmy-choo-women-s-sunglasses/p/000000000001637987/",
        "brand_name": "Jimmy Choo",
        "brand_url": "https://www.heinemann-shop.com/en/global/jimmy-choo/c/BRAND_5145/",
        "product_name": "JIMMY CHOO, women's sunglasses",
        "quantity": "1\u00a0Item",
        "price": "",
        "price_per_quantity": "",
        "stock_availability": "",
        "description": "CRYSTAL",
        "primary_image": "https://www.heinemann-shop.com/medias/527Wx527H-null?context=bWFzdGVyfGltYWdlc3wyNzM0MHxpbWFnZS9qcGVnfGFHVTBMMmc0TlM4eE1EVTVOREU0TlRVME16Y3hNQzgxTWpkWGVEVXlOMGhmYm5Wc2JBfGNiNzUzMThiMTZmMTFkZmYwZjZiZDNlMGNhNTM1YmEwNTU5M2VhODEwMTNiMzZiYTJkZjExYjhhYmFhNGEwZWI&v=1713972221288",
        "images": []
    },
    {
        "product_url": "https://www.heinemann-shop.com/en/global/jimmy-choo/jimmy-choo-women-s-sunglasses/p/000000000001637982/",
        "brand_name": "Jimmy Choo",
        "brand_url": "https://www.heinemann-shop.com/en/global/jimmy-choo/c/BRAND_5145/",
        "product_name": "Jimmy Choo, Women's sunglasses",
        "quantity": "1\u00a0Item",
        "price": "",
        "price_per_quantity": "",
        "stock_availability": "",
        "description": "PEARL",
        "primary_image": "https://www.heinemann-shop.com/medias/527Wx527H-null?context=bWFzdGVyfGltYWdlc3wyNjQ1MXxpbWFnZS9qcGVnfGFEWXhMMmhtWVM4eE1EVTVOREU0TkRJd01ESXlNaTgxTWpkWGVEVXlOMGhmYm5Wc2JBfGE4ZTQ3NTMwODIxYTY0OWFhZjNlNjAzZmM2OWFlYzg0NzA0NDc3MjRiODlhNjM5ZTE5MzA4NjViMDZhMTZhOGU&v=1713972133364",
        "images": []
    },
    {
        "product_url": "https://www.heinemann-shop.com/en/global/saint-laurent/saint-laurent-women-s-sunglasses/p/000000000001632887/",
        "brand_name": "Saint Laurent",
        "brand_url": "https://www.heinemann-shop.com/en/global/saint-laurent/c/BRAND_3318/",
        "product_name": "Saint Laurent, women's sunglasses",
        "quantity": "",
        "price": "",
        "price_per_quantity": "",
        "stock_availability": "",
        "description": "Brand: Saint Laurent",
        "primary_image": "https://www.heinemann-shop.com/medias/527Wx527H-null?context=bWFzdGVyfGltYWdlc3wyNTA0OHxpbWFnZS9qcGVnfGFESXdMMmhqTUM4eE1EVXlORFEwT0RFMk1UZ3lNaTgxTWpkWGVEVXlOMGhmYm5Wc2JBfGY4NDlhNzExOTc5MDEyZjdlMjQ4YzAzNGQ1NmNkYzQ0OGIwOGUxYzk3NTc2NDAzMTcwNjQyZDQ5NDlkZDBiZjY&v=1712177783235",
        "images": []
    },
    {
        "product_url": "https://www.heinemann-shop.com/en/global/jimmy-choo/jimmy-choo-women-s-sunglasses/p/000000000001637165/",
        "brand_name": "Jimmy Choo",
        "brand_url": "https://www.heinemann-shop.com/en/global/jimmy-choo/c/BRAND_5145/",
        "product_name": "Jimmy Choo, Women's sunglasses",
        "quantity": "1\u00a0Item",
        "price": "",
        "price_per_quantity": "",
        "stock_availability": "",
        "description": "DIAMOND",
        "primary_image": "https://www.heinemann-shop.com/medias/527Wx527H-null?context=bWFzdGVyfGltYWdlc3wyNDg5MXxpbWFnZS9qcGVnfGFEQm1MMmd3TVM4eE1EVTVNemcxTWpVNE9EQTJNaTgxTWpkWGVEVXlOMGhmYm5Wc2JBfDBjODgxMTAxZGFjOGZmM2ZlMDdiM2Y2MTZjMmQ5ZmVhZjRmN2YzODM2MmRmMzFmNTNjNjZiZTk3NjgwYmM0ZTM&v=1713958499591",
        "images": []
    },
    {
        "product_url": "https://www.heinemann-shop.com/en/global/montblanc/montblanc-men-s-sunglasses/p/000000000001632876/",
        "brand_name": "Montblanc",
        "brand_url": "https://www.heinemann-shop.com/en/global/montblanc/c/BRAND_1507/",
        "product_name": "Montblanc, men's sunglasses",
        "quantity": "\n        ",
        "price": "\u20ac325.90",
        "price_per_quantity": "",
        "stock_availability": "Low stock",
        "description": "",
        "primary_image": "https://www.heinemann-shop.com/medias/527Wx527H-null?context=bWFzdGVyfGltYWdlc3wyMzU3N3xpbWFnZS9qcGVnfGFESTFMMmhsWWk4eE1EVXlORFEwTkRBd01ESTROaTgxTWpkWGVEVXlOMGhmYm5Wc2JBfDQ0YmM5MmVlZTgxMGRhZWZkYWQyZDBhYTE3M2JjOTM3MDRlYWVjN2VhYjkyMDk0YThjZjVjZTRmMThiODlmMTk&v=1712177601377",
        "images": []
    },
    {
        "product_url": "https://www.heinemann-shop.com/en/global/montblanc/montblanc-men-s-sunglasses/p/000000000001632878/",
        "brand_name": "Montblanc",
        "brand_url": "https://www.heinemann-shop.com/en/global/montblanc/c/BRAND_1507/",
        "product_name": "Montblanc, men's sunglasses",
        "quantity": "\n        ",
        "price": "\u20ac349.90",
        "price_per_quantity": "",
        "stock_availability": "Low stock",
        "description": "",
        "primary_image": "https://www.heinemann-shop.com/medias/527Wx527H-null?context=bWFzdGVyfGltYWdlc3wyMjk0MnxpbWFnZS9qcGVnfGFEaGhMMmhqWWk4eE1EVXlORFEwTkRrNE16TXlOaTgxTWpkWGVEVXlOMGhmYm5Wc2JBfGYzYmRhNmEzZWI2MmZkYmRhZGQ5MDAxZmYyZmJlNmQ1OGFkMDk5YTY2ZTk2ZjZmYzIzNmRhZTMzMDYyNTAyMzc&v=1712177642592",
        "images": []
    },
    {
        "product_url": "https://www.heinemann-shop.com/en/global/jimmy-choo/jimmy-choo-women-s-sunglasses/p/000000000001637985/",
        "brand_name": "Jimmy Choo",
        "brand_url": "https://www.heinemann-shop.com/en/global/jimmy-choo/c/BRAND_5145/",
        "product_name": "Jimmy Choo, Women's sunglasses",
        "quantity": "1\u00a0Item",
        "price": "",
        "price_per_quantity": "",
        "stock_availability": "",
        "description": "DIAMOND",
        "primary_image": "https://www.heinemann-shop.com/medias/527Wx527H-null?context=bWFzdGVyfGltYWdlc3wzMDY1NHxpbWFnZS9qcGVnfGFERTFMMmhsT1M4eE1EVTVOREU0TkRjeU5EVXhNQzgxTWpkWGVEVXlOMGhmYm5Wc2JBfGVkODYxODFhOTI0MWJkNTAzODc2MmY2MzQwYTcyNWM2OGNhNTQ5ZTRlZWQ2MWI1ZjU3ODhiY2UzZjliZmU3YjA&v=1713972160488",
        "images": []
    },
    {
        "product_url": "https://www.heinemann-shop.com/en/global/montblanc/montblanc-men-s-sunglasses/p/000000000001632877/",
        "brand_name": "Montblanc",
        "brand_url": "https://www.heinemann-shop.com/en/global/montblanc/c/BRAND_1507/",
        "product_name": "Montblanc, men's sunglasses",
        "quantity": "\n        ",
        "price": "\u20ac299.90",
        "price_per_quantity": "",
        "stock_availability": "Low stock",
        "description": "",
        "primary_image": "https://www.heinemann-shop.com/medias/527Wx527H-null?context=bWFzdGVyfGltYWdlc3wyNTc2N3xpbWFnZS9qcGVnfGFEZ3dMMmhrWXk4eE1EVXlORFEwTkRRNU1UZ3dOaTgxTWpkWGVEVXlOMGhmYm5Wc2JBfDFjMGVkZTgzM2ZmNTZjZWQ5YjU5MGFiZDdkZDdmYzdiNGEzMDVjOWYxMDNiOGRhMmVjMThmMTRkYmYxZjY4ODk&v=1712177622266",
        "images": []
    },
    {
        "product_url": "https://www.heinemann-shop.com/en/global/ty/ty-disney-stitch-plush/p/000000000001631411/",
        "brand_name": "Ty",
        "brand_url": "https://www.heinemann-shop.com/en/global/ty/c/BRAND_8275/",
        "product_name": "Ty, Disney, stitch, plush",
        "quantity": "",
        "price": "",
        "price_per_quantity": "",
        "stock_availability": "",
        "description": "Stitch is a Disney Character . Stitch is super soft and has big ears. 15 cm.",
        "primary_image": "https://www.heinemann-shop.com/medias/527Wx527H-null?context=bWFzdGVyfGltYWdlc3w1NzQ0NXxpbWFnZS9qcGVnfGFEWTJMMmcwWWk4eE1EWTBOakU1TlRFd09Ua3hPQzgxTWpkWGVEVXlOMGhmYm5Wc2JBfDNjM2NmYmFiZDA2MzA1ODM0NjAxMmEwMzNhNTA1MzEzMDcwZjZhZGI3ZTgyN2U3NGUzMmEwOTBlMjgxNjg5NWQ&v=1715332515699",
        "images": []
    },
    {
        "product_url": "https://www.heinemann-shop.com/en/global/ty/ty-beanie-boos-george-pig/p/000000000001148474/",
        "brand_name": "Ty",
        "brand_url": "https://www.heinemann-shop.com/en/global/ty/c/BRAND_8275/",
        "product_name": "Ty, Beanie Boos, george pig",
        "quantity": "\n        ",
        "price": "\u20ac11.90",
        "price_per_quantity": "",
        "stock_availability": "Low stock",
        "description": "Beanie Boo's are the best selling and most popular plush brand. Many different designs of the coveted collectors objects with the well-known glitter eyes are available.",
        "primary_image": "https://www.heinemann-shop.com/medias/527Wx527H-null?context=bWFzdGVyfGltYWdlc3w1MTMyNnxpbWFnZS9qcGVnfGFESmpMMmhqT0M4NU56Y3pNekk1TmpRMU5UazRMelV5TjFkNE5USTNTRjl1ZFd4c3xiNjViZTYxMzM0NmYzZjg3YmIyMTc2NjU5YzRjODE5ZTAxZjdlODc1N2EwY2E3ZTIzNmVlOGNmNDRkMTE2MWEw&v=1686374127003",
        "images": []
    },
    {
        "product_url": "https://www.heinemann-shop.com/en/global/steiff/steiff-soft-cuddly-friends-hoppie-rabbit/p/000000000001415089/",
        "brand_name": "Steiff",
        "brand_url": "https://www.heinemann-shop.com/en/global/steiff/c/BRAND_0528/",
        "product_name": "Steiff, soft cuddly friends hoppie rabbit",
        "quantity": "\n        ",
        "price": "\u20ac34.90",
        "price_per_quantity": "",
        "stock_availability": "Low stock",
        "description": "Children's eyes light up when Soft Cuddly Friends Hoppie rabbit comes hopping. The rabbit has a height of 28 cm, and her cute pink nose and super long ears make her the perfect affectionate companion for young and old alike. The bean bags included at her seat, paws and soles ensure good support and are ideal for gripping and feeling. The soft and dense cuddly toy in tender light grey lends itself to snuggling and caressing.",
        "primary_image": "https://www.heinemann-shop.com/medias/527Wx527H-null?context=bWFzdGVyfGltYWdlc3w0NTExNHxpbWFnZS9qcGVnfGFHRmlMMmhsTnk4eE1EVTJPVFl6TkRrM01UWTNPQzgxTWpkWGVEVXlOMGhmYm5Wc2JBfDU5Y2ZiZmJjMDA4MDhlMjE5OWY0ODZhZWQ0MjUyNjhiMzFjMWQyOGI4ODY3ZDUzZDYxN2Q1MjQxNGRhODEwMTc&v=1713310447765",
        "images": []
    },
    {
        "product_url": "https://www.heinemann-shop.com/en/global/steiff/steiff-plush-rabbit-scf/p/000000000001336496/",
        "brand_name": "Steiff",
        "brand_url": "https://www.heinemann-shop.com/en/global/steiff/c/BRAND_0528/",
        "product_name": "Steiff, plush rabbit SCF",
        "quantity": "",
        "price": "\u20ac45.90",
        "price_per_quantity": "",
        "stock_availability": "",
        "description": "Soft Cuddly Friends Hoppie rabbit made of cuddly soft plush, light grey, machine washable at 30\u00b0 C, 38 cm, item no. 080487 with CE mark.",
        "primary_image": "https://www.heinemann-shop.com/medias/527Wx527H-null?context=bWFzdGVyfGltYWdlc3w0MDc0NXxpbWFnZS9qcGVnfGFEZ3pMMmhqTmk4eE1EVTJPVFl6TlRJMk5qVTVNQzgxTWpkWGVEVXlOMGhmYm5Wc2JBfGYxNTc4NWRkZjAzNmE5OTU4OWQ0YTI4YjcwYjM3YWE2YmYxOTkwYzRiOWFjNjg2MjgzNzBjYzMyNTJhYmVhZTY&v=1713310476455",
        "images": []
    },
    {
        "product_url": "https://www.heinemann-shop.com/en/global/ty/ty-beanie-bellies-15cm-stubby-monkey/p/000000000001623058/",
        "brand_name": "Ty",
        "brand_url": "https://www.heinemann-shop.com/en/global/ty/c/BRAND_8275/",
        "product_name": "Ty, Beanie Bellies 15cm, stubby monkey",
        "quantity": "",
        "price": "\u20ac8.90",
        "price_per_quantity": "",
        "stock_availability": "",
        "description": "Part of Ty's very popular Ty Beanie Babies range. A collectable plush toy made from colorful plush material and with a high tactile feel. Suitable from birth.",
        "primary_image": "https://www.heinemann-shop.com/medias/527Wx527H-null?context=bWFzdGVyfGltYWdlc3w1MjI1NnxpbWFnZS9qcGVnfGFERmxMMmhoWXk4eE1USXlNelkzT0RVeE56STNPQzgxTWpkWGVEVXlOMGhmYm5Wc2JBfDBjMGFhYmU5YmEzMjhjY2VlZGM0ZmZlMmIwMGNmMDA3ZjA2MWMxMTNjZjlhOGM5YjBkNmM0NzA3YTI3NmYzNWM&v=1728074520177",
        "images": []
    },
    {
        "product_url": "https://www.heinemann-shop.com/en/global/wwf/wwf-eco-panda-15cm/p/000000000001619313/",
        "brand_name": "WWF",
        "brand_url": "https://www.heinemann-shop.com/en/global/wwf/c/BRAND_2595/",
        "product_name": "WWF eco panda 15cm",
        "quantity": "\n        ",
        "price": "\u20ac23.90",
        "price_per_quantity": "",
        "stock_availability": "Low stock",
        "description": "The panda bear has a status of being one of the most iconic endangered species. They live in China, Eastern Asia, but only in very very small numbers. All caused by the destructions of its habitat. This beautiful plush panda is completely made of 100% recycled PET. Better for our planet and better for the pandas! For every WWF plush sold, a donation is made to your local WWF organisation.",
        "primary_image": "https://www.heinemann-shop.com/medias/527Wx527H-null?context=bWFzdGVyfGltYWdlc3w0ODA5OHxpbWFnZS9qcGVnfGFHRTNMMmc0TkM4eE1ESTBOalUxTURreE16QTFOQzgxTWpkWGVEVXlOMGhmYm5Wc2JBfGM4NzllY2VlMjZlYzE2MTE1YmEwZmEzNmQwMTNiMzVmZjM2YzZkNzZkZTVjZDQ4NzA0N2FiZGIzZDI1NzE5ZGQ&v=1705966052348",
        "images": []
    },
    {
        "product_url": "https://www.heinemann-shop.com/en/global/ty/ty-squish-a-boo-20cm-harry-potter-hermoine-granger/p/000000000001623054/",
        "brand_name": "Ty",
        "brand_url": "https://www.heinemann-shop.com/en/global/ty/c/BRAND_8275/",
        "product_name": "Ty, Squish A Boo 20Cm Harry Potter, hermoine granger",
        "quantity": "",
        "price": "",
        "price_per_quantity": "",
        "stock_availability": "",
        "description": "Part of the brand new Squish-Aboo Heron. One of the extremely popular Harry Potter series - an instantly recognizable TV and movie character. A collectible plush toy made of colorful plush and with a high tactile feel. Suitable from birth.",
        "primary_image": "https://www.heinemann-shop.com/medias/527Wx527H-null?context=bWFzdGVyfGltYWdlc3w2NTMyMnxpbWFnZS9qcGVnfGFHUmlMMmd6WlM4eE1Ea3lNVGswTVRjNU5EZzBOaTgxTWpkWGVEVXlOMGhmYm5Wc2JBfGQyY2U2NzZlMmQ5NzI5NDRjNmRlMTU3NDJmYWYwNDY5YjA4ZWI2ZDY5NWZiZGYwOWFhNmE1NDZkYjVjNmE0MDk&v=1721937987835",
        "images": []
    },
    {
        "product_url": "https://www.heinemann-shop.com/en/global/ty/ty-giggles-cat-in-egg/p/000000000001681449/",
        "brand_name": "Ty",
        "brand_url": "https://www.heinemann-shop.com/en/global/ty/c/BRAND_8275/",
        "product_name": "TY, giggles cat in egg",
        "quantity": "",
        "price": "\u20ac9.90",
        "price_per_quantity": "",
        "stock_availability": "",
        "description": "Part of the hugely popular Ty Beanie Boo range. Plush fabric, highly tactile, brightly coloured, collectable soft toy.",
        "primary_image": "https://www.heinemann-shop.com/medias/527Wx527H-null?context=bWFzdGVyfGltYWdlc3w1OTAwNnxpbWFnZS9qcGVnfGFHVmpMMmhoTnk4eE1UWTJNamM1TWpnMU1UUTROaTgxTWpkWGVEVXlOMGhmYm5Wc2JBfGY2M2RiYzQ5ZjdmNjVjYzBiODdkNTg0OGYwODZiOTQ0NDQ2ZjVlNzZmNjEyMDY0NzkxYTUyMzYwOTU2MDdiYjE&v=1737410614978",
        "images": []
    },
    {
        "product_url": "https://www.heinemann-shop.com/en/global/montblanc/montblanc-rimless-men-s-sunglasses/p/000000000001542542/",
        "brand_name": "Montblanc",
        "brand_url": "https://www.heinemann-shop.com/en/global/montblanc/c/BRAND_1507/",
        "product_name": "Montblanc, Rimless, men's sunglasses",
        "quantity": "\n        ",
        "price": "\u20ac349.90",
        "price_per_quantity": "",
        "stock_availability": "Low stock",
        "description": "Brand: Montblanc",
        "primary_image": "https://www.heinemann-shop.com/medias/527Wx527H-null?context=bWFzdGVyfGltYWdlc3wxODQxMnxpbWFnZS9qcGVnfGFEUTJMMmczTlM4eE1EVXlNall3T1RRNE16Z3dOaTgxTWpkWGVEVXlOMGhmYm5Wc2JBfGM5MGMyYWE5ZjE4MDI1ZjVjODdjZTQ2M2RlMzI1ZTQyMTlmY2QzZjJmZjFmN2U5ZDhjZTA1MjgxYTE1NzI2NGQ&v=1712139350842",
        "images": []
    },
    {
        "product_url": "https://www.heinemann-shop.com/en/global/ty/ty-squish-a-boo-25cm-star-wars-darth-vader/p/000000000001587388/",
        "brand_name": "Ty",
        "brand_url": "https://www.heinemann-shop.com/en/global/ty/c/BRAND_8275/",
        "product_name": "Ty, Squish A Boo 25Cm Star Wars, darth vader",
        "quantity": "",
        "price": "\u20ac11.90",
        "price_per_quantity": "",
        "stock_availability": "",
        "description": "Part of the brand new Squish-Aboo Heron. One of the extremely popular Star Wars series - an instantly recognizable TV and movie character. A collectible plush toy made of colorful plush and with a high tactile feel. Suitable from birth.",
        "primary_image": "https://www.heinemann-shop.com/medias/527Wx527H-null?context=bWFzdGVyfGltYWdlc3w0OTA1M3xpbWFnZS9qcGVnfGFETTJMMmhtTVM4NU9EUXhOVFF6TWpRNU9UVXdMelV5TjFkNE5USTNTRjl1ZFd4c3w0OTcxZTY3NTRlNjI4ZTFhMGFlMzg4NWYzZTU0NTYzNDg1MWRhYWY1YWVlMjBjY2U3OGZmNWJkNjhkZGEzMjZm&v=1695243931900",
        "images": []
    },
    {
        "product_url": "https://www.heinemann-shop.com/en/global/ty/ty-squish-a-boo-20cm-turtle-shruggie/p/000000000001598372/",
        "brand_name": "Ty",
        "brand_url": "https://www.heinemann-shop.com/en/global/ty/c/BRAND_8275/",
        "product_name": "Ty, Squish A Boo 20cm, turtle shruggie",
        "quantity": "",
        "price": "\u20ac8.90",
        "price_per_quantity": "",
        "stock_availability": "",
        "description": "Part of the brand new Squish-Aboo Heron. One of the extremely popular Star Wars series - an instantly recognizable TV and movie character. A collectible plush toy made of colorful plush and with a high tactile feel. Suitable from birth.",
        "primary_image": "https://www.heinemann-shop.com/medias/527Wx527H-null?context=bWFzdGVyfGltYWdlc3w1NjYzOXxpbWFnZS9qcGVnfGFEZGxMMmhtTVM4eE1EQTRNekk0T1RjMU9UYzNOQzgxTWpkWGVEVXlOMGhmYm5Wc2JBfDkxYTM1Yzk5NzEzYTIwYTE0YzE5YjAxZDRlZWUxNDI4ZWJkYTdkMmMyYjYyYjVmMjJmZTZlMjI0Y2EwYjllZDY&v=1701811194085",
        "images": []
    },
    {
        "product_url": "https://www.heinemann-shop.com/en/global/silhouette/silhouette-tma-the-icon-men-s-sunglasses/p/000000000001634786/",
        "brand_name": "Silhouette",
        "brand_url": "https://www.heinemann-shop.com/en/global/silhouette/c/BRAND_2352/",
        "product_name": "Silhouette, Tma The Icon, men's sunglasses",
        "quantity": "",
        "price": "\u20ac265.90",
        "price_per_quantity": "",
        "stock_availability": "",
        "description": "Icons are born when revolutionary new ideas are created. But only gentle and evolutionary advancement finally transforms them into real design classics and style icons.",
        "primary_image": "https://www.heinemann-shop.com/medias/527Wx527H-null?context=bWFzdGVyfGltYWdlc3wyOTQyNHxpbWFnZS9qcGVnfGFESXhMMmhoTmk4eE1EVXlNREU1TnpZeU56a3pOQzgxTWpkWGVEVXlOMGhmYm5Wc2JBfDJhNTQzMGQ2MmI4MmZhMDdkZWIyMmFhNmQ3Njg1NjI2YjNiMGQ1MmI1OGY3OTViNWY0MGNmMGFmZDNhMjNiZTc&v=1712089870826",
        "images": []
    },
    {
        "product_url": "https://www.heinemann-shop.com/en/global/gucci/gucci-men-s-sunglasses/p/000000000001627142/",
        "brand_name": "Gucci",
        "brand_url": "https://www.heinemann-shop.com/en/global/gucci/c/BRAND_2020/",
        "product_name": "Gucci, men's sunglasses",
        "quantity": "",
        "price": "",
        "price_per_quantity": "",
        "stock_availability": "",
        "description": "Inspired by the vintage archive, the new Running web concept presents an enameled metal insert placed in the middle of the temple. Pylot double bridge acetate shape. Gucci lettering logo lasered on the temple. Masculine dark color palette paired with solid lenses.",
        "primary_image": "https://www.heinemann-shop.com/medias/527Wx527H-null?context=bWFzdGVyfGltYWdlc3wyNDg0OHxpbWFnZS9qcGVnfGFHRmlMMmd4Tnk4eE1UY3pNRGN3TWpjMk1qQXhOQzgxTWpkWGVEVXlOMGhmYm5Wc2JBfGY2ZTQ3NGM4MThhMzEwYjFjMWYzMzAxY2E4OGU1YWUwMmQ5ZTI2YjVmOTYwMGE2MzM4MjkyZTFkYTMxMjU2MjA&v=1738792054167",
        "images": []
    },
    {
        "product_url": "https://www.heinemann-shop.com/en/global/givenchy/givenchy-women-s-sunglasses/p/000000000001660251/",
        "brand_name": "Givenchy",
        "brand_url": "https://www.heinemann-shop.com/en/global/givenchy/c/BRAND_3921/",
        "product_name": "Givenchy, women's sunglasses",
        "quantity": "\n        ",
        "price": "\u20ac289.90",
        "price_per_quantity": "",
        "stock_availability": "Low stock",
        "description": "Givenchy women 4G sunglasses dark havana / brown",
        "primary_image": "https://www.heinemann-shop.com/medias/527Wx527H-null?context=bWFzdGVyfGltYWdlc3wyNzQ3MnxpbWFnZS9qcGVnfGFETm1MMmc1TXk4eE1USXhOVGN6TURRME1qSTNNQzgxTWpkWGVEVXlOMGhmYm5Wc2JBfGQ0ZDg1MWQ4YzA0NzM5ZDQ4NDIzODgwNGYzOTAwOTg5ZDliZGU4MTdkOTVmZWU5ZTlkZWI3MTMxNTIwYzZiMGE&v=1727905033285",
        "images": []
    },
    {
        "product_url": "https://www.heinemann-shop.com/en/global/prada/prada-men-s-sunglasses/p/000000000001637129/",
        "brand_name": "Prada",
        "brand_url": "https://www.heinemann-shop.com/en/global/prada/c/BRAND_2803/",
        "product_name": "PRADA, men's sunglasses",
        "quantity": "1\u00a0Item",
        "price": "\u20ac325.90",
        "price_per_quantity": "",
        "stock_availability": "Low stock",
        "description": "HERITAGE",
        "primary_image": "https://www.heinemann-shop.com/medias/527Wx527H-null?context=bWFzdGVyfGltYWdlc3wyNzQzNHxpbWFnZS9qcGVnfGFHTTNMMmc1TkM4eE1USXhOVGN4TmpNMU1qQXpNQzgxTWpkWGVEVXlOMGhmYm5Wc2JBfDUyMGI3YTRiYWE3ZTg2ZDFmODIxODI2YmY1NzU1MTZlMGY2MzJhMGNhNGQzMmYxYjA3ZDMzY2NiMTJiMjA3ZmM&v=1727904573486",
        "images": []
    },
    {
        "product_url": "https://www.heinemann-shop.com/en/global/swarovski/swarovski-women-s-sunglasses/p/000000000001630750/",
        "brand_name": "Swarovski",
        "brand_url": "https://www.heinemann-shop.com/en/global/swarovski/c/BRAND_1629/",
        "product_name": "Swarovski, Women's sunglasses",
        "quantity": "1\u00a0Item",
        "price": "\u20ac157.90",
        "price_per_quantity": "",
        "stock_availability": "Low stock",
        "description": "",
        "primary_image": "https://www.heinemann-shop.com/medias/527Wx527H-null?context=bWFzdGVyfGltYWdlc3wyNzc5MHxpbWFnZS9qcGVnfGFHSTFMMmhpTmk4eE1USXhOVGN4T1RjNU1qWTNNQzgxTWpkWGVEVXlOMGhmYm5Wc2JBfDlkYTdkYWQ0MDJlMmU4NTMyYWU2MTQ2OTA1MjVhZDYxODkwNjEzYWZmYWEzODE5MGU1ZWUwNWQ1NDU0NDgwY2I&v=1727904690379",
        "images": []
    },
    {
        "product_url": "https://www.heinemann-shop.com/en/global/polaroid/polaroid-geschlecht-sunglasses/p/000000000001619198/",
        "brand_name": "Polaroid",
        "brand_url": "https://www.heinemann-shop.com/en/global/polaroid/c/BRAND_1757/",
        "product_name": "POLAROID GESCHLECHT!!! sunglasses",
        "quantity": "",
        "price": "",
        "price_per_quantity": "",
        "stock_availability": "",
        "description": "",
        "primary_image": "https://www.heinemann-shop.com/medias/527Wx527H-null?context=bWFzdGVyfGltYWdlc3wyNjI1N3xpbWFnZS9qcGVnfGFEVXdMMmhrTXk4eE1UQTNNRGc1TXpVNE9EVXhNQzgxTWpkWGVEVXlOMGhmYm5Wc2JBfDA5ZmZjYzMzZDQ1MWFhNzQ5ZjExYjJjNjQ0YjI3YThkNDk2NDk5OTE0N2Q5ZmI0NDAwNmMwNDFjYTY2YzA4NzE&v=1724888399806",
        "images": []
    },
    {
        "product_url": "https://www.heinemann-shop.com/en/global/givenchy/givenchy-women-s-sunglasses/p/000000000001591027/",
        "brand_name": "Givenchy",
        "brand_url": "https://www.heinemann-shop.com/en/global/givenchy/c/BRAND_3921/",
        "product_name": "Givenchy, women's sunglasses",
        "quantity": "\n        ",
        "price": "\u20ac189.90",
        "price_per_quantity": "",
        "stock_availability": "Low stock",
        "description": "",
        "primary_image": "https://www.heinemann-shop.com/medias/527Wx527H-null?context=bWFzdGVyfGltYWdlc3wyNTI2OHxpbWFnZS9qcGVnfGFERm1MMmd6Wmk4eE1USXhOVFk0TWpBeE1URTJOaTgxTWpkWGVEVXlOMGhmYm5Wc2JBfDRmNzcxYzIzYjlmYzg0ZGI4OGQ0ZTc1YzQ3Mjc0NWUzYzMxZDBhMTZiZTQ4MmIyNDgyOTEyMjgzNjE2NTBkZjE&v=1727904521431",
        "images": []
    },
    {
        "product_url": "https://www.heinemann-shop.com/en/global/givenchy/givenchy-women-s-sunglasses/p/000000000001591026/",
        "brand_name": "Givenchy",
        "brand_url": "https://www.heinemann-shop.com/en/global/givenchy/c/BRAND_3921/",
        "product_name": "Givenchy, women's sunglasses",
        "quantity": "\n        ",
        "price": "\u20ac189.90",
        "price_per_quantity": "",
        "stock_availability": "Low stock",
        "description": "",
        "primary_image": "https://www.heinemann-shop.com/medias/527Wx527H-null?context=bWFzdGVyfGltYWdlc3wyNTIzM3xpbWFnZS9qcGVnfGFEUTFMMmczT0M4eE1USXhOVFk0TURnNU56QTFOQzgxTWpkWGVEVXlOMGhmYm5Wc2JBfGY5NmU4NmIyZTZmNDU5N2NmMDNmNTEwODczN2Y1ZDg2MmE2Yjk5OTk0MTBhMGIzYzhjZDAxNzdmYjc0YmQ2MjY&v=1727904486748",
        "images": []
    },
    {
        "product_url": "https://www.heinemann-shop.com/en/global/steiff/steiff-soft-cuddly-friends-jimmy-teddy-bear/p/000000000001415084/",
        "brand_name": "Steiff",
        "brand_url": "https://www.heinemann-shop.com/en/global/steiff/c/BRAND_0528/",
        "product_name": "Steiff, soft cuddly friends jimmy teddy bear",
        "quantity": "\n        ",
        "price": "\u20ac45.90",
        "price_per_quantity": "",
        "stock_availability": "Low stock",
        "description": "Jimmy Teddy bear measures 40 cm and its smiling face is great to put the smile back on a child's face when comforting and snuggling are needed. The wavy and beautifully soft plush fabric is light brown. The cute black nose and smiling mouth are embroidered in black stitching. A bean bag is sewn into its bottom to provide support. There are also bean bags in the arms and legs.",
        "primary_image": "https://www.heinemann-shop.com/medias/527Wx527H-null?context=bWFzdGVyfGltYWdlc3w1OTk3MHxpbWFnZS9qcGVnfGFEY3lMMmhrWkM4eE1EVTJPVFl6TkRZM05qYzJOaTgxTWpkWGVEVXlOMGhmYm5Wc2JBfDJmMTljMmU0MjEzMTVmNjA3YzAxMjA5ODFiMTdjZDMxYmRiMDM1MzQ3MTc5ODAwMjBkZmE1NmRkYTY5M2E5MTY&v=1713310416305",
        "images": []
    },
    {
        "product_url": "https://www.heinemann-shop.com/en/global/ty/ty-marvel-squish-a-boo-medium-spiderman-squish-25cm/p/000000000001556251/",
        "brand_name": "Ty",
        "brand_url": "https://www.heinemann-shop.com/en/global/ty/c/BRAND_8275/",
        "product_name": "TY, Marvel Squish A Boo Medium, SPIDERMAN - squish 25cm",
        "quantity": "\n        ",
        "price": "\u20ac11.90",
        "price_per_quantity": "",
        "stock_availability": "Low stock",
        "description": "Part of Ty's hugely popular Marvel range - an instantly recognisable television & movie character. Plush fabric, highly tactile, brightly coloured, collectable soft toy.",
        "primary_image": "https://www.heinemann-shop.com/medias/527Wx527H-null?context=bWFzdGVyfGltYWdlc3w0OTU3OHxpbWFnZS9qcGVnfGFESTVMMmd6WVM4eE1UTXhNVEU1TnpFeU5qWTROaTgxTWpkWGVEVXlOMGhmYm5Wc2JBfGUyZjA1MDI0NzMzMDgzZjM4M2YyNDU2MzRhNDIwODAzZjMwMjY3ZDM0YTAzYzVhYmI1MmJmMjYyNzYwYWY1YTE&v=1729801905305",
        "images": []
    },
    {
        "product_url": "https://www.heinemann-shop.com/en/global/aurora/aurora-shaun-the-sheep-shirley-23cm/p/000000000001572636/",
        "brand_name": "Aurora",
        "brand_url": "https://www.heinemann-shop.com/en/global/aurora/c/BRAND_3975/",
        "product_name": "Aurora, Shaun The Sheep, shirley 23cm",
        "quantity": "\n        ",
        "price": "\u20ac24.90",
        "price_per_quantity": "",
        "stock_availability": "Low stock",
        "description": "Shirley is a faithful member of Shaun the Sheeps flock and by the far the largest sheep with a big appetite !",
        "primary_image": "https://www.heinemann-shop.com/medias/527Wx527H-null?context=bWFzdGVyfGltYWdlc3w0NjcyNnxpbWFnZS9qcGVnfGFEUXhMMmcwWWk4eE1ESTFPREEzTURreU9UUXpPQzgxTWpkWGVEVXlOMGhmYm5Wc2JBfGNjN2RmNmNjYTA1MTgwOWM2MzAxYWFlY2E5YzM1NjY4ZTY5NzBjZmI0MGZlYWRjM2QwM2Q0MjIyMjlmZDRhYmE&v=1706221382972",
        "images": []
    },
    {
        "product_url": "https://www.heinemann-shop.com/en/global/aurora/aurora-sparkle-tales-dahlia-pk-dragon/p/000000000001390870/",
        "brand_name": "Aurora",
        "brand_url": "https://www.heinemann-shop.com/en/global/aurora/c/BRAND_3975/",
        "product_name": "Aurora, sparkle tales dahlia pk dragon",
        "quantity": "\n        ",
        "price": "\u20ac24.90",
        "price_per_quantity": "",
        "stock_availability": "Low stock",
        "description": "Enter the magical world of the \"Sparkle Tales Kingdom\" and meet \"Dhalia\" the wymsical pink dragon at 30cm. \"Dhalia \" has glittery purple wings and matching mane. \"Dhalia\" is made from very soft velour plush material.",
        "primary_image": "https://www.heinemann-shop.com/medias/527Wx527H-null?context=bWFzdGVyfGltYWdlc3w1MTYwNnxpbWFnZS9qcGVnfGFESTFMMmhrTmk4NU9UZzNOVEl5T1RVek1qUTJMelV5TjFkNE5USTNTRjl1ZFd4c3xiYmFlZWE2ZDA4YTM2NDA3NDU4NzE1NDQwNGZhMWI0MDlmZGNhNTkxYjM2MzliZWI5MDcwZmRiZTJlYmEwMGZj&v=1699566516385",
        "images": []
    },
    {
        "product_url": "https://www.heinemann-shop.com/en/global/ty/ty-beanie-boo-15cm-elefant-eva/p/000000000001501528/",
        "brand_name": "Ty",
        "brand_url": "https://www.heinemann-shop.com/en/global/ty/c/BRAND_8275/",
        "product_name": "Ty, Beanie Boo 15Cm, elefant eva",
        "quantity": "",
        "price": "\u20ac8.90",
        "price_per_quantity": "",
        "stock_availability": "",
        "description": "Beanie Boo's are the best selling and most popular plush brand. Many different designs of the coveted collectors objects with the well-known glitter eyes are available.",
        "primary_image": "https://www.heinemann-shop.com/medias/527Wx527H-null?context=bWFzdGVyfGltYWdlc3w1NDc1NXxpbWFnZS9qcGVnfGFHRTVMMmd5TXk4NU9EQTVNekE0T0RFeE1qazBMelV5TjFkNE5USTNTRjl1ZFd4c3xlNzc2ZGJjMjVmMDA3NWYzYjYxZTQ3OTE4NTRmYTk2ZGQzMjI5YzUzYTQ5OTU2ZDM4YzUwNWFhNjcxZjZkYzM1&v=1692907808344",
        "images": []
    },
    {
        "product_url": "https://www.heinemann-shop.com/en/global/ty/ty-beanie-boos-regular-6in-nina-white-ballerina-mouse-reg/p/000000000001494503/",
        "brand_name": "Ty",
        "brand_url": "https://www.heinemann-shop.com/en/global/ty/c/BRAND_8275/",
        "product_name": "TY, Beanie Boos Regular 6in, NINA - white ballerina mouse reg",
        "quantity": "\n        ",
        "price": "\u20ac8.90",
        "price_per_quantity": "",
        "stock_availability": "Low stock",
        "description": "Beanie Boo's are the best selling and most popular plush brand. Many different designs of the coveted collectors objects with the well-known glitter eyes are available.",
        "primary_image": "https://www.heinemann-shop.com/medias/527Wx527H-null?context=bWFzdGVyfGltYWdlc3w1NDI3MnxpbWFnZS9qcGVnfGFHWXlMMmhpTUM4NU56YzJOakl4TnpneE1ESXlMelV5TjFkNE5USTNTRjl1ZFd4c3xmM2EzZGJkNTQ2ZDU1M2UyMmRkYjg4YTU5ODdhN2E4MjdjYTU0ZTZlNzAxYWQxZjI4MGRiMGFlZDgzMzM4YmI1&v=1687380611184",
        "images": []
    },
    {
        "product_url": "https://www.heinemann-shop.com/en/global/wwf/wwf-plush-toys-collection-wwf-eco-octopus-50-cm-20/p/000000000001619310/",
        "brand_name": "WWF",
        "brand_url": "https://www.heinemann-shop.com/en/global/wwf/c/BRAND_2595/",
        "product_name": "WWF Plush Toys Collection, wwf eco octopus - 50 cm - 20\"",
        "quantity": "\n        ",
        "price": "\u20ac39.90",
        "price_per_quantity": "",
        "stock_availability": "Low stock",
        "description": "IBTT has developed a plush collection that embraces the values of WWF and donates 12% to your local WWF of every plush item sold. WWF has been protecting the future of nature for more than 50 years. Passionate, optimistic, credible and inspiring , that\u2019s what the WWF Plush Collection stands for. We are very proud to contribute to its mission by producing WWF branded soft toys .",
        "primary_image": "https://www.heinemann-shop.com/medias/527Wx527H-null?context=bWFzdGVyfGltYWdlc3wzNTYyOXxpbWFnZS9qcGVnfGFHWXdMMmd3WVM4eE1UWTVPVFE0T1RNd09EY3dNaTgxTWpkWGVEVXlOMGhmYm5Wc2JBfDBjNTZhNmUxMzBkZTk3MmFjMjg0NmEzNWY0ZWRhMGM2NDA1ZTAxYTA1N2IyOTQxZTA3NGYxMzZmMzYzNjQ4MmI&v=1738185501088",
        "images": []
    },
    {
        "product_url": "https://www.heinemann-shop.com/en/global/wwf/wwf-plush-toys-kids-plush-european-otter/p/000000000001502875/",
        "brand_name": "WWF",
        "brand_url": "https://www.heinemann-shop.com/en/global/wwf/c/BRAND_2595/",
        "product_name": "WWF Plush Toys, kids' Plush European Otter",
        "quantity": "",
        "price": "\u20ac26.90",
        "price_per_quantity": "",
        "stock_availability": "",
        "description": "IBTT has developed a plush collection that embraces the values of WWF and donates 12% to your local WWF of every plush item sold. WWF has been protecting the future of nature for more than 50 years. Passionate, optimistic, credible and inspiring , that\u2019s what the WWF Plush Collection stands for. We are very proud to contribute to its mission by producing WWF branded soft toys .",
        "primary_image": "https://www.heinemann-shop.com/medias/1502875-527Wx527H?context=bWFzdGVyfGltYWdlc3wyNDM0NXxpbWFnZS9qcGVnfGFEZzFMMmcwTVM4NU5qazFPVFV6TkRVek1EZzJMekUxTURJNE56VmZOVEkzVjNnMU1qZEl8ZjU1MDgwMTYxMDk3MDIyZjk2YTYwNWU5Mzc1NDhhYzM4Y2YzOWY2ZDhiZTBjZjA0OGQ0OWRkMjQ4ZmFhNjUyMw&v=1658435992925",
        "images": []
    },
    {
        "product_url": "https://www.heinemann-shop.com/en/global/steiff/steiff-soft-cuddly-friends-soft-cuddly-friends-jimmy-teddy-bear-love/p/000000000001572057/",
        "brand_name": "Steiff",
        "brand_url": "https://www.heinemann-shop.com/en/global/steiff/c/BRAND_0528/",
        "product_name": "Steiff, Soft Cuddly Friends, soft cuddly friends jimmy teddy bear \u2013 love",
        "quantity": "\n        ",
        "price": "\u20ac41.90",
        "price_per_quantity": "",
        "stock_availability": "Low stock",
        "description": "Jimmy Love, the 30 cm Teddy bear from our Soft Cuddly Friends range, is the perfect gift for anyone with a special place in your heart! He gazes curiously out of his black eyes, his firm snuffly nose and his cuddly ears with stainless steel \u201cButton in Ear\u201d are a perfect match. Jimmy is covered with wonderfully wild cuddly plush and has granulate bags in his bottom and paws, which not only provide stability when sitting, but are also a fascinating touch experience for small and large hands!",
        "primary_image": "https://www.heinemann-shop.com/medias/527Wx527H-null?context=bWFzdGVyfGltYWdlc3w1NjUzOHxpbWFnZS9qcGVnfGFHSmtMMmcyWlM4NU56VXhNREE1T0RVek5EY3dMelV5TjFkNE5USTNTRjl1ZFd4c3w0NDc1ODFmZjdjM2JkM2NiYzc0NmZlN2I0MGYyZTczZjdlMjU0MDAwYjRmNzBjNjU3NDYzZTUzMWQ3YTg5YmE0&v=1680207746497",
        "images": []
    },
    {
        "product_url": "https://www.heinemann-shop.com/en/global/wwf/wwf-lion-wildlife-floppy-23cm/p/000000000000538725/",
        "brand_name": "WWF",
        "brand_url": "https://www.heinemann-shop.com/en/global/wwf/c/BRAND_2595/",
        "product_name": "WWF Lion wildlife floppy - 23cm",
        "quantity": "\n        ",
        "price": "\u20ac38.90",
        "price_per_quantity": "",
        "stock_availability": "Low stock",
        "description": "IBTT has developed a plush collection that embraces the values of WWF and donates 12% to your local WWF of every plush item sold. WWF has been protecting the future of nature for more than 50 years. Passionate, optimistic, credible and inspiring , that\u2019s what the WWF Plush Collection stands for. We are very proud to contribute to its mission by producing WWF branded soft toys .",
        "primary_image": "https://www.heinemann-shop.com/medias/538725-527Wx527H?context=bWFzdGVyfGltYWdlc3w1MDQwOHxpbWFnZS9qcGVnfGFEUmpMMmcxTnk4NU5qYzNNRGN4T0RRek16VTRMelV6T0RjeU5WODFNamRYZURVeU4wZ3xkNDViYjBhZmE5NjQwNzQwYzYzZDg3M2QwY2U4ZjMzYzgyNDUxNjY1ZWM1Mjc0NDYzMDc0NzJiZGUwY2JjZDM3&v=1650923417192",
        "images": []
    },
    {
        "product_url": "https://www.heinemann-shop.com/en/global/balenciaga/balenciaga-full-rim-women-s-sunglasses/p/000000000001542494/",
        "brand_name": "Balenciaga",
        "brand_url": "https://www.heinemann-shop.com/en/global/balenciaga/c/BRAND_0534/",
        "product_name": "Balenciaga, Full Rim, women's sunglasses",
        "quantity": "\n        ",
        "price": "\u20ac355.90",
        "price_per_quantity": "",
        "stock_availability": "Low stock",
        "description": "Brand: Balenciaga",
        "primary_image": "https://www.heinemann-shop.com/medias/527Wx527H-null?context=bWFzdGVyfGltYWdlc3wxOTMwOHxpbWFnZS9qcGVnfGFEYzFMMmcxTkM4eE1USXhOVFkyTmpReE16VTVPQzgxTWpkWGVEVXlOMGhmYm5Wc2JBfDJjNTVjNDBhMjlmNDc2OTFkMDUzYzhhYTFjOTg5ODVjZjFmNTIyZTFiMTVmNjg5ZDJjMTg0OGRlZjU2YWI2N2E&v=1727903977177",
        "images": []
    },
    {
        "product_url": "https://www.heinemann-shop.com/en/global/versace/versace-men-s-sunglasses/p/000000000001671701/",
        "brand_name": "Versace",
        "brand_url": "https://www.heinemann-shop.com/en/global/versace/c/BRAND_1899/",
        "product_name": "Versace, Men's sunglasses",
        "quantity": "1\u00a0Item",
        "price": "",
        "price_per_quantity": "",
        "stock_availability": "",
        "description": "",
        "primary_image": "https://www.heinemann-shop.com/medias/527Wx527H-null?context=bWFzdGVyfGltYWdlc3wyMDAwNnxpbWFnZS9qcGVnfGFHRm1MMmhrT0M4eE1UTTNOekE0T1Rnek9URXpOQzgxTWpkWGVEVXlOMGhmYm5Wc2JBfGZlMDE3NzMwNjk5N2RiZjk5MDcyNzNkN2UwZTRjNDk0NGQ0YjY3MTdiOTgxMzAyZTViN2FmOTM5YmU0YjlhYmU&v=1731016283755",
        "images": []
    },
    {
        "product_url": "https://www.heinemann-shop.com/en/global/ray-ban/ray-ban-unisex-s-sunglasses/p/000000000001669900/",
        "brand_name": "Ray Ban",
        "brand_url": "https://www.heinemann-shop.com/en/global/ray-ban/c/BRAND_0083/",
        "product_name": "Ray Ban, Unisex's sunglasses",
        "quantity": "1\u00a0Item",
        "price": "",
        "price_per_quantity": "",
        "stock_availability": "",
        "description": "",
        "primary_image": "https://www.heinemann-shop.com/medias/527Wx527H-null?context=bWFzdGVyfGltYWdlc3wxODQ2OXxpbWFnZS9qcGVnfGFHRTBMMmc0TVM4eE1UY3pOVEV5TURnek9EWTROaTgxTWpkWGVEVXlOMGhmYm5Wc2JBfDIwYjIxYTZmMjYzYTEwNjM0YzVhYTA3NmY5ZjNiYTMzZGU2MjM0NmQ3ZjJhMWYyYjUwY2Q4ZDYzNDUxZTU0MjU&v=1738880864578",
        "images": []
    },
    {
        "product_url": "https://www.heinemann-shop.com/en/global/prada/prada-women-s-sunglasses/p/000000000001669624/",
        "brand_name": "Prada",
        "brand_url": "https://www.heinemann-shop.com/en/global/prada/c/BRAND_2803/",
        "product_name": "Prada, Women's sunglasses",
        "quantity": "1\u00a0Item",
        "price": "",
        "price_per_quantity": "",
        "stock_availability": "",
        "description": "",
        "primary_image": "https://www.heinemann-shop.com/medias/527Wx527H-null?context=bWFzdGVyfGltYWdlc3wyMzk3OHxpbWFnZS9qcGVnfGFETmtMMmd5TXk4eE1UTTNOekE0TVRrM05EZ3hOQzgxTWpkWGVEVXlOMGhmYm5Wc2JBfGI2MjhmOWIyNjQ3MmY0NDhhNzllYTUwYmRjODA0OGFjMTQ0YTI0NmRkZTk5OTY2Nzc1ODE5ZGM5NDNhODQ0NDA&v=1731015899770",
        "images": []
    },
    {
        "product_url": "https://www.heinemann-shop.com/en/global/steiff/steiff-ben-teddy-bear/p/000000000001593533/",
        "brand_name": "Steiff",
        "brand_url": "https://www.heinemann-shop.com/en/global/steiff/c/BRAND_0528/",
        "product_name": "Steiff, ben teddy bear",
        "quantity": "\n        ",
        "price": "\u20ac34.90",
        "price_per_quantity": "",
        "stock_availability": "Low stock",
        "description": "Measuring 30 cm tall, Ben Teddy bear is made of super soft, cuddly beige teddy fleece and is an active, loyal companion. As a member of the Steiff bear family, he is incredibly proud of his great, great, great grandfather 55 PB! Ben loves to play with his family and is always on the go. He comes with characteristic centre seams, a cuddly figure, large contrasting paws, as well as shrewd eyes, a cheerful grin, characteristic teddy bear ears, a dark brown nose and a classic stainless steel \"Button in Ear\"!",
        "primary_image": "https://www.heinemann-shop.com/medias/527Wx527H-null?context=bWFzdGVyfGltYWdlc3w1NjUwMnxpbWFnZS9qcGVnfGFHTTNMMmhsWkM4eE1EVTJPVFkwTnpjMU1URTVPQzgxTWpkWGVEVXlOMGhmYm5Wc2JBfGFiZGQyYjEyYTI1OTUyNmQ3ZDhjOTlhY2E4NmI5MTExY2VmYzgzM2JmOTk3YWNkYzk4ZGM2OGM0ZmQwYjhkOGI&v=1713323742711",
        "images": []
    },
    {
        "product_url": "https://www.heinemann-shop.com/en/global/prada/prada-women-s-sunglasses/p/000000000001669631/",
        "brand_name": "Prada",
        "brand_url": "https://www.heinemann-shop.com/en/global/prada/c/BRAND_2803/",
        "product_name": "Prada, Women's sunglasses",
        "quantity": "1\u00a0Item",
        "price": "",
        "price_per_quantity": "",
        "stock_availability": "",
        "description": "",
        "primary_image": "https://www.heinemann-shop.com/medias/527Wx527H-null?context=bWFzdGVyfGltYWdlc3wyMjA3OXxpbWFnZS9qcGVnfGFHTmlMMmd6T0M4eE1UTTNOekE0TWpVMk5EWXpPQzgxTWpkWGVEVXlOMGhmYm5Wc2JBfDlmMGU1ZTgyNmU1NmZjN2UyODVhNzkzYzc3OGZlZTRiNjY5OTFkMjM2ZmZlMzBhODhkN2ZhYmYxZGE4MDUxYjQ&v=1731015927831",
        "images": []
    },
    {
        "product_url": "https://www.heinemann-shop.com/en/global/ray-ban/ray-ban-rb2132-new-wayfarer-classic-men-sunglasses-havana/p/000000000000524479/",
        "brand_name": "Ray Ban",
        "brand_url": "https://www.heinemann-shop.com/en/global/ray-ban/c/BRAND_0083/",
        "product_name": "Ray Ban RB2132 New Wayfarer Classic, Men Sunglasses, Havana",
        "quantity": "",
        "price": "",
        "price_per_quantity": "",
        "stock_availability": "",
        "description": "Frame color: tortoise.  Go back to where it all began with Ray-Ban New Wayfarer Classic sunglasses. Using the same iconic shape as the classic Wayfarer, these sunglasses offer an updated version that includes a smaller frame and slightly softer eye shape.",
        "primary_image": "https://www.heinemann-shop.com/medias/527Wx527H-null?context=bWFzdGVyfGltYWdlc3wyNTgwMnxpbWFnZS9qcGVnfGFEbGpMMmd3T1M4eE1UTTJPREV4TVRBeE16a3hPQzgxTWpkWGVEVXlOMGhmYm5Wc2JBfGFjYzE3MmMzMzc2ZWFlY2YxOGY5N2JjNTBjYzMzZDQ0ZTEyN2RiNGVjYjE2OWUwYmNmNWZhYzdjODBjYTlkMGY&v=1730845115610",
        "images": []
    },
    {
        "product_url": "https://www.heinemann-shop.com/en/global/ray-ban/ray-ban-line-tech-men-s-sunglasses/p/000000000001078666/",
        "brand_name": "Ray Ban",
        "brand_url": "https://www.heinemann-shop.com/en/global/ray-ban/c/BRAND_0083/",
        "product_name": "Ray Ban, line: Tech, men's sunglasses",
        "quantity": "\n        ",
        "price": "\u20ac239.90",
        "price_per_quantity": "",
        "stock_availability": "Low stock",
        "description": "Brand: Ray Ban",
        "primary_image": "https://www.heinemann-shop.com/medias/527Wx527H-null?context=bWFzdGVyfGltYWdlc3wxOTkyNXxpbWFnZS9qcGVnfGFERmxMMmcxTkM4eE1UTTJPREV4TlRRM01ETTJOaTgxTWpkWGVEVXlOMGhmYm5Wc2JBfGYxN2VjNTUzZTEzNzBjNDk1MjBlNzI2MjhkOGZjZTkxZDc3ZTFiZjE0OTA4OGVkOTNjZjNhZGVkNzkzZDYzMzE&v=1730845493390",
        "images": []
    },
    {
        "product_url": "https://www.heinemann-shop.com/en/global/ray-ban/ray-ban-line-aviator-men-s-sunglasses/p/000000000001004439/",
        "brand_name": "Ray Ban",
        "brand_url": "https://www.heinemann-shop.com/en/global/ray-ban/c/BRAND_0083/",
        "product_name": "Ray Ban, line:Aviator, men's sunglasses",
        "quantity": "",
        "price": "",
        "price_per_quantity": "",
        "stock_availability": "",
        "description": "Brand: Ray Ban",
        "primary_image": "https://www.heinemann-shop.com/medias/527Wx527H-null?context=bWFzdGVyfGltYWdlc3wyODI3NXxpbWFnZS9qcGVnfGFEUTJMMmd5WlM4eE1UTTJPREE1TnpNNE1qUXpNQzgxTWpkWGVEVXlOMGhmYm5Wc2JBfDkzOTNmZWI1MjQyN2FjYWZmMGQ4OTQxNjAyMjNhYmExMDNmZDZlMzk4ZTNmYTQxMWJiZTY1N2FkNTE2ODI3MWQ&v=1730844007142",
        "images": []
    },
    {
        "product_url": "https://www.heinemann-shop.com/en/global/maui-jim/maui-jim-line-nalani-ladies-sunglasses/p/000000000001105803/",
        "brand_name": "Maui Jim",
        "brand_url": "https://www.heinemann-shop.com/en/global/maui-jim/c/BRAND_3778/",
        "product_name": "Maui Jim, line: Nalani, ladies sunglasses",
        "quantity": "",
        "price": "",
        "price_per_quantity": "",
        "stock_availability": "",
        "description": "Brand: Maui Jim",
        "primary_image": "https://www.heinemann-shop.com/medias/527Wx527H-null?context=bWFzdGVyfGltYWdlc3wyOTE2OHxpbWFnZS9qcGVnfGFEWTVMMmd4TUM4eE1EUXpOalkyT1RRM01qYzVPQzgxTWpkWGVEVXlOMGhmYm5Wc2JBfGFjNTk3YTNiOWMzYjllOGQyZTZlZmU0YzljYTg4N2ViYjgxYWEyMTg4ZmQ4MzQ4NjEyZGU2ZjVjYTZkOTE5MmQ&v=1710366201295",
        "images": []
    },
    {
        "product_url": "https://www.heinemann-shop.com/en/global/polaroid-kids/polaroid-kids-sunglasses/p/000000000001054380/",
        "brand_name": "Polaroid Kids",
        "brand_url": "https://www.heinemann-shop.com/en/global/polaroid-kids/c/BRAND_1806/",
        "product_name": "Polaroid Kids, sunglasses",
        "quantity": "\n        ",
        "price": "\u20ac37.90",
        "price_per_quantity": "",
        "stock_availability": "Low stock",
        "description": "Style for kids designed specifically with playful and energetic colors. Pink fluo polycarbonate front and violet fluo temples. 100% UV protective grey polarized lenses make the Polaroid choice the best for protecting kids eyes under the sun.",
        "primary_image": "https://www.heinemann-shop.com/medias/527Wx527H-null?context=bWFzdGVyfGltYWdlc3wxNzQ0N3xpbWFnZS9qcGVnfGFHUmtMMmhqT0M4eE1UQTFPVEUzT1RZMU1URXdNaTgxTWpkWGVEVXlOMGhmYm5Wc2JBfGI5NWM1YjE4N2EwNTkxM2YzOGJjNWRkYTUwYmYyMjBiNDIwOTJlZmUxMTdkYTY5NWI2MWZlOTYxNzc5ZDhjOTc&v=1724793405723",
        "images": [
            "https://www.heinemann-shop.com/medias/527Wx527H-null?context=bWFzdGVyfGltYWdlc3wxNzQ0N3xpbWFnZS9qcGVnfGFHUmtMMmhqT0M4eE1UQTFPVEUzT1RZMU1URXdNaTgxTWpkWGVEVXlOMGhmYm5Wc2JBfGI5NWM1YjE4N2EwNTkxM2YzOGJjNWRkYTUwYmYyMjBiNDIwOTJlZmUxMTdkYTY5NWI2MWZlOTYxNzc5ZDhjOTc&v=1724793405723",
            "https://www.heinemann-shop.com/medias/527Wx527H-null?context=bWFzdGVyfGltYWdlc3wzNzI5OHxpbWFnZS9qcGVnfGFHTXhMMmcwTXk4eE1UQTFPVEU0TVRRNE5qRXhNQzgxTWpkWGVEVXlOMGhmYm5Wc2JBfDA3NDNlOWRkYjk0NTkyNGVjMTA3ZWY3MjY0NDEzMmUwNjNkYTQ1NzRhOGI5YjcxYTk0MDA3MjNlMDM0OWVlNzU&v=1724793501801"
        ]
    },
    {
        "product_url": "https://www.heinemann-shop.com/en/global/ray-ban/ray-ban-rb3026-aviator-men-sunglasses-gold/p/000000000000824767/",
        "brand_name": "Ray Ban",
        "brand_url": "https://www.heinemann-shop.com/en/global/ray-ban/c/BRAND_0083/",
        "product_name": "Ray Ban RB3026 Aviator, Men Sunglasses, Gold",
        "quantity": "",
        "price": "",
        "price_per_quantity": "",
        "stock_availability": "",
        "description": "Currently one of the most iconic sunglass models in the world, Ray-Ban Aviator Classic sunglasses were originally designed for U.S. aviators in 1937. Aviator Classic sunglasses are a timeless model that combines great aviator styling with exceptional quality, performance and comfort.",
        "primary_image": "https://www.heinemann-shop.com/medias/527Wx527H-null?context=bWFzdGVyfGltYWdlc3wxODUwMXxpbWFnZS9qcGVnfGFERmxMMmcwTlM4eE1UTTJPREE1T0RZeU56WXhOQzgxTWpkWGVEVXlOMGhmYm5Wc2JBfDY5OTU2NTkxZjJiODI4ZmNjZTljZjJjOGFmZTNhZjAzYTI1MzllODViYjY1ODY3MWRlNTQxZThkZDc0OWY1YzY&v=1730844118905",
        "images": []
    },
    {
        "product_url": "https://www.heinemann-shop.com/en/global/ray-ban/ray-ban-rb4187-chris-men-sunglasses-black/p/000000000001099273/",
        "brand_name": "Ray Ban",
        "brand_url": "https://www.heinemann-shop.com/en/global/ray-ban/c/BRAND_0083/",
        "product_name": "Ray Ban RB4187 Chris, Men Sunglasses, black",
        "quantity": "\n        ",
        "price": "\u20ac132.90",
        "price_per_quantity": "",
        "stock_availability": "Low stock",
        "description": "Ray-Ban Erika Classic sunglasses are a must-have for those who love the vintage style and look. The matte black frame and grey gradient lenses provide a modern touch to this phantos shape frame, while the key bridge adds extra comfort. Wear them for an effortlessly stylish look that never goes out of fashion.",
        "primary_image": "https://www.heinemann-shop.com/medias/527Wx527H-null?context=bWFzdGVyfGltYWdlc3wyNjgwOHxpbWFnZS9qcGVnfGFHSXlMMmhsT1M4eE1UTTJPREV3TlRnMk9UTTBNaTgxTWpkWGVEVXlOMGhmYm5Wc2JBfGQwNzc4ZmQ0NmZiOTgwZmVlMzRjNTZjZDM5NWYyYzNkMDQ1MTFkYTA0OWYwODQwNGRmOWYwZjVjNGNjYzBmYTE&v=1730844624790",
        "images": []
    },
    {
        "product_url": "https://www.heinemann-shop.com/en/global/ray-ban/ray-ban-rb4165-justin-men-sunglasses-grey/p/000000000001004465/",
        "brand_name": "Ray Ban",
        "brand_url": "https://www.heinemann-shop.com/en/global/ray-ban/c/BRAND_0083/",
        "product_name": "Ray Ban RB4165 Justin, Men Sunglasses, Grey",
        "quantity": "",
        "price": "",
        "price_per_quantity": "",
        "stock_availability": "",
        "description": "Frame color: grey. Silver gradient mirror lenses.",
        "primary_image": "https://www.heinemann-shop.com/medias/527Wx527H-null?context=bWFzdGVyfGltYWdlc3wyMjk3MXxpbWFnZS9qcGVnfGFHWTRMMmd6WVM4eE1UTTJPREE1T0RNek1qY3dNaTgxTWpkWGVEVXlOMGhmYm5Wc2JBfDhkYWNkNGU0MmYyZGVjNDc3YTczMmNhY2Y0ODQyYmZkODgxY2Q5YjM3MzUzOTdjZTFmYmI5OWZiN2E5MDk3MWE&v=1730844092239",
        "images": []
    },
    {
        "product_url": "https://www.heinemann-shop.com/en/global/maui-jim/maui-jim-line-makaha-sunglasses/p/000000000000966071/",
        "brand_name": "Maui Jim",
        "brand_url": "https://www.heinemann-shop.com/en/global/maui-jim/c/BRAND_3778/",
        "product_name": "Maui Jim, line: Makaha, sunglasses",
        "quantity": "",
        "price": "",
        "price_per_quantity": "",
        "stock_availability": "",
        "description": "Brand: Maui Jim",
        "primary_image": "https://www.heinemann-shop.com/medias/527Wx527H-null?context=bWFzdGVyfGltYWdlc3wxODU2M3xpbWFnZS9qcGVnfGFEQmxMMmd3T0M4eE1EUXpOalk0TURrd09EZ3pNQzgxTWpkWGVEVXlOMGhmYm5Wc2JBfDNiOTExMmZlZGM5ZWUwNjdkOGViMWU0ZDlhMDBjZmJkYmY1ZDVlMzgwMzVlNWM4ODBmNGUzMmY1ZmVkNDUyMmQ&v=1710366970764",
        "images": []
    },
    {
        "product_url": "https://www.heinemann-shop.com/en/global/ray-ban/ray-ban-line-aviator-men-s-sunglasses/p/000000000000930392/",
        "brand_name": "Ray Ban",
        "brand_url": "https://www.heinemann-shop.com/en/global/ray-ban/c/BRAND_0083/",
        "product_name": "Ray Ban, line:Aviator, men's sunglasses",
        "quantity": "",
        "price": "",
        "price_per_quantity": "",
        "stock_availability": "",
        "description": "Brand: Ray Ban",
        "primary_image": "https://www.heinemann-shop.com/medias/527Wx527H-null?context=bWFzdGVyfGltYWdlc3wyNDM3NHxpbWFnZS9qcGVnfGFEWXdMMmhoWWk4eE1UTTJPREE1T1RVeE1qTTFNQzgxTWpkWGVEVXlOMGhmYm5Wc2JBfDQ5NTRlZDU3YTY4ZmY5ODM4MmM5ODBiZjhkMzdhMTU3M2UyMzg0ZGVmODRmZDBlZjE3OWQxYTc1MTY1MGE1OTY&v=1730844203468",
        "images": []
    },
    {
        "product_url": "https://www.heinemann-shop.com/en/global/oakley/oakley-men-s-sunglasses/p/000000000001288467/",
        "brand_name": "Oakley",
        "brand_url": "https://www.heinemann-shop.com/en/global/oakley/c/BRAND_2727/",
        "product_name": "Oakley , men's sunglasses",
        "quantity": "",
        "price": "",
        "price_per_quantity": "",
        "stock_availability": "",
        "description": "By balancing high performance with distinctive individual style, Oakley inspire emotional confidence in every endeavor, whether competing, training, or simply moving through everyday life. As pioneers of innovation and high performance optics, Oakley ignite and protect the quest for personal progression and individual expression.",
        "primary_image": "https://www.heinemann-shop.com/medias/527Wx527H-null?context=bWFzdGVyfGltYWdlc3wyODQ3N3xpbWFnZS9qcGVnfGFHUXlMMmd5T0M4eE1ESXlORFU1TkRNMU5ESXdOaTgxTWpkWGVEVXlOMGhmYm5Wc2JBfDA5Njg2ZjFmNGIwOWQ3YWM4MmQ1NjJhMTVjOTA4OWNhYmViODRjYWQyZDQzN2RiOGIyZTlhYThlZmI5MWE1Y2Q&v=1705445027245",
        "images": []
    },
    {
        "product_url": "https://www.heinemann-shop.com/en/global/ray-ban/ray-ban-rb3183-men-sunglasses-silver/p/000000000000965987/",
        "brand_name": "Ray Ban",
        "brand_url": "https://www.heinemann-shop.com/en/global/ray-ban/c/BRAND_0083/",
        "product_name": "Ray Ban RB3183, Men Sunglasses, Silver",
        "quantity": "",
        "price": "",
        "price_per_quantity": "",
        "stock_availability": "",
        "description": "Frame colour: gunmetal.  Silver mirror polarised lenses. The Ray-Ban \u00ae RB3183 sunglasses are slick and like speed. The sunglasses feature a lightweight semi-rimless rectangular shape and the temples have a classic Ray-Ban printed logo.",
        "primary_image": "https://www.heinemann-shop.com/medias/527Wx527H-null?context=bWFzdGVyfGltYWdlc3wxODI1OXxpbWFnZS9qcGVnfGFEZzVMMmcyWVM4eE1UTTJPREV4TWpNeU5EWXpPQzgxTWpkWGVEVXlOMGhmYm5Wc2JBfGM0YTVmMjMxMDE3NGFlNzZmYzBhYzAzNTFjNGI5ZTBhNzViYzk2YmNlZjdhYjYzYzI4MDViNmI5YzdiMTc5ZmE&v=1730845223330",
        "images": []
    },
    {
        "product_url": "https://www.heinemann-shop.com/en/global/ray-ban/ray-ban-line-highstreet-men-s-sunglasses/p/000000000000555627/",
        "brand_name": "Ray Ban",
        "brand_url": "https://www.heinemann-shop.com/en/global/ray-ban/c/BRAND_0083/",
        "product_name": "Ray Ban, line: highstreet, men's sunglasses",
        "quantity": "\n        ",
        "price": "\u20ac132.90",
        "price_per_quantity": "",
        "stock_availability": "Low stock",
        "description": "Brand: Ray Ban",
        "primary_image": "https://www.heinemann-shop.com/medias/527Wx527H-null?context=bWFzdGVyfGltYWdlc3wyODQzNHxpbWFnZS9qcGVnfGFEWmtMMmd6TlM4eE1UTTJPREE1TnpFMU16QTFOQzgxTWpkWGVEVXlOMGhmYm5Wc2JBfDQzMTUwYzJjYzE5NzRkYzg3N2NhZmUwMGI3ZTk4NjM3OTY2MDVkZGFkM2Y5YTJlMDFmZjY2YTBjZGJjY2VlNjE&v=1730843975362",
        "images": [
            "https://www.heinemann-shop.com/medias/527Wx527H-null?context=bWFzdGVyfGltYWdlc3wyODQzNHxpbWFnZS9qcGVnfGFEWmtMMmd6TlM4eE1UTTJPREE1TnpFMU16QTFOQzgxTWpkWGVEVXlOMGhmYm5Wc2JBfDQzMTUwYzJjYzE5NzRkYzg3N2NhZmUwMGI3ZTk4NjM3OTY2MDVkZGFkM2Y5YTJlMDFmZjY2YTBjZGJjY2VlNjE&v=1730843975362",
            "https://www.heinemann-shop.com/medias/527Wx527H-null?context=bWFzdGVyfGltYWdlc3wyMjMxNXxpbWFnZS9qcGVnfGFHRm1MMmcyWmk4eE1UTTJPREV3TWpBd01qY3hPQzgxTWpkWGVEVXlOMGhmYm5Wc2JBfDlhOGRiZjNhN2E5MmYwZjM3NGIyMWJiMTVkZGY4N2Q5NzVlOWUyYmUzYTg2NjdlMjZjNGRmOTQyYmIwODgzNDI&v=1730844339574"
        ]
    },
    {
        "product_url": "https://www.heinemann-shop.com/en/global/ray-ban/ray-ban-rb4147-boyfriend-men-sunglasses-black/p/000000000000462467/",
        "brand_name": "Ray Ban",
        "brand_url": "https://www.heinemann-shop.com/en/global/ray-ban/c/BRAND_0083/",
        "product_name": "Ray Ban RB4147 Boyfriend, Men Sunglasses, black",
        "quantity": "",
        "price": "",
        "price_per_quantity": "",
        "stock_availability": "",
        "description": "Frame color: black.  Ray-Ban \u00ae RB4147 sunglasses are fashionable and bold with larger rounded square lenses in propionate plastic frames which offer maximum sun protection while embracing a chic Hollywood look.",
        "primary_image": "https://www.heinemann-shop.com/medias/527Wx527H-null?context=bWFzdGVyfGltYWdlc3wyMTI4NXxpbWFnZS9qcGVnfGFEbGhMMmcyTnk4eE1UTTJOelV5T0RFd016azJOaTgxTWpkWGVEVXlOMGhmYm5Wc2JBfGE3ZjQ5NWRmNTYxMzY4YzQ4YjNhYzZlZjQzZmI0MmRiYmEyMThjMjMxZDE1MTkyODdlODgyNGUxYTg3Njk1MDQ&v=1730843313439",
        "images": []
    },
    {
        "product_url": "https://www.heinemann-shop.com/en/global/peanuts/peanuts-plush/p/000000000001630717/",
        "brand_name": "Peanuts",
        "brand_url": "https://www.heinemann-shop.com/en/global/peanuts/c/BRAND_A169/",
        "product_name": "Peanuts, plush",
        "quantity": "\n        ",
        "price": "\u20ac27.90",
        "price_per_quantity": "",
        "stock_availability": "Low stock",
        "description": "We have adopted a little Beagle called Snoopy! The world-famous dog gets a well-deserved spot on the Bon Ton Toys Wall of Fame. And as if it couldn't get any better, we also welcome his little yellow intellectual friend Woodstock. Together they are the basis of our Peanuts Collection. This lovely Snoopy is made from the best corduroy which brings out Snoopy's best features. Have you ever seen a better-looking Snoopy? All Peanuts plush items are hand made and contain 100% recycled polyester filling. All our suppliers are carefully selected and all meet the \u201cethical supply chain\u201d (ICTI) status.",
        "primary_image": "https://www.heinemann-shop.com/medias/527Wx527H-null?context=bWFzdGVyfGltYWdlc3w2NTIwM3xpbWFnZS9qcGVnfGFHUmlMMmhrTmk4eE1UUTVOREF5TkRVME5ESTROaTgxTWpkWGVEVXlOMGhmYm5Wc2JBfDM0ODVlZjQzOTg5NjEzNjMzYTExNWMzMGVkZWMxZTFmYTM1NjdlOGVhZDNjOTBjZjI1OGVlZWRiNzc5YjU3YjI&v=1733781105065",
        "images": []
    },
    {
        "product_url": "https://www.heinemann-shop.com/en/global/peanuts/peanuts-snoopy-sitting-flying-ace-20-cm-8/p/000000000001630719/",
        "brand_name": "Peanuts",
        "brand_url": "https://www.heinemann-shop.com/en/global/peanuts/c/BRAND_A169/",
        "product_name": "Peanuts, Snoopy Sitting Flying Ace - 20 cm - 8\"",
        "quantity": "\n        ",
        "price": "\u20ac32.90",
        "price_per_quantity": "",
        "stock_availability": "Low stock",
        "description": "We have adopted a little Beagle called Snoopy! The world-famous dog gets a well-deserved spot on the Bon Ton Toys Wall of Fame. And as if it couldn't get any better, we also welcome his little yellow intellectual friend Woodstock. Together they are the basis of our Peanuts Collection.",
        "primary_image": "https://www.heinemann-shop.com/medias/527Wx527H-null?context=bWFzdGVyfGltYWdlc3w0NTY5MXxpbWFnZS9qcGVnfGFHUTVMMmd5Tnk4eE1EZzJPRGd4T1RJNU5qSTROaTgxTWpkWGVEVXlOMGhmYm5Wc2JBfDY0OTExMzVmODM2NjYzMGNmYmQxYmE0NzhlNWY4ODEwMDA3NDVmMDI3OTA4NDNlNGNiM2MxNjg1ZWZlOTcwM2U&v=1720730835490",
        "images": []
    },
    {
        "product_url": "https://www.heinemann-shop.com/en/global/peanuts/peanuts-plush/p/000000000001630716/",
        "brand_name": "Peanuts",
        "brand_url": "https://www.heinemann-shop.com/en/global/peanuts/c/BRAND_A169/",
        "product_name": "Peanuts, plush",
        "quantity": "\n        ",
        "price": "\u20ac18.90",
        "price_per_quantity": "",
        "stock_availability": "Low stock",
        "description": "We have adopted a little Beagle called Snoopy! The world-famous dog gets a well-deserved spot on the Bon Ton Toys Wall of Fame. And as if it couldn't get any better, we also welcome his little yellow intellectual friend Woodstock. Together they are the basis of our Peanuts Collection. Terry is a beautiful, soft fabric. It feels so comfy and snug, it's impossible not to like. Little Woodstock here is the snuggliest little bird. He'll fly right into your arms! All Peanuts plush items are hand made and contain 100% recycled polyester filling. All our suppliers are carefully selected and all meet the \u201cethical supply chain\u201d (ICTI) status.",
        "primary_image": "https://www.heinemann-shop.com/medias/527Wx527H-null?context=bWFzdGVyfGltYWdlc3wxNDk0ODF8aW1hZ2UvanBlZ3xhRFl6TDJnNE9DOHhNRGcyT0RneE9EVXdPVGcxTkM4MU1qZFhlRFV5TjBoZmJuVnNiQXxhYzI1MzM5NWYwYThkMmFjMTc3ZTZhOTZlMjQxMDM2M2MzZmQyYmI2OTFhYzI5ZTljNWM5OWJkYTUzZjhlOGIy&v=1720730806817",
        "images": []
    },
    {
        "product_url": "https://www.heinemann-shop.com/en/global/ray-ban/ray-ban-rb3183-men-sunglasses-metal/p/000000000000843376/",
        "brand_name": "Ray Ban",
        "brand_url": "https://www.heinemann-shop.com/en/global/ray-ban/c/BRAND_0083/",
        "product_name": "Ray Ban RB3183, Men Sunglasses, Metal",
        "quantity": "\n        ",
        "price": "\u20ac137.90",
        "price_per_quantity": "",
        "stock_availability": "Low stock",
        "description": "Frame color: gunmetal.  Green classic lenses.",
        "primary_image": "https://www.heinemann-shop.com/medias/527Wx527H-null?context=bWFzdGVyfGltYWdlc3wyMzAxMnxpbWFnZS9qcGVnfGFEZ3dMMmcxWWk4eE1UTTJPREV4TURjeE9UQXdOaTgxTWpkWGVEVXlOMGhmYm5Wc2JBfGE3NjQyNzcyMGM3OGU4NmM4YTk5NmU2MWUzNDEzNGE5NGVjZDBlZWU1ZTI0ZDBhOWJlNGY1YjI5YWFkNmNlOTM&v=1730845083931",
        "images": []
    },
    {
        "product_url": "https://www.heinemann-shop.com/en/global/maui-jim/maui-jim-men-s-sunglasses/p/000000000001486147/",
        "brand_name": "Maui Jim",
        "brand_url": "https://www.heinemann-shop.com/en/global/maui-jim/c/BRAND_3778/",
        "product_name": "Maui Jim, men's sunglasses",
        "quantity": "",
        "price": "",
        "price_per_quantity": "",
        "stock_availability": "",
        "description": "",
        "primary_image": "https://www.heinemann-shop.com/medias/527Wx527H-null?context=bWFzdGVyfGltYWdlc3wyODE1NXxpbWFnZS9qcGVnfGFHWTFMMmhqWlM4eE1EUXpOalkzTkRRMU16VXpOQzgxTWpkWGVEVXlOMGhmYm5Wc2JBfDZlMzBjNTI5NGZkOTZhZDYxNDYzY2I4MTQ5MTQ0MmJhZTE2MDA2ZWYxMmU1MjRhYzM3NDhjMDQ0OWU5MmM0NGE&v=1710366552489",
        "images": []
    },
    {
        "product_url": "https://www.heinemann-shop.com/en/global/michael-kors/michael-kors-women-s-sunglasses/p/000000000001482942/",
        "brand_name": "Michael Kors",
        "brand_url": "https://www.heinemann-shop.com/en/global/michael-kors/c/BRAND_3794/",
        "product_name": "Michael Kors, women's sunglasses",
        "quantity": "",
        "price": "",
        "price_per_quantity": "",
        "stock_availability": "",
        "description": "",
        "primary_image": "https://www.heinemann-shop.com/medias/527Wx527H-null?context=bWFzdGVyfGltYWdlc3wyMzMxOHxpbWFnZS9qcGVnfGFHWmtMMmcxTUM4eE1ESXlORGsyTkRBeE1EQXhOQzgxTWpkWGVEVXlOMGhmYm5Wc2JBfDE5ZjA5YTJiOTg4YzBlMzM4YjI4YzIzMDY5ZmM1MGMzNmExZWY3NjMyNzEyN2FkYjA0MzIxZTE2OTkwMzExMWU&v=1705447991735",
        "images": []
    },
    {
        "product_url": "https://www.heinemann-shop.com/en/global/versace/versace-men-s-sunglasses/p/000000000001483051/",
        "brand_name": "Versace",
        "brand_url": "https://www.heinemann-shop.com/en/global/versace/c/BRAND_1899/",
        "product_name": "Versace, men's sunglasses",
        "quantity": "",
        "price": "",
        "price_per_quantity": "",
        "stock_availability": "",
        "description": "",
        "primary_image": "https://www.heinemann-shop.com/medias/527Wx527H-null?context=bWFzdGVyfGltYWdlc3wyMDgwMXxpbWFnZS9qcGVnfGFEWXdMMmcyTmk4eE1ESXlORGsyTkRZNU9ERTBNaTgxTWpkWGVEVXlOMGhmYm5Wc2JBfDVlNWFiYTI5YjZhZDgzZWQ4ZTlkNWQ1ZjZiOGFmNWY5NjY2ZDBhNWRjNmMyZmQ3NjA5YmNlNDE4ODc0Y2E3ZGE&v=1705448040141",
        "images": []
    },
    {
        "product_url": "https://www.heinemann-shop.com/en/global/ray-ban/ray-ban-unisex-sunglasses/p/000000000001483007/",
        "brand_name": "Ray Ban",
        "brand_url": "https://www.heinemann-shop.com/en/global/ray-ban/c/BRAND_0083/",
        "product_name": "Ray-Ban, unisex sunglasses",
        "quantity": "",
        "price": "",
        "price_per_quantity": "",
        "stock_availability": "",
        "description": "",
        "primary_image": "https://www.heinemann-shop.com/medias/527Wx527H-null?context=bWFzdGVyfGltYWdlc3wxODg3OHxpbWFnZS9qcGVnfGFHTTFMMmd5Tmk4eE1UTTJPREV4TmprM056WTVOQzgxTWpkWGVEVXlOMGhmYm5Wc2JBfDMzMjM4MGJhMmJjOTk3NWM0MDJjN2FiMzg2NzZkMjcwZjZkZWUzYWM2M2MwMGM4MzJjYTMxNjEzMmMzZTRkYWI&v=1730845651534",
        "images": []
    },
    {
        "product_url": "https://www.heinemann-shop.com/en/global/ray-ban/ray-ban-rb3025-aviator-gradient-men-sunglasses-gold/p/000000000000492145/",
        "brand_name": "Ray Ban",
        "brand_url": "https://www.heinemann-shop.com/en/global/ray-ban/c/BRAND_0083/",
        "product_name": "Ray Ban RB3025 Aviator Gradient, Men Sunglasses, Gold",
        "quantity": "\n        ",
        "price": "\u20ac155.90",
        "price_per_quantity": "",
        "stock_availability": "Low stock",
        "description": "Brand: Ray Ban",
        "primary_image": "https://www.heinemann-shop.com/medias/527Wx527H-null?context=bWFzdGVyfGltYWdlc3wyNzI5M3xpbWFnZS9qcGVnfGFHVTRMMmd4T1M4eE1UTTJPREE1TnprM01qSTFOQzgxTWpkWGVEVXlOMGhmYm5Wc2JBfGE1YTVlZjYzOWZhYTJlZjUzYWEwZmE1OGRhYjM1MTdmYjQ3YTg4Njk4YjA4MDlmYTMxNWUwNGJiNDMwMzE2MzA&v=1730844057400",
        "images": []
    },
    {
        "product_url": "https://www.heinemann-shop.com/en/global/chloe/chloe-rosie-women-s-sunglasses/p/000000000001467447/",
        "brand_name": "Chlo\u00e9",
        "brand_url": "https://www.heinemann-shop.com/en/global/chloe/c/BRAND_3718/",
        "product_name": "Chloe, Rosie, women's sunglasses",
        "quantity": "",
        "price": "",
        "price_per_quantity": "",
        "stock_availability": "",
        "description": "Brand: Chlo\u00e9",
        "primary_image": "https://www.heinemann-shop.com/medias/527Wx527H-null?context=bWFzdGVyfGltYWdlc3wxNzE2MnxpbWFnZS9qcGVnfGFHRXhMMmhsTVM4eE1ESXlORGswT1RrMU1qVTBNaTgxTWpkWGVEVXlOMGhmYm5Wc2JBfGU0YjA0Y2UwZWRlZTE2OWJiYWNhY2Q3MmZmNGM2NTJkYTY0MTY2YzU4ZTcxNGVlOWQxZTljMjRkN2M1NWFmNDc&v=1705446944940",
        "images": []
    },
    {
        "product_url": "https://www.heinemann-shop.com/en/global/tom-ford/tom-ford-men-s-sunglasses/p/000000000001475914/",
        "brand_name": "Tom Ford",
        "brand_url": "https://www.heinemann-shop.com/en/global/tom-ford/c/BRAND_4282/",
        "product_name": "Tom Ford, men's sunglasses",
        "quantity": "",
        "price": "",
        "price_per_quantity": "",
        "stock_availability": "",
        "description": "",
        "primary_image": "https://www.heinemann-shop.com/medias/527Wx527H-null?context=bWFzdGVyfGltYWdlc3wzNDUwNnxpbWFnZS9qcGVnfGFHWTJMMmhqT0M4eE1ESXlORGswTlRnMU5qVTBNaTgxTWpkWGVEVXlOMGhmYm5Wc2JBfDY3YTFiNmM5MDBmOGIyNDU0M2QzMmZiM2U1OTQwYjA0NzFlOThlNTI1MGZhMDUwZDc3MmVhYmNiNjFjODljNWI&v=1705446687242",
        "images": []
    },
    {
        "product_url": "https://www.heinemann-shop.com/en/global/boss/boss-men-s-sunglasses/p/000000000001473917/",
        "brand_name": "Boss",
        "brand_url": "https://www.heinemann-shop.com/en/global/boss/c/BRAND_3116/",
        "product_name": "BOSS, men's sunglasses",
        "quantity": "",
        "price": "\u20ac189.90",
        "price_per_quantity": "",
        "stock_availability": "",
        "description": "",
        "primary_image": "https://www.heinemann-shop.com/medias/527Wx527H-null?context=bWFzdGVyfGltYWdlc3wyMjY4NnxpbWFnZS9qcGVnfGFEZGhMMmd3TXk4eE1ESXlORGswTnpZeU5qQXhOQzgxTWpkWGVEVXlOMGhmYm5Wc2JBfDhkYjE0M2NmZGE1MmU2MGNkNDdiMmE0MDI1M2ZkYjIzNjdiNGFlNTBjM2JhMWQ3MmJiMTRjNTI2ZTRmN2NjYzk&v=1705446787250",
        "images": []
    },
    {
        "product_url": "https://www.heinemann-shop.com/en/global/oakley/oakley-performance-lifestyle-men-s-sunglasses/p/000000000001472588/",
        "brand_name": "Oakley",
        "brand_url": "https://www.heinemann-shop.com/en/global/oakley/c/BRAND_2727/",
        "product_name": "Oakley, Performance Lifestyle, men's sunglasses",
        "quantity": "",
        "price": "",
        "price_per_quantity": "",
        "stock_availability": "",
        "description": "",
        "primary_image": "https://www.heinemann-shop.com/medias/527Wx527H-null?context=bWFzdGVyfGltYWdlc3wxODEwNHxpbWFnZS9qcGVnfGFEVmtMMmczTUM4eE1ESXlORGsxTmpnek16Z3lNaTgxTWpkWGVEVXlOMGhmYm5Wc2JBfGY2MGY5NGEzZTI0ZGUzMThlOTcyNjIxMDYwZWI4ZTYxODZmZThiNGU0ZjQ3NTljYWJkOTkwMzNiMGM4ZjU1MmI&v=1705447414535",
        "images": []
    },
    {
        "product_url": "https://www.heinemann-shop.com/en/global/celine/celine-women-s-sunglasses/p/000000000001433034/",
        "brand_name": "Celine",
        "brand_url": "https://www.heinemann-shop.com/en/global/celine/c/BRAND_2755/",
        "product_name": "Celine, women's sunglasses",
        "quantity": "",
        "price": "",
        "price_per_quantity": "",
        "stock_availability": "",
        "description": "Square Shiny Opaline Brown Acetate Sunglasses with Brown Gradient Lenses.",
        "primary_image": "https://www.heinemann-shop.com/medias/527Wx527H-null?context=bWFzdGVyfGltYWdlc3wyODAwN3xpbWFnZS9qcGVnfGFEZzBMMmhqT1M4eE1ESXlORGswT1RJek1UWTBOaTgxTWpkWGVEVXlOMGhmYm5Wc2JBfDYzYmY3YzgwOGE5MmM0YTQ4OWJkNTc2ZjAwZDE0NGIyZDY4YWQ5ZGQ4ZTdhNzI0YmUzYmMwMTdmNTNmNDI2MTg&v=1705446910632",
        "images": []
    },
    {
        "product_url": "https://www.heinemann-shop.com/en/global/ray-ban/ray-ban-icons-unisex-sunglasses/p/000000000001472615/",
        "brand_name": "Ray Ban",
        "brand_url": "https://www.heinemann-shop.com/en/global/ray-ban/c/BRAND_0083/",
        "product_name": "Ray-Ban, Icons, unisex sunglasses",
        "quantity": "\n        ",
        "price": "\u20ac175.90",
        "price_per_quantity": "",
        "stock_availability": "Low stock",
        "description": "",
        "primary_image": "https://www.heinemann-shop.com/medias/527Wx527H-null?context=bWFzdGVyfGltYWdlc3wyNTI3M3xpbWFnZS9qcGVnfGFESmtMMmcyT1M4eE1ESXlORGswTmpVM056UXpPQzgxTWpkWGVEVXlOMGhmYm5Wc2JBfDQ0ZDAyNWNjNjg0YTc3YzhhY2ZjNGZmMDJiYmZmYTkxMWNiNjM1YWYzMDQyZjE0MWYxN2MxNmYxNmJhODgxMWM&v=1705446722050",
        "images": []
    },
    {
        "product_url": "https://www.heinemann-shop.com/en/global/wwf/wwf-cub-club-plush-toys-collection-wwf-cub-club-plush-toys-collection-eco-mago-the-monkey-brown-29-cm-11-5/p/000000000001619320/",
        "brand_name": "WWF",
        "brand_url": "https://www.heinemann-shop.com/en/global/wwf/c/BRAND_2595/",
        "product_name": "WWF CUB CLUB PLUSH TOYS COLLECTION, Wwf Cub Club Plush Toys Collection, eco mago the monkey brown - 29 cm - 11,5\"",
        "quantity": "\n        ",
        "price": "\u20ac31.90",
        "price_per_quantity": "",
        "stock_availability": "Low stock",
        "description": "IBTT has developed a plush collection that embraces the values of WWF and donates 12% to your local WWF of every plush item sold. WWF has been protecting the future of nature for more than 50 years. Passionate, optimistic, credible and inspiring , that\u2019s what the WWF Plush Collection stands for. We are very proud to contribute to its mission by producing WWF branded soft toys .",
        "primary_image": "https://www.heinemann-shop.com/medias/527Wx527H-null?context=bWFzdGVyfGltYWdlc3w2NDYzNXxpbWFnZS9qcGVnfGFHRm1MMmczWkM4eE1ESTBOalUxTlRZek1UWTBOaTgxTWpkWGVEVXlOMGhmYm5Wc2JBfGVmNDVmNzE4ZTk3OGJkZDc5OGYyZTE2NDk4NmNjNjU4ZjI3MmNlNzhlOGJlZWZiYmRhMDc3M2M3OGIzY2YwNzI&v=1705966292857",
        "images": []
    },
    {
        "product_url": "https://www.heinemann-shop.com/en/global/ty/ty-sonny-plush/p/000000000001606931/",
        "brand_name": "Ty",
        "brand_url": "https://www.heinemann-shop.com/en/global/ty/c/BRAND_8275/",
        "product_name": "Ty, Sonny plush",
        "quantity": "\n        ",
        "price": "\u20ac8.90",
        "price_per_quantity": "",
        "stock_availability": "Low stock",
        "description": "Part of the brand new Squish-Aboo Heron. One of the extremely popular Star Wars series - an instantly recognizable TV and movie character. A collectible plush toy made of colorful plush and with a high tactile feel. Suitable from birth.",
        "primary_image": "https://www.heinemann-shop.com/medias/527Wx527H-null?context=bWFzdGVyfGltYWdlc3w0NjEyNnxpbWFnZS9qcGVnfGFHRTJMMmcwTWk4NU9EUTFOekUyTlRneU5ETXdMelV5TjFkNE5USTNTRjl1ZFd4c3wxYWMyZDRhMGUzZmFlMDRkYmE3ZGNjYzc5MWJlZDA1MTMwYzdlNzYzM2Q3MzA4NGYxNTQ2YzNjZjJkYWI1NGM4&v=1695394141501",
        "images": []
    },
    {
        "product_url": "https://www.heinemann-shop.com/en/global/ty/ty-starwars-squish-a-boo-medium-grogu-25cm/p/000000000001556252/",
        "brand_name": "Ty",
        "brand_url": "https://www.heinemann-shop.com/en/global/ty/c/BRAND_8275/",
        "product_name": "TY, Starwars Squish A Boo Medium, Grogu 25cm",
        "quantity": "\n        ",
        "price": "\u20ac11.90",
        "price_per_quantity": "",
        "stock_availability": "Low stock",
        "description": "Part of the brand new Squish-Aboo Heron. One of the extremely popular Star Wars series - an instantly recognizable TV and movie character. A collectible plush toy made of colorful plush and with a high tactile feel. Suitable from birth.",
        "primary_image": "https://www.heinemann-shop.com/medias/527Wx527H-null?context=bWFzdGVyfGltYWdlc3wzMjUzOHxpbWFnZS9qcGVnfGFEaGtMMmd3TkM4NU56Z3lNelExTkRrNE5qVTBMelV5TjFkNE5USTNTRjl1ZFd4c3wxNTM5ZWU5ZDQ4ODk2YmFkYTQzOGY0ZDMyMjc0YzA1MjVmNjk3ZWM2NjM2MDdlZDU2NWI0NTkzZDBlYzA4ZDYw&v=1688676256334",
        "images": []
    },
    {
        "product_url": "https://www.heinemann-shop.com/en/global/ty/ty-beanie-bellies-24cm-tink-dog/p/000000000001623390/",
        "brand_name": "Ty",
        "brand_url": "https://www.heinemann-shop.com/en/global/ty/c/BRAND_8275/",
        "product_name": "Ty, Beanie Bellies 24cm, tink dog",
        "quantity": "\n        ",
        "price": "\u20ac15.90",
        "price_per_quantity": "",
        "stock_availability": "Low stock",
        "description": "Part of Ty's very popular Ty Beanie Babies range. A collectable plush toy made from colorful plush material and with a high tactile feel. Suitable from birth.",
        "primary_image": "https://www.heinemann-shop.com/medias/527Wx527H-null?context=bWFzdGVyfGltYWdlc3w2MDM5MXxpbWFnZS9qcGVnfGFETXdMMmhqWmk4eE1USXlNelk0TURNNE5UQTFOQzgxTWpkWGVEVXlOMGhmYm5Wc2JBfDhkNzUyMGUzYTBhOWFiOTU4ZjZjNmUwZTdlOWZkNzAyNjUwMjU1MjViNjUzNGQ4NmNmZDcyZGQ4NThmZjA3MDc&v=1728074613620",
        "images": []
    },
    {
        "product_url": "https://www.heinemann-shop.com/en/global/wwf/wwf-plush-toys-collection-wwf-wombat-28-cm-11/p/000000000001619319/",
        "brand_name": "WWF",
        "brand_url": "https://www.heinemann-shop.com/en/global/wwf/c/BRAND_2595/",
        "product_name": "WWF Plush Toys Collection, wwf wombat - 28 cm - 11\"",
        "quantity": "\n        ",
        "price": "\u20ac38.90",
        "price_per_quantity": "",
        "stock_availability": "Low stock",
        "description": "IBTT has developed a plush collection that embraces the values of WWF and donates 12% to your local WWF of every plush item sold. WWF has been protecting the future of nature for more than 50 years. Passionate, optimistic, credible and inspiring , that\u2019s what the WWF Plush Collection stands for. We are very proud to contribute to its mission by producing WWF branded soft toys .",
        "primary_image": "https://www.heinemann-shop.com/medias/527Wx527H-null?context=bWFzdGVyfGltYWdlc3w2NTIyM3xpbWFnZS9qcGVnfGFEa3dMMmc0Tnk4eE1ESTBOalUxTlRNMk9UVXdNaTgxTWpkWGVEVXlOMGhmYm5Wc2JBfDg2Njc2ODNjNDYxYTYyNzk5MjEwMzU3NzgxYWI5ZmYwYmY4MGRkMGVmMDdlMDU2NDkxMThhMjMzNzAzM2U2YmI&v=1705966283633",
        "images": []
    },
    {
        "product_url": "https://www.heinemann-shop.com/en/global/ty/ty-beanie-boos-regular-6in-turbo-spotted-turtle-reg/p/000000000001526682/",
        "brand_name": "Ty",
        "brand_url": "https://www.heinemann-shop.com/en/global/ty/c/BRAND_8275/",
        "product_name": "TY, Beanie Boos Regular 6in, TURBO - spotted turtle reg",
        "quantity": "\n        ",
        "price": "\u20ac8.90",
        "price_per_quantity": "",
        "stock_availability": "Low stock",
        "description": "Beanie Boo's are the best selling and most popular plush brand. Many different designs of the coveted collectors objects with the well-known glitter eyes are available.",
        "primary_image": "https://www.heinemann-shop.com/medias/527Wx527H-null?context=bWFzdGVyfGltYWdlc3w2MDY5M3xpbWFnZS9qcGVnfGFEQTFMMmc1TUM4NU9EUXpPRGt4TURFeE5qRTBMelV5TjFkNE5USTNTRjl1ZFd4c3xhYTVlOTlhYjVlYzdmZjQxMTY2MTcwMGM1MDI2NDdmMzkyN2QwNjI5OGE5Y2E5MzRmZmUxZjY2ZDk2ZDc3ZTc4&v=1695327850286",
        "images": []
    },
    {
        "product_url": "https://www.heinemann-shop.com/en/global/ty/ty-ty-squishy-beanies-captain-america-squish-25cm/p/000000000001556254/",
        "brand_name": "Ty",
        "brand_url": "https://www.heinemann-shop.com/en/global/ty/c/BRAND_8275/",
        "product_name": "TY, ty squishy beanies captain america - squish 25cm",
        "quantity": "\n        ",
        "price": "\u20ac11.90",
        "price_per_quantity": "",
        "stock_availability": "Low stock",
        "description": "Part of Ty's hugely popular Marvel range - an instantly recognisable television & movie character. Plush fabric, highly tactile, brightly coloured, collectable soft toy.",
        "primary_image": "https://www.heinemann-shop.com/medias/527Wx527H-null?context=bWFzdGVyfGltYWdlc3w0NzczMnxpbWFnZS9qcGVnfGFHWXhMMmd5Wmk4eE1UTXhNVEU1TnpReU1UVTVPQzgxTWpkWGVEVXlOMGhmYm5Wc2JBfGJhMjU3YmU3MWYzNDVkYTUwNGJjNmJhY2YwZGZlZjEzYjNjMDBmMThkNDA5OWIyNjdkNGFhOTI3NmVhNjEwOWU&v=1729801956688",
        "images": []
    },
    {
        "product_url": "https://www.heinemann-shop.com/en/global/ty/ty-beanie-bellies-15cm-clawdia-tiger/p/000000000001623056/",
        "brand_name": "Ty",
        "brand_url": "https://www.heinemann-shop.com/en/global/ty/c/BRAND_8275/",
        "product_name": "Ty, Beanie Bellies 15cm, clawdia tiger",
        "quantity": "",
        "price": "\u20ac8.90",
        "price_per_quantity": "",
        "stock_availability": "",
        "description": "Part of Ty's very popular Ty Beanie Babies range. A collectable plush toy made from colorful plush material and with a high tactile feel. Suitable from birth.",
        "primary_image": "https://www.heinemann-shop.com/medias/527Wx527H-null?context=bWFzdGVyfGltYWdlc3w3OTM3MnxpbWFnZS9qcGVnfGFEazRMMmhtT0M4eE1USXlNelkzTnprNU1qazVNQzgxTWpkWGVEVXlOMGhmYm5Wc2JBfDczZjQ4M2U5ODYxMTJkZjA1NTYxNDM3MmQwY2RkZDllZmQwODI5NmVlYmNkMjVkZDA3NmI3MzM4YTFmMjM2MzU&v=1728074487044",
        "images": []
    },
    {
        "product_url": "https://www.heinemann-shop.com/en/global/aurora/aurora-shaun-the-sheep-shaun-the-sheep-30cm/p/000000000001572631/",
        "brand_name": "Aurora",
        "brand_url": "https://www.heinemann-shop.com/en/global/aurora/c/BRAND_3975/",
        "product_name": "Aurora, Shaun The Sheep, shaun the sheep 30cm",
        "quantity": "",
        "price": "\u20ac27.90",
        "price_per_quantity": "",
        "stock_availability": "",
        "description": "Shaun the Sheep plush toy 30cm, super soft & cuddly with that unmistakable Shaun the Sheep expression",
        "primary_image": "https://www.heinemann-shop.com/medias/527Wx527H-null?context=bWFzdGVyfGltYWdlc3w0MTcwOXxpbWFnZS9qcGVnfGFHWTFMMmd6T1M4eE1ESTFPREEzTURRd05URTFNQzgxTWpkWGVEVXlOMGhmYm5Wc2JBfDNkZTMwNzllMjQyYWFkNWNkZjM1NDkwMmE2MDAyN2M4MjQ4YTRjOWRlNzAwMDU5YWUxNzNlYWU3Y2VhODNhYWY&v=1706221365453",
        "images": []
    },
    {
        "product_url": "https://www.heinemann-shop.com/en/global/michael-kors/michael-kors-women-s-sunglasses/p/000000000001571946/",
        "brand_name": "Michael Kors",
        "brand_url": "https://www.heinemann-shop.com/en/global/michael-kors/c/BRAND_3794/",
        "product_name": "Michael Kors, women's sunglasses",
        "quantity": "0\u00a0Item",
        "price": "",
        "price_per_quantity": "",
        "stock_availability": "",
        "description": "",
        "primary_image": "https://www.heinemann-shop.com/medias/527Wx527H-null?context=bWFzdGVyfGltYWdlc3wyOTM1N3xpbWFnZS9qcGVnfGFEQXhMMmc0TkM4eE1ESXlOVE13TkRnNU5UVXhPQzgxTWpkWGVEVXlOMGhmYm5Wc2JBfDNkODRhY2YwNTExYzQzMjRkODA0ZjJlZTJjODI4MGRlOTFiMmIwMWU1YTY4MjVjZTcxMGY1OTg3ZDE3ZTBiZjc&v=1705453620339",
        "images": []
    },
    {
        "product_url": "https://www.heinemann-shop.com/en/global/michael-kors/michael-kors-women-s-sunglasses/p/000000000001572035/",
        "brand_name": "Michael Kors",
        "brand_url": "https://www.heinemann-shop.com/en/global/michael-kors/c/BRAND_3794/",
        "product_name": "Michael Kors, women's sunglasses",
        "quantity": "0\u00a0Item",
        "price": "",
        "price_per_quantity": "",
        "stock_availability": "",
        "description": "",
        "primary_image": "https://www.heinemann-shop.com/medias/527Wx527H-null?context=bWFzdGVyfGltYWdlc3wyODczN3xpbWFnZS9qcGVnfGFERmhMMmd3TVM4eE1ESXlOVE13TXpBNU16STNPQzgxTWpkWGVEVXlOMGhmYm5Wc2JBfDA2ODY2YzJhOTk2ZDc2YjU0MGFiYmFhYTY1MmZkNmY0YThlZTA0OTZmZjZjYTdjZjI4ZWI4MTIxZWFkODc1YmE&v=1705453501153",
        "images": []
    },
    {
        "product_url": "https://www.heinemann-shop.com/en/global/aurora/aurora-palm-pal-pizza-slice-13cm/p/000000000001598466/",
        "brand_name": "Aurora",
        "brand_url": "https://www.heinemann-shop.com/en/global/aurora/c/BRAND_3975/",
        "product_name": "Aurora, Palm Pal, pizza slice 13cm",
        "quantity": "",
        "price": "\u20ac9.90",
        "price_per_quantity": "",
        "stock_availability": "",
        "description": "Palm Pals - are part of our \"eco friendly\" collection, lovingly created using recyled & sustainable materials such as fibre fills made from 100% recyled plastics, cloth labels made from recycled materials to help make a greener planet",
        "primary_image": "https://www.heinemann-shop.com/medias/527Wx527H-null?context=bWFzdGVyfGltYWdlc3w0Njg1MXxpbWFnZS9qcGVnfGFHRXdMMmczT0M4NU9ETTROamd6TVRJM09ETTRMelV5TjFkNE5USTNTRjl1ZFd4c3wzZGFhMjFiMTVmMTg0ODQ2NDRjMWI0NzJhYTFiNTVkZGRhMmJhNzk1MmYyNDdiNmQ4MGNhMzhlMGYwY2M0YjJj&v=1695155419372",
        "images": []
    },
    {
        "product_url": "https://www.heinemann-shop.com/en/global/dior/dior-man-men-s-sunglasses/p/000000000001490216/",
        "brand_name": "Dior",
        "brand_url": "https://www.heinemann-shop.com/en/global/dior/c/BRAND_0758/",
        "product_name": "Dior, Man, men's sunglasses",
        "quantity": "",
        "price": "",
        "price_per_quantity": "",
        "stock_availability": "",
        "description": "",
        "primary_image": "https://www.heinemann-shop.com/medias/527Wx527H-null?context=bWFzdGVyfGltYWdlc3wxODk1NHxpbWFnZS9qcGVnfGFEQXhMMmhqTmk4eE1ESXlORGsyTURnNU56QTFOQzgxTWpkWGVEVXlOMGhmYm5Wc2JBfDg1NDRjYmQ2ZWFkN2U5YTM0MzI0YTc1MWJlYzljZjlkMWU4M2UzZmJlYjJlOGE3NGQyZGFkNjQ0OGE2NmU4YTY&v=1705447752741",
        "images": []
    },
    {
        "product_url": "https://www.heinemann-shop.com/en/global/prada/prada-women-s-sunglasses/p/000000000001571907/",
        "brand_name": "Prada",
        "brand_url": "https://www.heinemann-shop.com/en/global/prada/c/BRAND_2803/",
        "product_name": "Prada, women's sunglasses",
        "quantity": "0\u00a0Item",
        "price": "",
        "price_per_quantity": "",
        "stock_availability": "",
        "description": "",
        "primary_image": "https://www.heinemann-shop.com/medias/527Wx527H-null?context=bWFzdGVyfGltYWdlc3wyNjMxOHxpbWFnZS9qcGVnfGFHRmtMMmhsT0M4eE1EZ3hPRGsyT0RnME5qTTJOaTgxTWpkWGVEVXlOMGhmYm5Wc2JBfGRhYzRmOWVhNmM0ODU3NjdlNTlmYTYwNjAxODljY2NhYjYwY2EwMDllZGEzNzRhZWIwZjVlMDU2OTMxOGI3YWU&v=1719606629206",
        "images": []
    },
    {
        "product_url": "https://www.heinemann-shop.com/en/global/prada/prada-women-s-sunglasses/p/000000000001571855/",
        "brand_name": "Prada",
        "brand_url": "https://www.heinemann-shop.com/en/global/prada/c/BRAND_2803/",
        "product_name": "Prada, women's sunglasses",
        "quantity": "0\u00a0Item",
        "price": "",
        "price_per_quantity": "",
        "stock_availability": "",
        "description": "",
        "primary_image": "https://www.heinemann-shop.com/medias/527Wx527H-null?context=bWFzdGVyfGltYWdlc3wyNTQ2OHxpbWFnZS9qcGVnfGFHRmtMMmcxTnk4eE1EUTFNemsyTXpRd056TTVNQzgxTWpkWGVEVXlOMGhmYm5Wc2JBfDQ3YjhmYjkxZjQyNTU4N2YzYzNmNzkyOTBkNGU5ZjkyODY2NDhkZTM5ZTIzMGM5MTczZDY1YTliMWVlNDJhYTE&v=1710798589268",
        "images": []
    },
    {
        "product_url": "https://www.heinemann-shop.com/en/global/dior/dior-man-men-s-sunglasses/p/000000000001568779/",
        "brand_name": "Dior",
        "brand_url": "https://www.heinemann-shop.com/en/global/dior/c/BRAND_0758/",
        "product_name": "Dior, Man, men's sunglasses",
        "quantity": "",
        "price": "",
        "price_per_quantity": "",
        "stock_availability": "",
        "description": "",
        "primary_image": "https://www.heinemann-shop.com/medias/527Wx527H-null?context=bWFzdGVyfGltYWdlc3wxNzY4MHxpbWFnZS9qcGVnfGFEVmhMMmcxTkM4eE1ESXlOVEU1TmpnNU1qRTVNQzgxTWpkWGVEVXlOMGhmYm5Wc2JBfDYxYjkwNGIwNTljYjgyN2E3NGFjYjhiNGNlMGNlZjJjNWY0YzM4MjNhNjJiYjYyYjNjYmE4ZDBkZGM5ZGY1ZDc&v=1705452948835",
        "images": []
    },
    {
        "product_url": "https://www.heinemann-shop.com/en/global/ty/ty-beanie-boo-24cm-husky-prince/p/000000000001588699/",
        "brand_name": "Ty",
        "brand_url": "https://www.heinemann-shop.com/en/global/ty/c/BRAND_8275/",
        "product_name": "Ty, Beanie Boo 24Cm, husky prince",
        "quantity": "",
        "price": "\u20ac15.90",
        "price_per_quantity": "",
        "stock_availability": "",
        "description": "Beanie Boo's are the best selling and most popular plush brand. Many different designs of the coveted collectors objects with the well-known glitter eyes are available.",
        "primary_image": "https://www.heinemann-shop.com/medias/527Wx527H-null?context=bWFzdGVyfGltYWdlc3w3MTg1OXxpbWFnZS9qcGVnfGFEZGpMMmc0T1M4NU9ERXdOVGM1T0RFMk5EYzRMelV5TjFkNE5USTNTRjl1ZFd4c3wzMDM4NWU0ZjdhYjI1NzMxNjFhMzJiNzkwNjFkZjY4ZmRjZTgxYTEzYjgzMDY5ZmUyYmYwNzExOWY1MGQ4OWM2&v=1693259460277",
        "images": []
    },
    {
        "product_url": "https://www.heinemann-shop.com/en/global/aurora/aurora-eco-nation-teddy-bear-28cm/p/000000000001593607/",
        "brand_name": "Aurora",
        "brand_url": "https://www.heinemann-shop.com/en/global/aurora/c/BRAND_3975/",
        "product_name": "Aurora, Eco Nation, teddy bear 28cm",
        "quantity": "",
        "price": "\u20ac20.90",
        "price_per_quantity": "",
        "stock_availability": "",
        "description": "The Eco Nation collection contributes to a greener planet by using fabrics and fibre fills made from recycled plastic bottles - removing all plastic beans - embroidered eyes instead of plastic, it takes 8 x 500ml bottles to make one eco nation plush toy",
        "primary_image": "https://www.heinemann-shop.com/medias/527Wx527H-null?context=bWFzdGVyfGltYWdlc3w1MDIxMXxpbWFnZS9qcGVnfGFHSXdMMmhrWXk4eE1EQXdNVEkzTkRFME1qYzFNQzgxTWpkWGVEVXlOMGhmYm5Wc2JBfGI2ZTA0YTc1ZmQ4NGNjMzIzOGRhZjg2ZTZiMjQyMjNmMGU3YTM5OGQ3MjgwMWViZjQ4M2RjMzRmMGFmZDllOWE&v=1699924109783",
        "images": []
    },
    {
        "product_url": "https://www.heinemann-shop.com/en/global/aurora/aurora-eco-nation-cow-26cm/p/000000000001578767/",
        "brand_name": "Aurora",
        "brand_url": "https://www.heinemann-shop.com/en/global/aurora/c/BRAND_3975/",
        "product_name": "Aurora, Eco Nation, cow 26cm",
        "quantity": "",
        "price": "\u20ac20.90",
        "price_per_quantity": "",
        "stock_availability": "",
        "description": "Eco Nation Cow - part of our \"eco nation\" collection, lovingly created using recyled & sustainable materials such as fibre fills made from 100% recyled plastics, cloth labels made from recycled materials to help make a greener planet",
        "primary_image": "https://www.heinemann-shop.com/medias/527Wx527H-null?context=bWFzdGVyfGltYWdlc3wzMjYwOXxpbWFnZS9qcGVnfGFEaG1MMmc0T0M4NU56WTFNemN5TVRNek5EQTJMelV5TjFkNE5USTNTRjl1ZFd4c3xhZWYwNWYzYjcxZGQxZTFlMDc2OGRhNmVlMjgxZTY0MjA5MzBhNTJmOTM1NDgwNGQ1YmEyYTgxODA4MzVlNDlj&v=1684354779238",
        "images": []
    },
    {
        "product_url": "https://www.heinemann-shop.com/en/global/ty/ty-beanie-boo-15cm-lion-ramsey/p/000000000001346613/",
        "brand_name": "Ty",
        "brand_url": "https://www.heinemann-shop.com/en/global/ty/c/BRAND_8275/",
        "product_name": "Ty, Beanie Boo 15Cm, lion ramsey",
        "quantity": "",
        "price": "\u20ac8.90",
        "price_per_quantity": "",
        "stock_availability": "",
        "description": "Beanie Boo's are the best selling and most popular plush brand. Many different designs of the coveted collectors objects with the well-known glitter eyes are available.",
        "primary_image": "https://www.heinemann-shop.com/medias/527Wx527H-null?context=bWFzdGVyfGltYWdlc3w2MTcxNXxpbWFnZS9qcGVnfGFHTXpMMmd3Tnk4NU9EUXhPREV6TVRVNU9UWTJMelV5TjFkNE5USTNTRjl1ZFd4c3xmMjJjZTZlZThiNmE5NGZlNzQ1ZDI2NGE5Mjc5ZmU3ZWU2MmEwNzFmYWVmYjkwMTNiYjliYjgxMDg1OTNlZDI2&v=1695256517572",
        "images": []
    },
    {
        "product_url": "https://www.heinemann-shop.com/en/global/aurora/aurora-eco-nation-hippopotamus-27cm/p/000000000001593604/",
        "brand_name": "Aurora",
        "brand_url": "https://www.heinemann-shop.com/en/global/aurora/c/BRAND_3975/",
        "product_name": "Aurora, Eco Nation, hippopotamus 27cm",
        "quantity": "",
        "price": "\u20ac20.90",
        "price_per_quantity": "",
        "stock_availability": "",
        "description": "The Eco Nation collection contributes to a greener planet by using fabrics and fibre fills made from recycled plastic bottles - removing all plastic beans - embroidered eyes instead of plastic, it takes 8 x 500ml bottles to make one eco nation plush toy",
        "primary_image": "https://www.heinemann-shop.com/medias/527Wx527H-null?context=bWFzdGVyfGltYWdlc3wzOTkyM3xpbWFnZS9qcGVnfGFHTTVMMmcwWWk4eE1EQXdNVEkzTVRjNE16UTFOQzgxTWpkWGVEVXlOMGhmYm5Wc2JBfDI4NzJkNThkN2JlZmU5ZGRlZmQ4MmExNWY5MmZlZDNmZjA1MjJkMWZkNDk3OWNkMjJkNmUyYWFmNTdlZmY4MTM&v=1699924100809",
        "images": []
    },
    {
        "product_url": "https://www.heinemann-shop.com/en/global/ty/ty-squish-a-boo-35cm-bear-hope/p/000000000001598371/",
        "brand_name": "Ty",
        "brand_url": "https://www.heinemann-shop.com/en/global/ty/c/BRAND_8275/",
        "product_name": "Ty, Squish A Boo 35Cm, bear hope",
        "quantity": "",
        "price": "\u20ac15.90",
        "price_per_quantity": "",
        "stock_availability": "",
        "description": "Part of the brand new Squish-Aboo Heron. One of the extremely popular Star Wars series - an instantly recognizable TV and movie character. A collectible plush toy made of colorful plush and with a high tactile feel. Suitable from birth.",
        "primary_image": "https://www.heinemann-shop.com/medias/527Wx527H-null?context=bWFzdGVyfGltYWdlc3w2MDE5OXxpbWFnZS9qcGVnfGFEQTNMMmd5TVM4NU9EUXhOVFF4TXpRNU5EQTJMelV5TjFkNE5USTNTRjl1ZFd4c3w3YjVkYjFiZTQ3ZGExODcwNzFhMzkwY2E2MmYwMzM2MGNiODEzM2E0OGY1YjcwMzk4ZDI3ZWJiYzE5ZGVlOTc1&v=1695243867992",
        "images": []
    },
    {
        "product_url": "https://www.heinemann-shop.com/en/global/ty/ty-beanie-boos-regular-6in-meadow-orange-fox-reg/p/000000000001526529/",
        "brand_name": "Ty",
        "brand_url": "https://www.heinemann-shop.com/en/global/ty/c/BRAND_8275/",
        "product_name": "TY, Beanie Boos Regular 6in, MEADOW - orange fox reg",
        "quantity": "",
        "price": "\u20ac8.90",
        "price_per_quantity": "",
        "stock_availability": "",
        "description": "Beanie Boo's are the best selling and most popular plush brand. Many different designs of the coveted collectors objects with the well-known glitter eyes are available.",
        "primary_image": "https://www.heinemann-shop.com/medias/527Wx527H-null?context=bWFzdGVyfGltYWdlc3w2MDIxM3xpbWFnZS9qcGVnfGFHRTVMMmd3TXk4NU9EUXpPRGc1TmpZNE1USTJMelV5TjFkNE5USTNTRjl1ZFd4c3w3YzkyMWUxZDQxMGY1ODlkZWRmODRjYmI2YTZlMjg4YjIxMjg1OGI5YzVmYTBlYzkwOGE2MmY2ZDRkMTZlOGVl&v=1695327779702",
        "images": []
    },
    {
        "product_url": "https://www.heinemann-shop.com/en/global/steiff/steiff-soft-cuddly-friends-soft-cuddly-friends-unica-dangling-unicorn/p/000000000001572056/",
        "brand_name": "Steiff",
        "brand_url": "https://www.heinemann-shop.com/en/global/steiff/c/BRAND_0528/",
        "product_name": "Steiff, Soft Cuddly Friends, soft cuddly friends unica dangling unicorn",
        "quantity": "",
        "price": "\u20ac36.90",
        "price_per_quantity": "",
        "stock_availability": "",
        "description": "Measuring 27 cm tall, Soft Cuddly Friends Unica dangling unicorn comes in a lying-down position with little bean bags in its hooves and tummy, providing extra stability and a wonderful sensory experience for children. With its golden horn and two sparkling golden stars on the left side of its bottom, Unica will capture the hearts of children everywhere. Unica will make any adventure twice as fun. This dangling unicorn will whisk your children away to an enchanted world full of magic.",
        "primary_image": "https://www.heinemann-shop.com/medias/527Wx527H-null?context=bWFzdGVyfGltYWdlc3wzMzc4NnxpbWFnZS9qcGVnfGFEQmtMMmcwWXk4NU56VXhPVEU0TVRRNU5qWXlMelV5TjFkNE5USTNTRjl1ZFd4c3w0NWJkNmIyZjM5ZWJkY2ZmOTBhODQzOTI2YTgzYmFhNjA5MWMwNzU5ZmQxNzE3ZjVlY2NjNDEzZTZkZmI3Mjlj&v=1680552359212",
        "images": []
    },
    {
        "product_url": "https://www.heinemann-shop.com/en/global/aurora/aurora-palm-pals-milky-tea-boba-13cm/p/000000000001683189/",
        "brand_name": "Aurora",
        "brand_url": "https://www.heinemann-shop.com/en/global/aurora/c/BRAND_3975/",
        "product_name": "Aurora, Palm Pals, milky tea \"boba\" 13cm",
        "quantity": "",
        "price": "\u20ac9.90",
        "price_per_quantity": "",
        "stock_availability": "",
        "description": "Palm Pals Milky Tea \"Boba\" ( Bubble Tea ) 13cm",
        "primary_image": "https://www.heinemann-shop.com/medias/527Wx527H-null?context=bWFzdGVyfGltYWdlc3w1NjUxM3xpbWFnZS9qcGVnfGFEZ3hMMmhoWWk4eE1UWTNNRGsyTkRVek5UTXlOaTgxTWpkWGVEVXlOMGhmYm5Wc2JBfDkyOGRkMWFlYjBiMTkwMjgwY2YzZmFiNWM0NTRhMmU3ZDJkYWUwNmI5NTQwMDJhZTBjOWM5MmU5MDM3YzYwZGY&v=1737580919413",
        "images": []
    },
    {
        "product_url": "https://www.heinemann-shop.com/en/global/aurora/aurora-palm-pals-bobby-egg-13cm/p/000000000001572576/",
        "brand_name": "Aurora",
        "brand_url": "https://www.heinemann-shop.com/en/global/aurora/c/BRAND_3975/",
        "product_name": "Aurora, Palm Pals, bobby egg 13cm",
        "quantity": "",
        "price": "\u20ac9.90",
        "price_per_quantity": "",
        "stock_availability": "",
        "description": "Palm Pals - are part of our \"eco friendly\" collection, lovingly created using recyled & sustainable materials such as fibre fills made from 100% recyled plastics, cloth labels made from recycled materials to help make a greener planet",
        "primary_image": "https://www.heinemann-shop.com/medias/527Wx527H-null?context=bWFzdGVyfGltYWdlc3wzOTY2MnxpbWFnZS9qcGVnfGFEQTRMMmhsTnk4NU56VXhPVGd4TWpJNE1EWXlMelV5TjFkNE5USTNTRjl1ZFd4c3w1NmU2ZGQ0NjE4MzQzMjljMzBiZWI2MjE0NmMzODE4NmU4MWIzZWQxMjcxYzk4YjEwOGI2MTEyY2JlY2Q4MTAz&v=1680555026522",
        "images": []
    },
    {
        "product_url": "https://www.heinemann-shop.com/en/global/aurora/aurora-penguin-24cm/p/000000000001486486/",
        "brand_name": "Aurora",
        "brand_url": "https://www.heinemann-shop.com/en/global/aurora/c/BRAND_3975/",
        "product_name": "Aurora, penguin 24cm",
        "quantity": "",
        "price": "\u20ac20.90",
        "price_per_quantity": "",
        "stock_availability": "",
        "description": "Black white & grey standing Penguin made from recycled and natural materials, plastic eyes removed and replaced by embroidered eyes, 8 x 500 ml PET bottles used in the production of this item new production processess ensure a high quality, super soft, cute plush toy",
        "primary_image": "https://www.heinemann-shop.com/medias/527Wx527H-null?context=bWFzdGVyfGltYWdlc3w0ODgxN3xpbWFnZS9qcGVnfGFEa3dMMmcwTlM4NU56VXhNVEUyTmpjM01UVXdMelV5TjFkNE5USTNTRjl1ZFd4c3xmOWYzYjBmZDZhZjUxZjZlNGVhNjMxNTk2MDEyYjg2MTQyYjRhYzQyZDgxYzZhMWFmOGZmYzdhNjA4ZDdhYjM3&v=1680231023022",
        "images": []
    },
    {
        "product_url": "https://www.heinemann-shop.com/en/global/wwf/wwf-eco-koala-22cm/p/000000000001683822/",
        "brand_name": "WWF",
        "brand_url": "https://www.heinemann-shop.com/en/global/wwf/c/BRAND_2595/",
        "product_name": "WWF, eco koala 22cm",
        "quantity": "",
        "price": "\u20ac34.90",
        "price_per_quantity": "",
        "stock_availability": "",
        "description": "IBTT has developed a plush collection that embraces the values of WWF and donates 12% to your local WWF of every plush item sold. WWF has been protecting the future of nature for more than 50 years. Passionate, optimistic, credible and inspiring , that\u2019s what the WWF Plush Collection stands for. We are very proud to contribute to its mission by producing WWF branded soft toys .",
        "primary_image": "https://www.heinemann-shop.com/medias/527Wx527H-null?context=bWFzdGVyfGltYWdlc3w0MzM4NHxpbWFnZS9qcGVnfGFHWmpMMmhtT0M4eE1UWXdOVFEwTlRJeE5ESXpPQzgxTWpkWGVEVXlOMGhmYm5Wc2JBfDIxYWY1NmE5YjVjZTFhYjkxMzg1MmMxMDA3Yzg0NmU3ZWY5NmJlNDg5YmExZWFlZGViZGViNzI4NjRjZDBiODA&v=1736199073038",
        "images": []
    },
    {
        "product_url": "https://www.heinemann-shop.com/en/global/aurora/aurora-yoohoo-chewoo-squirrel-8in/p/000000000001390897/",
        "brand_name": "Aurora",
        "brand_url": "https://www.heinemann-shop.com/en/global/aurora/c/BRAND_3975/",
        "product_name": "Aurora, Yoohoo, chewoo squirrel 8in",
        "quantity": "",
        "price": "\u20ac15.90",
        "price_per_quantity": "",
        "stock_availability": "",
        "description": "\"Shooga Glider\" from our Yoohoo family is made from supersoft plush fabric and stands 20.3cm tall. \"Chewoo Squirrel\" is one of the popular characters currently appearing in the Yoohoo Netflix Orginal Kids cartoon series.",
        "primary_image": "https://www.heinemann-shop.com/medias/527Wx527H-null?context=bWFzdGVyfGltYWdlc3w1NzMxM3xpbWFnZS9qcGVnfGFEWTRMMmhrWlM4NU56VXhNRFkyTXpjNE1qY3dMelV5TjFkNE5USTNTRjl1ZFd4c3xmMWYyODQzY2RmYTZhOWEzYTNmMmY3YzExMzU1ZDNkM2QxNzFhNTQyMjBlYzlmNTc4NzYzYjViNmQwNmVmN2I5&v=1680220819400",
        "images": []
    },
    {
        "product_url": "https://www.heinemann-shop.com/en/global/emporio-armani/emporio-armani-men-s-sunglasses/p/000000000001571816/",
        "brand_name": "Emporio Armani",
        "brand_url": "https://www.heinemann-shop.com/en/global/emporio-armani/c/BRAND_2320/",
        "product_name": "Emporio Armani, men's sunglasses",
        "quantity": "1\u00a0Item",
        "price": "",
        "price_per_quantity": "",
        "stock_availability": "",
        "description": "",
        "primary_image": "https://www.heinemann-shop.com/medias/527Wx527H-null?context=bWFzdGVyfGltYWdlc3wyNjEwMHxpbWFnZS9qcGVnfGFEUXpMMmcxTXk4eE1EVTFNVGN5TXpNeU56VXhPQzgxTWpkWGVEVXlOMGhmYm5Wc2JBfGQwNmY1NzdkMjA5ZDM0MGRkNjhkMDQ0N2U4OWU5MTIxYmE5OGRjOGYwNjA4NDRkNGY5M2ExZGQxYzExNjlhYmY&v=1712867944701",
        "images": []
    },
    {
        "product_url": "https://www.heinemann-shop.com/en/global/ty/ty-ty-beanie-boos-prince-husky-blue/p/000000000001529701/",
        "brand_name": "Ty",
        "brand_url": "https://www.heinemann-shop.com/en/global/ty/c/BRAND_8275/",
        "product_name": "TY, ty beanie boos prince - husky blue",
        "quantity": "",
        "price": "\u20ac8.90",
        "price_per_quantity": "",
        "stock_availability": "",
        "description": "Beanie Boo's are the best selling and most popular plush brand. Many different designs of the coveted collectors objects with the well-known glitter eyes are available.",
        "primary_image": "https://www.heinemann-shop.com/medias/527Wx527H-null?context=bWFzdGVyfGltYWdlc3w1OTg2NnxpbWFnZS9qcGVnfGFEVmxMMmc0T0M4eE1EZzRPVFl5TkRRMU16RTFNQzgxTWpkWGVEVXlOMGhmYm5Wc2JBfDJiNGYzZDVkMjc3MmJkYTc3M2EyNzU1NWFiY2QzNDMyZTQ1OThiYjIwYzkzZWI0ZDVjYjJlOTIwMWIzOWExNzk&v=1721161697368",
        "images": []
    },
    {
        "product_url": "https://www.heinemann-shop.com/en/global/steiff/steiff-soft-cuddly-friends-soft-cuddly-friends-gina-giraffe/p/000000000001593478/",
        "brand_name": "Steiff",
        "brand_url": "https://www.heinemann-shop.com/en/global/steiff/c/BRAND_0528/",
        "product_name": "Steiff, Soft Cuddly Friends, soft cuddly friends gina giraffe",
        "quantity": "",
        "price": "\u20ac22.90",
        "price_per_quantity": "",
        "stock_availability": "",
        "description": "Who is that looking so curiously into the world? That\u2019s our Soft Cuddly Friends Gina giraffe! Her beautiful black eyes with their loving gaze are completely focused on your little darling, with whom Gina wants to cuddle and play. The granulate bag in the bottom allows the 23 cm high Gina giraffe to sit upright and also feels really great. Just like the petting-soft plush that Gina is made of. Ready for a safari in the nursery?",
        "primary_image": "https://www.heinemann-shop.com/medias/527Wx527H-null?context=bWFzdGVyfGltYWdlc3w0ODQ0M3xpbWFnZS9qcGVnfGFHSXpMMmhoWWk4eE1EVTJPVFkwT0RZMk9EY3dNaTgxTWpkWGVEVXlOMGhmYm5Wc2JBfDljNzk5NWM1MjQzY2ZhZGY0NWE5NDdlYjFhOTU1Y2UyYjRiOWY5OTA1YTRjMWY4NzBlNThjMjM0NmI1NjFmNGY&v=1713323806832",
        "images": []
    },
    {
        "product_url": "https://www.heinemann-shop.com/en/global/ty/ty-ty-squishy-beanies-roxie-pink-fox-squish-25cm/p/000000000001529723/",
        "brand_name": "Ty",
        "brand_url": "https://www.heinemann-shop.com/en/global/ty/c/BRAND_8275/",
        "product_name": "TY, ty squishy beanies roxie - pink fox squish 25cm",
        "quantity": "",
        "price": "\u20ac8.90",
        "price_per_quantity": "",
        "stock_availability": "",
        "description": "Part of the brand new Squish-Aboo Heron. One of the extremely popular Star Wars series - an instantly recognizable TV and movie character. A collectible plush toy made of colorful plush and with a high tactile feel. Suitable from birth.",
        "primary_image": "https://www.heinemann-shop.com/medias/527Wx527H-null?context=bWFzdGVyfGltYWdlc3w0NTEzMXxpbWFnZS9qcGVnfGFHSmpMMmhoT0M4eE1EYzNPVGcwT1RZeU1UVXpOQzgxTWpkWGVEVXlOMGhmYm5Wc2JBfDBkZDgxY2ZjZGM5OTMxYzA5MmQ2MDU3ZDI0NDZjODc4MTRiMmI5OWI2MGU2NmI4ODJmY2MwMjE3NDU5ZGVjYTM&v=1718655216031",
        "images": []
    },
    {
        "product_url": "https://www.heinemann-shop.com/en/global/aurora/aurora-palm-pals-carrot-13cm/p/000000000001572639/",
        "brand_name": "Aurora",
        "brand_url": "https://www.heinemann-shop.com/en/global/aurora/c/BRAND_3975/",
        "product_name": "Aurora, Palm Pals, carrot 13cm",
        "quantity": "",
        "price": "\u20ac9.90",
        "price_per_quantity": "",
        "stock_availability": "",
        "description": "Palm Pals - are part of our \"eco friendly\" collection, lovingly created using recyled & sustainable materials such as fibre fills made from 100% recyled plastics, cloth labels made from recycled materials to help make a greener planet",
        "primary_image": "https://www.heinemann-shop.com/medias/527Wx527H-null?context=bWFzdGVyfGltYWdlc3w0OTIxNHxpbWFnZS9qcGVnfGFHTTFMMmhsTnk4NU56VXhOREkzTVRnMk56RTRMelV5TjFkNE5USTNTRjl1ZFd4c3w3NTljNzBiMzNiOGQ5ZjNmZTJkMGIyMDAyMzcwMmI3MDYzZmNkYzM1NzRhNTUzMzQzMjkxMjAwMzM4NDhjOGE2&v=1680304824024",
        "images": []
    },
    {
        "product_url": "https://www.heinemann-shop.com/en/global/aurora/aurora-fancy-pals-labrador-puppy/p/000000000001574140/",
        "brand_name": "Aurora",
        "brand_url": "https://www.heinemann-shop.com/en/global/aurora/c/BRAND_3975/",
        "product_name": "Aurora, Fancy Pals, - Labrador Puppy",
        "quantity": "",
        "price": "\u20ac20.90",
        "price_per_quantity": "",
        "stock_availability": "",
        "description": "Fancy Pals - are part of our \"eco friendly\" collection, lovingly created using recyled & sustainable materials such as fibre fills made from 100% recyled plastics, cloth labels made from recycled materials to help make a greener planet",
        "primary_image": "https://www.heinemann-shop.com/medias/527Wx527H-null?context=bWFzdGVyfGltYWdlc3w1NTExNXxpbWFnZS9qcGVnfGFEYzFMMmhtWWk4NU56VXhOREkzTnpFeE1EQTJMelV5TjFkNE5USTNTRjl1ZFd4c3xlNjVkZjA0NTZkYmYxYThlZDkzNmZiYWYxZjgyYjZjMzczODIyZGYxY2EzNzAzMjFkMmZkMDRiYTJkMGU4NDYy&v=1680304832697",
        "images": []
    },
    {
        "product_url": "https://www.heinemann-shop.com/en/global/aurora/aurora-sparkle-tales-unicorn-rainbow-7in-pink/p/000000000001353678/",
        "brand_name": "Aurora",
        "brand_url": "https://www.heinemann-shop.com/en/global/aurora/c/BRAND_3975/",
        "product_name": "Aurora, sparkle tales unicorn rainbow 7in pink",
        "quantity": "",
        "price": "\u20ac15.90",
        "price_per_quantity": "",
        "stock_availability": "",
        "description": "Enter the magical world of the \"Sparkle Tales Kingdom\" and meet \"Rainbow\" Unicorn standing at 18cm. \"Rainbow\" very special fabric plush material glitters & shines and is complemented by coloured keyed hooves and horn",
        "primary_image": "https://www.heinemann-shop.com/medias/527Wx527H-null?context=bWFzdGVyfGltYWdlc3w1Mzk0OHxpbWFnZS9qcGVnfGFEZG1MMmhpWmk4NU9EUXhPREE0TXpjMU9ETTRMelV5TjFkNE5USTNTRjl1ZFd4c3w1YjgxMzM5YTU1MjUyMGRiYWRhZmU2YTA3OWJjNzkyMzU2NmE2Yzk4MGU2NGU0ZDFiZTZhNGMzNTM5OGU4MWFi&v=1695253179597",
        "images": []
    },
    {
        "product_url": "https://www.heinemann-shop.com/en/global/ty/ty-squish-a-boo-35cm-cat-emma/p/000000000001598376/",
        "brand_name": "Ty",
        "brand_url": "https://www.heinemann-shop.com/en/global/ty/c/BRAND_8275/",
        "product_name": "Ty, Squish A Boo 35Cm, cat emma",
        "quantity": "",
        "price": "\u20ac15.90",
        "price_per_quantity": "",
        "stock_availability": "",
        "description": "Part of the brand new Squish-Aboo Heron. One of the extremely popular Star Wars series - an instantly recognizable TV and movie character. A collectible plush toy made of colorful plush and with a high tactile feel. Suitable from birth.",
        "primary_image": "https://www.heinemann-shop.com/medias/527Wx527H-null?context=bWFzdGVyfGltYWdlc3w2ODY2NXxpbWFnZS9qcGVnfGFHRXdMMmc1WkM4NU9EUXhOVFEwTkRrMU1UTTBMelV5TjFkNE5USTNTRjl1ZFd4c3w1ZTM4OGNkMGQ4NWNjM2Q2ZjQzYjE0ZmIyZWRhMTkyYTU2OTZhNGFiNTBmOGQ5ZDUyNTgyY2Y3MjczOTQ1NmY2&v=1695243983072",
        "images": []
    },
    {
        "product_url": "https://www.heinemann-shop.com/en/global/wwf/wwf-plush/p/000000000000292437/",
        "brand_name": "WWF",
        "brand_url": "https://www.heinemann-shop.com/en/global/wwf/c/BRAND_2595/",
        "product_name": "WWF, plush",
        "quantity": "",
        "price": "\u20ac26.90",
        "price_per_quantity": "",
        "stock_availability": "",
        "description": "Did you know that the egg of an emperor's penguin is laid by the female, but the male will help the egg to come out by keeping it in his \"brood patch\", on top of his feet, for two months. Will you help this sweet plush penguin find a cosy new home? The WWF Plush Collection by Bon Ton Toys is a wide range of durable, life-like plush animals especially designed for The World Wide Fund for Nature. All plush animals are handmade, contain 100% recycled PET filling and are manufactured according to the highest standards when it comes to child safety and ethical production. For every plush sold, a donation is made to WWF.",
        "primary_image": "https://www.heinemann-shop.com/medias/527Wx527H-null?context=bWFzdGVyfGltYWdlc3w0MjI4NXxpbWFnZS9qcGVnfGFEUXlMMmhrWmk4eE1UWXdPVEkyTXpFeE1qSXlNaTgxTWpkWGVEVXlOMGhmYm5Wc2JBfDllMjIwMmM3ZWEzMTVlZGNjODdmMTAxNWFmMmNmM2Y1ZDg2NmM5MWQwNGNlYjU5NGIyZjZjMDJlZmRmNzMyNjA&v=1736285573904",
        "images": []
    },
    {
        "product_url": "https://www.heinemann-shop.com/en/global/aurora/aurora-fox-23cm/p/000000000001486482/",
        "brand_name": "Aurora",
        "brand_url": "https://www.heinemann-shop.com/en/global/aurora/c/BRAND_3975/",
        "product_name": "Aurora, fox 23cm",
        "quantity": "",
        "price": "\u20ac20.90",
        "price_per_quantity": "",
        "stock_availability": "",
        "description": "Brown & white fox made from recycled and natural materials, plastic eyes removed and replaced by embroidered eyes, 8 x 500 ml PET bottles used in the production of this item new production processess ensure a high quality, super soft, cute plush toy",
        "primary_image": "https://www.heinemann-shop.com/medias/527Wx527H-null?context=bWFzdGVyfGltYWdlc3w1NDEzM3xpbWFnZS9qcGVnfGFERmxMMmczT1M4NU56VXhNRGd6TkRVd016azRMelV5TjFkNE5USTNTRjl1ZFd4c3xlNzI1NWY4OTk3MzU4MmEyZDc4YjExYzg0NzgzZWU4MjIwMWU4ZTNmMTcyYzdlZDgwNjBlMzdiMGQ4NzNjZTYx&v=1680231015631",
        "images": []
    },
    {
        "product_url": "https://www.heinemann-shop.com/en/global/wwf/wwf-hare-brown-19cm/p/000000000001683821/",
        "brand_name": "WWF",
        "brand_url": "https://www.heinemann-shop.com/en/global/wwf/c/BRAND_2595/",
        "product_name": "WWF, hare brown 19cm",
        "quantity": "",
        "price": "\u20ac26.90",
        "price_per_quantity": "",
        "stock_availability": "",
        "description": "IBTT has developed a plush collection that embraces the values of WWF and donates 12% to your local WWF of every plush item sold. WWF has been protecting the future of nature for more than 50 years. Passionate, optimistic, credible and inspiring , that\u2019s what the WWF Plush Collection stands for. We are very proud to contribute to its mission by producing WWF branded soft toys .",
        "primary_image": "https://www.heinemann-shop.com/medias/527Wx527H-null?context=bWFzdGVyfGltYWdlc3w0OTAzMXxpbWFnZS9qcGVnfGFESmpMMmcyTWk4eE1UY3dPVFF3TnpnMU5EWXlNaTgxTWpkWGVEVXlOMGhmYm5Wc2JBfGI5NDZhYzA3MDMwNzYwZjRlMDVjZmI3OTBiMjI2ZDJkYmNhN2YyZjdkMjVhZGZiNDNlYzc0NzIxMjA2ZTQxNmE&v=1738360112488",
        "images": []
    },
    {
        "product_url": "https://www.heinemann-shop.com/en/global/aurora/aurora-yoohoo-pammee-fennac-fox-8in/p/000000000001390894/",
        "brand_name": "Aurora",
        "brand_url": "https://www.heinemann-shop.com/en/global/aurora/c/BRAND_3975/",
        "product_name": "Aurora, Yoohoo, pammee fennac fox 8in",
        "quantity": "",
        "price": "\u20ac15.90",
        "price_per_quantity": "",
        "stock_availability": "",
        "description": "\"Shooga Glider\" from our Yoohoo family is made from supersoft plush fabric and stands 20.3cm tall. \"Pammee Fennac Fox\" is one of the popular characters currently appearing in the Yoohoo Netflix Orginal Kids cartoon series.",
        "primary_image": "https://www.heinemann-shop.com/medias/527Wx527H-null?context=bWFzdGVyfGltYWdlc3wzODQyNnxpbWFnZS9qcGVnfGFEa3dMMmhsTlM4NU56VXhNRFkyTVRRNE9EazBMelV5TjFkNE5USTNTRjl1ZFd4c3wwOWRhYzExMTQ3ZmIyMzIxMjZhY2RhNTMwYTRkMDYzZTYxZGYzZjA0NjcyOWJkZDk5MmU5NjEyNDhiZjMzMjIz&v=1680220815503",
        "images": []
    },
    {
        "product_url": "https://www.heinemann-shop.com/en/global/aurora/aurora-sparkle-tales-unicorn-lolly-7in-white/p/000000000001353679/",
        "brand_name": "Aurora",
        "brand_url": "https://www.heinemann-shop.com/en/global/aurora/c/BRAND_3975/",
        "product_name": "Aurora, sparkle tales unicorn lolly 7in white",
        "quantity": "",
        "price": "\u20ac15.90",
        "price_per_quantity": "",
        "stock_availability": "",
        "description": "Enter the magical world of the \"Sparkle Tales Kingdom\" and meet \"Lolly\" Unicorn standing at 18cm. \"Lolly\" very special fabric plush material glitters & shines and is complemented by coloured keyed hooves and horn.",
        "primary_image": "https://www.heinemann-shop.com/medias/527Wx527H-null?context=bWFzdGVyfGltYWdlc3w0NTQ3MHxpbWFnZS9qcGVnfGFEQTNMMmhpTmk4NU9EUXhPREE0TmpBMU1qRTBMelV5TjFkNE5USTNTRjl1ZFd4c3wyYmQxZjNlMTQ3M2E2MzBjN2YxYjM3NDJhNzM5ODViYWM4OTYyMzk2OTMzYzk3MjQxMzkxZjM3NDM0ODM3ZGQz&v=1695253196879",
        "images": []
    },
    {
        "product_url": "https://www.heinemann-shop.com/en/global/steiff/steiff-ben-oktoberfest/p/000000000001671826/",
        "brand_name": "Steiff",
        "brand_url": "https://www.heinemann-shop.com/en/global/steiff/c/BRAND_0528/",
        "product_name": "Steiff, ben oktoberfest",
        "quantity": "",
        "price": "",
        "price_per_quantity": "",
        "stock_availability": "",
        "description": "Discover the charming Ben Teddy bear \u2013 a 30 cm tall cuddly companion made from soft, beige plush, beautifully embodying Bavarian tradition. Ben wears lovingly designed clothes inspired by classic Bavarian costumes. His stylised lederhosen with detailed decorative stitching are complemented by a blue and white checked shirt, evoking the heart of Bavaria. The highlight: a smart waistcoat with a carefully printed Bavarian coat of arms on the back, making Ben a true eye-catcher. Perfect for cuddling, loving, or as a gift for anyone with a love for Bavaria!",
        "primary_image": "https://www.heinemann-shop.com/medias/527Wx527H-null?context=bWFzdGVyfGltYWdlc3w2Nzg0NnxpbWFnZS9qcGVnfGFHSTNMMmd4TUM4eE1UWTNNREkzTVRBd01EWXdOaTgxTWpkWGVEVXlOMGhmYm5Wc2JBfGQ2OGFmNWUzOTBkMmQ5MTcxMTkwMDFlYjU5ODg1NWI0Mzc5NTYwZTYyOWYwODA0M2YxOGRjZDQyMDcyN2U1YmY&v=1737580697934",
        "images": [
            "https://www.heinemann-shop.com/medias/527Wx527H-null?context=bWFzdGVyfGltYWdlc3w2Nzg0NnxpbWFnZS9qcGVnfGFHSTNMMmd4TUM4eE1UWTNNREkzTVRBd01EWXdOaTgxTWpkWGVEVXlOMGhmYm5Wc2JBfGQ2OGFmNWUzOTBkMmQ5MTcxMTkwMDFlYjU5ODg1NWI0Mzc5NTYwZTYyOWYwODA0M2YxOGRjZDQyMDcyN2U1YmY&v=1737580697934",
            "https://www.heinemann-shop.com/medias/527Wx527H-null?context=bWFzdGVyfGltYWdlc3w2MzA4N3xpbWFnZS9qcGVnfGFHSXdMMmhpWmk4eE1UWTNNRGsyT1RZeE5ETTJOaTgxTWpkWGVEVXlOMGhmYm5Wc2JBfDAwOGNkMWFiM2Q2M2RhZmQ2ZGQ4ZmU2YzdiYTc1MTMzYzZjZTFjZjNjMGQwMGFkODczYTUyYjIxYjJhOGVhZDI&v=1737581110051"
        ]
    },
    {
        "product_url": "https://www.heinemann-shop.com/en/global/steiff/steiff-soft-cuddly-friends-soft-cuddly-friends-samu-dragon/p/000000000001593474/",
        "brand_name": "Steiff",
        "brand_url": "https://www.heinemann-shop.com/en/global/steiff/c/BRAND_0528/",
        "product_name": "Steiff, Soft Cuddly Friends, soft cuddly friends samu dragon",
        "quantity": "",
        "price": "\u20ac36.90",
        "price_per_quantity": "",
        "stock_availability": "",
        "description": "Our cheeky Soft Cuddly Friends Samu dragon measures 28 cm tall. This super cute, pale blue dragon comes with green wings and a dark blue tummy. This little dragon will take your children to an enchanted world full of magic where they will brave all kinds of exciting adventures.",
        "primary_image": "https://www.heinemann-shop.com/medias/527Wx527H-null?context=bWFzdGVyfGltYWdlc3w1MTc4MnxpbWFnZS9qcGVnfGFEaGlMMmhpT0M4eE1EVTJPVFl6TlRZNU1qVTNOQzgxTWpkWGVEVXlOMGhmYm5Wc2JBfDkzY2Y3MTA1YWUzYzQ2NjlkNjkyNGNlZDk4ZjdmOTEyNzY1NWQ0NGNkZWI0NGUwYjhhYjYxNTA1OTU0ZjFhYzU&v=1713310521658",
        "images": []
    },
    {
        "product_url": "https://www.heinemann-shop.com/en/global/aurora/aurora-fancy-pals-princess-kitty/p/000000000001390876/",
        "brand_name": "Aurora",
        "brand_url": "https://www.heinemann-shop.com/en/global/aurora/c/BRAND_3975/",
        "product_name": "Aurora, Fancy Pals, princess kitty",
        "quantity": "",
        "price": "\u20ac20.90",
        "price_per_quantity": "",
        "stock_availability": "",
        "description": "\"Fancy Pals\" is our pet carrier / \"peekaboo\" concept, 20cm plush beanie toy in a matching, designer plush bag, ideal for kids on the go - ref; 32791  is \"Kitten \" beanie toy in plush bag with kitten  plush applique - the carry bag also has matching colour handles with bag colour and glittery trim.",
        "primary_image": "https://www.heinemann-shop.com/medias/527Wx527H-null?context=bWFzdGVyfGltYWdlc3w1ODA1MXxpbWFnZS9qcGVnfGFESTJMMmd4WVM4eE1EQXdNRGMxTVRJNU5qVTBNaTgxTWpkWGVEVXlOMGhmYm5Wc2JBfDEwYzU2NmM5NmNiZjE5YjA4MTJkMTNiMjRjNmNlZTI3YzcyZDdiMDY2M2IxODY0NjA4OTY0Njc5ODZkMTU0YzI&v=1699914181175",
        "images": []
    },
    {
        "product_url": "https://www.heinemann-shop.com/en/global/aurora/aurora-eco-nation-t-rex-20cm/p/000000000001593605/",
        "brand_name": "Aurora",
        "brand_url": "https://www.heinemann-shop.com/en/global/aurora/c/BRAND_3975/",
        "product_name": "Aurora, Eco Nation, t rex 20cm",
        "quantity": "",
        "price": "\u20ac20.90",
        "price_per_quantity": "",
        "stock_availability": "",
        "description": "The Eco Nation collection contributes to a greener planet by using fabrics and fibre fills made from recycled plastic bottles - removing all plastic beans - embroidered eyes instead of plastic, it takes 8 x 500ml bottles to make one eco nation plush toy",
        "primary_image": "https://www.heinemann-shop.com/medias/527Wx527H-null?context=bWFzdGVyfGltYWdlc3w1OTIzOXxpbWFnZS9qcGVnfGFEZGxMMmd3Wmk4eE1EQXdNVEkzTWpNd056YzBNaTgxTWpkWGVEVXlOMGhmYm5Wc2JBfGEzMTNhZDE1YWZhMGMyNTczMmE4Y2U2YjA2YmI1OTkzYzgxNmU4ZGViMGRhZGMyZmYxOWRkZTZhOTkwMGE3ODk&v=1699924102804",
        "images": []
    },
    {
        "product_url": "https://www.heinemann-shop.com/en/global/aurora/aurora-eco-nation-axolotl-28cm/p/000000000001593606/",
        "brand_name": "Aurora",
        "brand_url": "https://www.heinemann-shop.com/en/global/aurora/c/BRAND_3975/",
        "product_name": "Aurora, Eco Nation, axolotl 28cm",
        "quantity": "",
        "price": "\u20ac20.90",
        "price_per_quantity": "",
        "stock_availability": "",
        "description": "The Eco Nation collection contributes to a greener planet by using fabrics and fibre fills made from recycled plastic bottles - removing all plastic beans - embroidered eyes instead of plastic, it takes 8 x 500ml bottles to make one eco nation plush toy",
        "primary_image": "https://www.heinemann-shop.com/medias/527Wx527H-null?context=bWFzdGVyfGltYWdlc3wyNjg5NXxpbWFnZS9qcGVnfGFEQTRMMmczTUM4eE1EQXdNVEkzTXpBNU5ERTNOQzgxTWpkWGVEVXlOMGhmYm5Wc2JBfGI2OGYyMTg2YTBhYmEwMTk1N2RhYjRiNmM0Y2Q2NDk0YzcwOWI5OTc5N2E5NmFhMzYwNTQ2YmE1MzE0NjZjZGM&v=1699924105900",
        "images": []
    },
    {
        "product_url": "https://www.heinemann-shop.com/en/global/aurora/aurora-eco-nation-dolphin-38cm/p/000000000001593602/",
        "brand_name": "Aurora",
        "brand_url": "https://www.heinemann-shop.com/en/global/aurora/c/BRAND_3975/",
        "product_name": "Aurora, Eco Nation, dolphin 38cm",
        "quantity": "",
        "price": "\u20ac20.90",
        "price_per_quantity": "",
        "stock_availability": "",
        "description": "The Eco Nation collection contributes to a greener planet by using fabrics and fibre fills made from recycled plastic bottles - removing all plastic beans - embroidered eyes instead of plastic, it takes 8 x 500ml bottles to make one eco nation plush toy",
        "primary_image": "https://www.heinemann-shop.com/medias/527Wx527H-null?context=bWFzdGVyfGltYWdlc3wzNDEzN3xpbWFnZS9qcGVnfGFEWmxMMmhqTnk4eE1EQXdNVEkzTURJeE1EVTVNQzgxTWpkWGVEVXlOMGhmYm5Wc2JBfDJjMTM5MDJiNWIyNTg3OTI5MTBjY2Q3Yjk5Y2I0YzE0NTY3MjIwZDFkMmJhMDZhYmRlOWI3YzJlNjA4MDVmMjM&v=1699924094703",
        "images": []
    },
    {
        "product_url": "https://www.heinemann-shop.com/en/global/bvlgari/bvlgari-women-s-sunglasses/p/000000000001618498/",
        "brand_name": "Bvlgari",
        "brand_url": "https://www.heinemann-shop.com/en/global/bvlgari/c/BRAND_2140/",
        "product_name": "Bvlgari, women's sunglasses",
        "quantity": "",
        "price": "",
        "price_per_quantity": "",
        "stock_availability": "",
        "description": "",
        "primary_image": "https://www.heinemann-shop.com/medias/527Wx527H-null?context=bWFzdGVyfGltYWdlc3wyNzM1NHxpbWFnZS9qcGVnfGFEY3pMMmhqTWk4eE1USTNPRFEzT1RNNU1qYzVPQzgxTWpkWGVEVXlOMGhmYm5Wc2JBfGZmZjdkNmY0MjU0YTEyZjgyYTU3MmY0OTcwNDQ5NWVlYWU5YzY1OGNlNGVmZGJiMzNkYTNhZWUzYTJkOTYwY2U&v=1729201108915",
        "images": []
    },
    {
        "product_url": "https://www.heinemann-shop.com/en/global/dior/dior-woman-women-s-sunglasses/p/000000000001618530/",
        "brand_name": "Dior",
        "brand_url": "https://www.heinemann-shop.com/en/global/dior/c/BRAND_0758/",
        "product_name": "Dior Woman, women's sunglasses",
        "quantity": "",
        "price": "",
        "price_per_quantity": "",
        "stock_availability": "",
        "description": "",
        "primary_image": "https://www.heinemann-shop.com/medias/527Wx527H-null?context=bWFzdGVyfGltYWdlc3wyNDIxOHxpbWFnZS9qcGVnfGFHUTJMMmhrTkM4eE1ERTJORFU1TkRrek16YzVNQzgxTWpkWGVEVXlOMGhmYm5Wc2JBfGZlZTU2M2JiZGU3ZWEyYjk5MmZhZTM4ZWU0YjY5NTNhOTViYzUzNmU3MWEwMTk4NzFmNDJhYzBmZjQ3YmU3MDE&v=1703884293317",
        "images": []
    },
    {
        "product_url": "https://www.heinemann-shop.com/en/global/dior/dior-woman-women-s-sunglasses/p/000000000001618523/",
        "brand_name": "Dior",
        "brand_url": "https://www.heinemann-shop.com/en/global/dior/c/BRAND_0758/",
        "product_name": "Dior Woman, women's sunglasses",
        "quantity": "",
        "price": "",
        "price_per_quantity": "",
        "stock_availability": "",
        "description": "",
        "primary_image": "https://www.heinemann-shop.com/medias/527Wx527H-null?context=bWFzdGVyfGltYWdlc3wyNDA0M3xpbWFnZS9qcGVnfGFEQmxMMmd4TUM4eE1ERTJORFU1TWpReE1EWTFOQzgxTWpkWGVEVXlOMGhmYm5Wc2JBfDk4ZmM0NWVmNjQ0NzgwNjFkNDlkYjAwNWRhMmRhOGFiMTBiMDRlNmJmMmRlN2RkYTIwY2E2ZjI3NDQ3Y2E0YTM&v=1703884142543",
        "images": []
    },
    {
        "product_url": "https://www.heinemann-shop.com/en/global/bvlgari/bvlgari-women-s-sunglasses/p/000000000001618492/",
        "brand_name": "Bvlgari",
        "brand_url": "https://www.heinemann-shop.com/en/global/bvlgari/c/BRAND_2140/",
        "product_name": "Bvlgari, women's sunglasses",
        "quantity": "",
        "price": "",
        "price_per_quantity": "",
        "stock_availability": "",
        "description": "",
        "primary_image": "https://www.heinemann-shop.com/medias/527Wx527H-null?context=bWFzdGVyfGltYWdlc3wyNTg2MHxpbWFnZS9qcGVnfGFHWXdMMmd3TUM4eE1USTNPRFEzTnpneE9Ua3pOQzgxTWpkWGVEVXlOMGhmYm5Wc2JBfDNkNTU1ZjhiODJhNzNiOGVhMmUzMGIyOTI0NzlmODVhODE4YjAxZjlkMzg0NzllNzk2NDNhOWNmMzU5ZmY2MWM&v=1729201044023",
        "images": []
    },
    {
        "product_url": "https://www.heinemann-shop.com/en/global/bvlgari/bulgari-women-s-sunglasses/p/000000000001618502/",
        "brand_name": "Bvlgari",
        "brand_url": "https://www.heinemann-shop.com/en/global/bvlgari/c/BRAND_2140/",
        "product_name": "Bulgari, women's sunglasses",
        "quantity": "",
        "price": "",
        "price_per_quantity": "",
        "stock_availability": "",
        "description": "",
        "primary_image": "https://www.heinemann-shop.com/medias/527Wx527H-null?context=bWFzdGVyfGltYWdlc3wyNjg1NHxpbWFnZS9qcGVnfGFEUmxMMmd3WlM4eE1USTNPRFEyT1RNd01ESTFOQzgxTWpkWGVEVXlOMGhmYm5Wc2JBfDZjODYxZmZjZWIyZjc0NTU2NTBiZGZiN2M2NzI5MjU0NTcwZDMzYzY4NTAwZThmZjQwM2EwM2E0MjIwNGM3YWM&v=1729200688843",
        "images": []
    },
    {
        "product_url": "https://www.heinemann-shop.com/en/global/chloe/chloe-women-s-sunglasses/p/000000000001613960/",
        "brand_name": "Chlo\u00e9",
        "brand_url": "https://www.heinemann-shop.com/en/global/chloe/c/BRAND_3718/",
        "product_name": "Chlo\u00e9, women's sunglasses",
        "quantity": "",
        "price": "",
        "price_per_quantity": "",
        "stock_availability": "",
        "description": "",
        "primary_image": "https://www.heinemann-shop.com/medias/527Wx527H-null?context=bWFzdGVyfGltYWdlc3wyNTg1N3xpbWFnZS9qcGVnfGFHUmpMMmd5WlM4eE1EQTJOemN6TURFd05ETTFNQzgxTWpkWGVEVXlOMGhmYm5Wc2JBfDgxYTM3YzZlYzk5YzNhMTdkMDBiZDMwMzJiMmI3NzFlYjQyNTI4ZDM3ZTU2NjBhYWUzNmRjNjcwNjVmMzgzZjM&v=1701380492606",
        "images": []
    },
    {
        "product_url": "https://www.heinemann-shop.com/en/global/gucci/gucci-women-s-sunglasses/p/000000000001613975/",
        "brand_name": "Gucci",
        "brand_url": "https://www.heinemann-shop.com/en/global/gucci/c/BRAND_2020/",
        "product_name": "Gucci, women's sunglasses",
        "quantity": "",
        "price": "",
        "price_per_quantity": "",
        "stock_availability": "",
        "description": "",
        "primary_image": "https://www.heinemann-shop.com/medias/527Wx527H-null?context=bWFzdGVyfGltYWdlc3wyODU0MnxpbWFnZS9qcGVnfGFEZzVMMmcyTkM4eE1EUTRNemcwTmpRME56RXpOQzgxTWpkWGVEVXlOMGhmYm5Wc2JBfGM5Yjk1OTcyZmQxNGM3YWI2ZmRkODk4NTg1MGEwNjgzMDdlYjY3YTczYWRlZDJmMDNhZmQyODM0MTEzNTgxMDU&v=1711488469348",
        "images": []
    },
    {
        "product_url": "https://www.heinemann-shop.com/en/global/chloe/chloe-women-s-sunglasses/p/000000000001613959/",
        "brand_name": "Chlo\u00e9",
        "brand_url": "https://www.heinemann-shop.com/en/global/chloe/c/BRAND_3718/",
        "product_name": "Chlo\u00e9, women's sunglasses",
        "quantity": "",
        "price": "",
        "price_per_quantity": "",
        "stock_availability": "",
        "description": "",
        "primary_image": "https://www.heinemann-shop.com/medias/527Wx527H-null?context=bWFzdGVyfGltYWdlc3wyNTE2OHxpbWFnZS9qcGVnfGFETXhMMmhrWVM4eE1EQTJOemN5T1RVNE1EQTJNaTgxTWpkWGVEVXlOMGhmYm5Wc2JBfDcwZTAyN2U1NDMyMWE4MjkxNDhkOTYyMzU0Y2ZjYTNlMDMxZWEzNGM2ZDhmNDRmMTU0NDdiZGU0MmE3YTc2NmU&v=1701380475574",
        "images": []
    },
    {
        "product_url": "https://www.heinemann-shop.com/en/global/guess/guess-women-s-sunglasses/p/000000000001641162/",
        "brand_name": "Guess",
        "brand_url": "https://www.heinemann-shop.com/en/global/guess/c/BRAND_3663/",
        "product_name": "Guess, women's sunglasses",
        "quantity": "",
        "price": "\u20ac88.90",
        "price_per_quantity": "",
        "stock_availability": "",
        "description": "",
        "primary_image": "https://www.heinemann-shop.com/medias/527Wx527H-null?context=bWFzdGVyfGltYWdlc3wzMDkyN3xpbWFnZS9qcGVnfGFERmlMMmd6TVM4eE1EYzJOak16T1RNd09UVTVPQzgxTWpkWGVEVXlOMGhmYm5Wc2JBfDk1YzVhOTJmZjFiNzJlZGI5MjcyOTBlNzNhMGQ3NGQ2ZDMwMTZhYjQ2ZTI4Nzg2NzNkMGQ5ZTI1MzBlMmUxZDI&v=1718306498996",
        "images": []
    },
    {
        "product_url": "https://www.heinemann-shop.com/en/global/le-specs/le-specs-unisex-sunglasses/p/000000000001592166/",
        "brand_name": "Le Specs",
        "brand_url": "https://www.heinemann-shop.com/en/global/le-specs/c/BRAND_6164/",
        "product_name": "Le Specs, unisex sunglasses",
        "quantity": "",
        "price": "",
        "price_per_quantity": "",
        "stock_availability": "",
        "description": "T110 - ECOZEN T110 10% Plant Biomass",
        "primary_image": "https://www.heinemann-shop.com/medias/527Wx527H-null?context=bWFzdGVyfGltYWdlc3wxOTQwMnxpbWFnZS9qcGVnfGFHRXpMMmd6Wmk4eE1UTXdNamczTkRBMU5EWTROaTgxTWpkWGVEVXlOMGhmYm5Wc2JBfGVlYjViNDRmMDNjM2M1ZmI3YmJhMDUyNWIxOWQ0NDBiZTk4Y2U3ZDZlYjk5MzViMzRmZjJhMzcwNjczNzIxNjA&v=1729630654616",
        "images": []
    },
    {
        "product_url": "https://www.heinemann-shop.com/en/global/saint-laurent/saint-laurent-women-s-sunglasses/p/000000000001613997/",
        "brand_name": "Saint Laurent",
        "brand_url": "https://www.heinemann-shop.com/en/global/saint-laurent/c/BRAND_3318/",
        "product_name": "Saint Laurent, women's sunglasses",
        "quantity": "",
        "price": "",
        "price_per_quantity": "",
        "stock_availability": "",
        "description": "",
        "primary_image": "https://www.heinemann-shop.com/medias/527Wx527H-null?context=bWFzdGVyfGltYWdlc3wyMzM4M3xpbWFnZS9qcGVnfGFHWXdMMmhsTkM4eE1EQTJOemN6TnpNM09EZzBOaTgxTWpkWGVEVXlOMGhmYm5Wc2JBfGJjNzUwYjRjODUwM2IwYmY0NmQ2ZjgyYTAwMWI4ZGMwNjdkZDg3N2ExNGZkODVmY2E0NGE5ZDI3ZDI4NTk2MTM&v=1701380710854",
        "images": []
    },
    {
        "product_url": "https://www.heinemann-shop.com/en/global/tom-ford/tom-ford-women-s-sunglasses/p/000000000001641158/",
        "brand_name": "Tom Ford",
        "brand_url": "https://www.heinemann-shop.com/en/global/tom-ford/c/BRAND_4282/",
        "product_name": "Tom Ford, Women'S Sunglasses",
        "quantity": "",
        "price": "",
        "price_per_quantity": "",
        "stock_availability": "",
        "description": "",
        "primary_image": "https://www.heinemann-shop.com/medias/527Wx527H-null?context=bWFzdGVyfGltYWdlc3wyNjgxNHxpbWFnZS9qcGVnfGFEYzBMMmcyWWk4eE1EZ3hORGszT1RJME5EQTJNaTgxTWpkWGVEVXlOMGhmYm5Wc2JBfDViYWY5OGIyZDQyYTkyMTlmMmIwMzA2Njg0NGQ1ODNiYWUxNDhlMWUyYzA0NTViZGQ5OWM1MGNhY2UyNWVmMTI&v=1719524391946",
        "images": []
    },
    {
        "product_url": "https://www.heinemann-shop.com/en/global/jimmy-choo/jimmy-choo-women-s-sunglasses/p/000000000001638022/",
        "brand_name": "Jimmy Choo",
        "brand_url": "https://www.heinemann-shop.com/en/global/jimmy-choo/c/BRAND_5145/",
        "product_name": "Jimmy Choo, Women's sunglasses",
        "quantity": "1\u00a0Item",
        "price": "",
        "price_per_quantity": "",
        "stock_availability": "",
        "description": "DIAMOND",
        "primary_image": "https://www.heinemann-shop.com/medias/527Wx527H-null?context=bWFzdGVyfGltYWdlc3wyNzA0OXxpbWFnZS9qcGVnfGFEbGxMMmhrTmk4eE1EVTVNemcxTURReU5UTTNOQzgxTWpkWGVEVXlOMGhmYm5Wc2JBfDg1Y2Y0NTBkZGJmMjU2MTlmM2FiYTgxY2Y3YTJhOTA2M2M5ODAwMDhiZmJmODg4NTNiNGQ5NjJkZGM1OTQzY2E&v=1713958397660",
        "images": []
    },
    {
        "product_url": "https://www.heinemann-shop.com/en/global/tom-ford/tom-ford-men-s-sunglasses/p/000000000001641154/",
        "brand_name": "Tom Ford",
        "brand_url": "https://www.heinemann-shop.com/en/global/tom-ford/c/BRAND_4282/",
        "product_name": "Tom Ford, Men'S Sunglasses",
        "quantity": "",
        "price": "",
        "price_per_quantity": "",
        "stock_availability": "",
        "description": "",
        "primary_image": "https://www.heinemann-shop.com/medias/527Wx527H-null?context=bWFzdGVyfGltYWdlc3wyOTU4N3xpbWFnZS9qcGVnfGFHRTBMMmhrTlM4eE1EZ3hORGszTlRjM01EWTFOQzgxTWpkWGVEVXlOMGhmYm5Wc2JBfDhhZDc5ODZmNjQ0ZjVmYjFiYmYyOTU5YTJlMGEzMWMxOWUxMjEzZmZlZGE5Y2Y2ZjUzMmYyZjE1MjNmZTg0NTk&v=1719524122808",
        "images": []
    },
    {
        "product_url": "https://www.heinemann-shop.com/en/global/jimmy-choo/jimmy-choo-women-s-sunglasses/p/000000000001637168/",
        "brand_name": "Jimmy Choo",
        "brand_url": "https://www.heinemann-shop.com/en/global/jimmy-choo/c/BRAND_5145/",
        "product_name": "JIMMY CHOO, women's sunglasses",
        "quantity": "1\u00a0Item",
        "price": "",
        "price_per_quantity": "",
        "stock_availability": "",
        "description": "JC MONOGRAM",
        "primary_image": "https://www.heinemann-shop.com/medias/527Wx527H-null?context=bWFzdGVyfGltYWdlc3wyNTQ4OHxpbWFnZS9qcGVnfGFERTRMMmcxWkM4eE1EVTVNemcxTXpFM056ZzROaTgxTWpkWGVEVXlOMGhmYm5Wc2JBfDU3ODBmODQ5Zjk2ODViZDgyNmViNThiOGJhZjg2ZWQ0MzYwYWFmZDJlZmQxMWI5YjM2NmI5NDZmNDcyZmY1YTY&v=1713958524549",
        "images": []
    },
    {
        "product_url": "https://www.heinemann-shop.com/en/global/saint-laurent/saint-laurent-women-s-sunglasses/p/000000000001632882/",
        "brand_name": "Saint Laurent",
        "brand_url": "https://www.heinemann-shop.com/en/global/saint-laurent/c/BRAND_3318/",
        "product_name": "Saint Laurent, women's sunglasses",
        "quantity": "",
        "price": "",
        "price_per_quantity": "",
        "stock_availability": "",
        "description": "",
        "primary_image": "https://www.heinemann-shop.com/medias/527Wx527H-null?context=bWFzdGVyfGltYWdlc3wyNTE4NHxpbWFnZS9qcGVnfGFEQm1MMmd4TUM4eE1EVXlORFEwTmpJMk1USTNPQzgxTWpkWGVEVXlOMGhmYm5Wc2JBfGRiZDliNTk0NGMwOGM3YTZhZDZkMDFjNzExODUyOTA2OTBjZDlkZjlmNmI3MjA0ZDk2ODM1MTg0NjEzMzlmODU&v=1712177701289",
        "images": []
    },
    {
        "product_url": "https://www.heinemann-shop.com/en/global/gucci/gucci-women-s-sunglasses/p/000000000001632867/",
        "brand_name": "Gucci",
        "brand_url": "https://www.heinemann-shop.com/en/global/gucci/c/BRAND_2020/",
        "product_name": "Gucci, women's sunglasses",
        "quantity": "",
        "price": "",
        "price_per_quantity": "",
        "stock_availability": "",
        "description": "",
        "primary_image": "https://www.heinemann-shop.com/medias/527Wx527H-null?context=bWFzdGVyfGltYWdlc3wyMzkwMXxpbWFnZS9qcGVnfGFEY3dMMmhrWVM4eE1EVXlOREl4TVRRM09EVTFPQzgxTWpkWGVEVXlOMGhmYm5Wc2JBfDhiNjhhNDU5OWRjYmY2NGI4ZjQ4NTE0MmU4NDU5Y2ZmNzU2NDllNjAyNzUxM2Y1ZDExYTVkNTUxMmJmNTc4NDY&v=1712177442276",
        "images": []
    },
    {
        "product_url": "https://www.heinemann-shop.com/en/global/jimmy-choo/jimmy-choo-women-s-sunglasses/p/000000000001637227/",
        "brand_name": "Jimmy Choo",
        "brand_url": "https://www.heinemann-shop.com/en/global/jimmy-choo/c/BRAND_5145/",
        "product_name": "Jimmy Choo, Women's sunglasses",
        "quantity": "1\u00a0Item",
        "price": "",
        "price_per_quantity": "",
        "stock_availability": "",
        "description": "CRYSTAL",
        "primary_image": "https://www.heinemann-shop.com/medias/527Wx527H-null?context=bWFzdGVyfGltYWdlc3wzMDk0OHxpbWFnZS9qcGVnfGFHVTVMMmd3WVM4eE1EVTVNemcyTlRRNU9EWTFOQzgxTWpkWGVEVXlOMGhmYm5Wc2JBfGMyY2RlZjIyYWEyMjFlMjAxYWUzMjI0YWIxMDJhYWYyNzc4ZDJlZmZmMGQxMDhiODY5YjVhOWNmODk2ZGJmZTA&v=1713961240903",
        "images": []
    },
    {
        "product_url": "https://www.heinemann-shop.com/en/global/montblanc/montblanc-men-s-sunglasses/p/000000000001632874/",
        "brand_name": "Montblanc",
        "brand_url": "https://www.heinemann-shop.com/en/global/montblanc/c/BRAND_1507/",
        "product_name": "Montblanc, men's sunglasses",
        "quantity": "\n        ",
        "price": "\u20ac299.90",
        "price_per_quantity": "",
        "stock_availability": "Low stock",
        "description": "",
        "primary_image": "https://www.heinemann-shop.com/medias/527Wx527H-null?context=bWFzdGVyfGltYWdlc3wyNTQ2N3xpbWFnZS9qcGVnfGFEQXdMMmhpTWk4eE1EVXlORFEwTXpJeE16ZzFOQzgxTWpkWGVEVXlOMGhmYm5Wc2JBfDFmMzIwZTY1MjI2Y2U5OTc0ZmFmZjE5NTJiYmVjMGViMGFkNmJkZTY3YmIwNGMxMjYxYTljODVmYTY2YzVhOTk&v=1712177571615",
        "images": []
    },
    {
        "product_url": "https://www.heinemann-shop.com/en/global/saint-laurent/saint-laurent-women-s-sunglasses/p/000000000001632888/",
        "brand_name": "Saint Laurent",
        "brand_url": "https://www.heinemann-shop.com/en/global/saint-laurent/c/BRAND_3318/",
        "product_name": "Saint Laurent, women's sunglasses",
        "quantity": "",
        "price": "",
        "price_per_quantity": "",
        "stock_availability": "",
        "description": "",
        "primary_image": "https://www.heinemann-shop.com/medias/527Wx527H-null?context=bWFzdGVyfGltYWdlc3wyMTMwOHxpbWFnZS9qcGVnfGFHVmxMMmhqT1M4eE1EVXlORFEwT0RReU16azJOaTgxTWpkWGVEVXlOMGhmYm5Wc2JBfDM2ZjlkYTE2ZWRkMWJkYzk5YTU2NjdlYzAyZjI2OGZkNGM2MjZlZTIwNTBjOTA3NmE0MzM4YjgzZWY5MDQwOGQ&v=1712177799660",
        "images": []
    },
    {
        "product_url": "https://www.heinemann-shop.com/en/global/gucci/gucci-men-s-sunglasses/p/000000000001632861/",
        "brand_name": "Gucci",
        "brand_url": "https://www.heinemann-shop.com/en/global/gucci/c/BRAND_2020/",
        "product_name": "Gucci, men's sunglasses",
        "quantity": "",
        "price": "",
        "price_per_quantity": "",
        "stock_availability": "",
        "description": "",
        "primary_image": "https://www.heinemann-shop.com/medias/527Wx527H-null?context=bWFzdGVyfGltYWdlc3wyMzA2NXxpbWFnZS9qcGVnfGFESXlMMmcxWmk4eE1EVXlOREl3T1RNNE1UUXdOaTgxTWpkWGVEVXlOMGhmYm5Wc2JBfDAzODhkNTE3NTc2Njk0NjUwZDIzNDdjYjdlMDBmZWQ0YzE1ZGQ5YThiMmU1NDE0ZTY5ODRhNDllY2JmZDBmZDg&v=1712177332767",
        "images": []
    },
    {
        "product_url": "https://www.heinemann-shop.com/en/global/silhouette/silhouette-adventurer-women-s-sunglasses/p/000000000001634784/",
        "brand_name": "Silhouette",
        "brand_url": "https://www.heinemann-shop.com/en/global/silhouette/c/BRAND_2352/",
        "product_name": "Silhouette, Adventurer, women's sunglasses",
        "quantity": "",
        "price": "\u20ac249.90",
        "price_per_quantity": "",
        "stock_availability": "",
        "description": "The Adventurer collection embodies Silhouette\u2019s classic design language",
        "primary_image": "https://www.heinemann-shop.com/medias/527Wx527H-null?context=bWFzdGVyfGltYWdlc3wyNjIzNHxpbWFnZS9qcGVnfGFEWmtMMmhpTnk4eE1EVXlNREU1TnpFd016WTBOaTgxTWpkWGVEVXlOMGhmYm5Wc2JBfDg1YWIyZTQ3NTY2OWM4MWI2YzlkNzk4ZjM5YmQxYmNiMjFkY2ZhMGIxYThhNWM3ZmZkNzEyNGRiMzU4YjE0Yjg&v=1712089835731",
        "images": []
    },
    {
        "product_url": "https://www.heinemann-shop.com/en/global/gucci/gucci-women-s-sunglasses/p/000000000001632868/",
        "brand_name": "Gucci",
        "brand_url": "https://www.heinemann-shop.com/en/global/gucci/c/BRAND_2020/",
        "product_name": "Gucci, women's sunglasses",
        "quantity": "",
        "price": "",
        "price_per_quantity": "",
        "stock_availability": "",
        "description": "",
        "primary_image": "https://www.heinemann-shop.com/medias/527Wx527H-null?context=bWFzdGVyfGltYWdlc3wyNTY0N3xpbWFnZS9qcGVnfGFEZ3hMMmd4WkM4eE1EVXlORFEwTVRNM09EZzBOaTgxTWpkWGVEVXlOMGhmYm5Wc2JBfDA0NTA5NDU1MzBkNjBjNzgxMTE1MjRkYTQ5MTA2YzFjZTcxMjhhY2NkYThlNmFkNjM5ZTllZmI1NDU1NmI4NDg&v=1712177478663",
        "images": []
    },
    {
        "product_url": "https://www.heinemann-shop.com/en/global/saint-laurent/saint-laurent-women-s-sunglasses/p/000000000001632886/",
        "brand_name": "Saint Laurent",
        "brand_url": "https://www.heinemann-shop.com/en/global/saint-laurent/c/BRAND_3318/",
        "product_name": "Saint Laurent, women's sunglasses",
        "quantity": "",
        "price": "",
        "price_per_quantity": "",
        "stock_availability": "",
        "description": "",
        "primary_image": "https://www.heinemann-shop.com/medias/527Wx527H-null?context=bWFzdGVyfGltYWdlc3wyMjYwNHxpbWFnZS9qcGVnfGFEa3pMMmcyWlM4eE1EVXlORFEwTnpnNU9UWTNPQzgxTWpkWGVEVXlOMGhmYm5Wc2JBfDNkMjg0YmVhOGE4NGFmNDRjYzdmZjgzODgzOTQzNTRjZmY0NGZlMmIzMjRjYjkwZGJiN2VjM2Y3ZmI0ZWZmYmI&v=1712177770876",
        "images": []
    },
    {
        "product_url": "https://www.heinemann-shop.com/en/global/saint-laurent/saint-laurent-women-s-sunglasses/p/000000000001619268/",
        "brand_name": "Saint Laurent",
        "brand_url": "https://www.heinemann-shop.com/en/global/saint-laurent/c/BRAND_3318/",
        "product_name": "Saint Laurent, women's sunglasses",
        "quantity": "",
        "price": "",
        "price_per_quantity": "",
        "stock_availability": "",
        "description": "Brand: Saint Laurent",
        "primary_image": "https://www.heinemann-shop.com/medias/527Wx527H-null?context=bWFzdGVyfGltYWdlc3wyNDkxOHxpbWFnZS9qcGVnfGFEaGxMMmhrTUM4eE1EVXlOREl4TVRjME1EY3dNaTgxTWpkWGVEVXlOMGhmYm5Wc2JBfDRmY2I2YWY5YzQ4YmYwOTllNDQxOGRkNjk0YWZlZjBmZjFmMzY4NDY4OGM2YmZjYjZkYTFlZjk0MmE4MDg2ZGE&v=1712177455118",
        "images": []
    },
    {
        "product_url": "https://www.heinemann-shop.com/en/global/versace/versace-men-s-sunglasses/p/000000000001630739/",
        "brand_name": "Versace",
        "brand_url": "https://www.heinemann-shop.com/en/global/versace/c/BRAND_1899/",
        "product_name": "Versace, Men's sunglasses",
        "quantity": "1\u00a0Item",
        "price": "",
        "price_per_quantity": "",
        "stock_availability": "",
        "description": "",
        "primary_image": "https://www.heinemann-shop.com/medias/527Wx527H-null?context=bWFzdGVyfGltYWdlc3wyNzU4NnxpbWFnZS9qcGVnfGFHSmlMMmhpTVM4eE1EUTBORFUyTWpBM01UVTRNaTgxTWpkWGVEVXlOMGhmYm5Wc2JBfGI3MTFhOTZiM2VlN2E2Y2JiNGEzZDQxZTM5YTdhODgzMzlkZDljOTBhZGZiMDQxMjdiMzk3NTc2NGEyMDE3YWU&v=1710540864083",
        "images": []
    },
    {
        "product_url": "https://www.heinemann-shop.com/en/global/dolce-gabbana/dolce-gabbana-women-s-sunglasses/p/000000000001630439/",
        "brand_name": "Dolce & Gabbana",
        "brand_url": "https://www.heinemann-shop.com/en/global/dolce-gabbana/c/BRAND_2742/",
        "product_name": "Dolce & Gabbana, Women's sunglasses",
        "quantity": "1\u00a0Item",
        "price": "",
        "price_per_quantity": "",
        "stock_availability": "",
        "description": "",
        "primary_image": "https://www.heinemann-shop.com/medias/527Wx527H-null?context=bWFzdGVyfGltYWdlc3wyOTAyNnxpbWFnZS9qcGVnfGFHTXlMMmcxWkM4eE1EUTBOREUxTXpjME9UVXpOQzgxTWpkWGVEVXlOMGhmYm5Wc2JBfDk2NGNmZGRlODk0ZDcxNjRhZjMxNjQ3ZGJlZWNjYTExNTdkZDI1ODA4ZGJhYjA0YTQxZWY1OWJlOGM2M2NkMGM&v=1710540091469",
        "images": []
    },
    {
        "product_url": "https://www.heinemann-shop.com/en/global/prada/prada-women-s-sunglasses/p/000000000001630497/",
        "brand_name": "Prada",
        "brand_url": "https://www.heinemann-shop.com/en/global/prada/c/BRAND_2803/",
        "product_name": "Prada, Women's sunglasses",
        "quantity": "1\u00a0Item",
        "price": "",
        "price_per_quantity": "",
        "stock_availability": "",
        "description": "",
        "primary_image": "https://www.heinemann-shop.com/medias/527Wx527H-null?context=bWFzdGVyfGltYWdlc3wyOTQ4MHxpbWFnZS9qcGVnfGFEUXdMMmhpTWk4eE1EUTBORFUzTURFMk5USTNPQzgxTWpkWGVEVXlOMGhmYm5Wc2JBfDQ5OGIxZTg1M2Y4NjE3MTM3NTdmYWUxMjJlMDA3ZDhhZjIyZGZkMmM4YzkwNDE5N2YwZGY4MDI2OGNlODIwMjc&v=1710541335725",
        "images": []
    },
    {
        "product_url": "https://www.heinemann-shop.com/en/global/prada-linea-rossa/prada-linea-rossa-men-s-sunglasses/p/000000000001284738/",
        "brand_name": "Prada Linea Rossa",
        "brand_url": "https://www.heinemann-shop.com/en/global/prada-linea-rossa/c/BRAND_6201/",
        "product_name": "PRADA LINEA ROSSA, men's sunglasses",
        "quantity": "",
        "price": "",
        "price_per_quantity": "",
        "stock_availability": "",
        "description": "Building on a successful new story launched in March 2017, easy to wear, clean lines, sporty DNA detailing and rubber-mirror contrasts reflect the casual elegance of active  Prada Linea Rossa style with dynamic attitude.",
        "primary_image": "https://www.heinemann-shop.com/medias/527Wx527H-null?context=bWFzdGVyfGltYWdlc3wyOTcxOHxpbWFnZS9qcGVnfGFHUXhMMmhtWlM4eE1EZ3hPVEkxTmpNMU1qYzVPQzgxTWpkWGVEVXlOMGhmYm5Wc2JBfDlhMTY4YWY0OTFhNTAxMjM5OGViOTBhMjA0NjM3Yjk3MWZiYTE1OWI2MzQzMjIyYzBhZGFlN2Q0NGRiZmNmYzg&v=1719608269123",
        "images": [
            "https://www.heinemann-shop.com/medias/527Wx527H-null?context=bWFzdGVyfGltYWdlc3wyOTcxOHxpbWFnZS9qcGVnfGFHUXhMMmhtWlM4eE1EZ3hPVEkxTmpNMU1qYzVPQzgxTWpkWGVEVXlOMGhmYm5Wc2JBfDlhMTY4YWY0OTFhNTAxMjM5OGViOTBhMjA0NjM3Yjk3MWZiYTE1OWI2MzQzMjIyYzBhZGFlN2Q0NGRiZmNmYzg&v=1719608269123",
            "https://www.heinemann-shop.com/medias/527Wx527H-null?context=bWFzdGVyfGltYWdlc3wyNzAyMXxpbWFnZS9qcGVnfGFEVTBMMmd5Tmk4eE1EZ3hPVEkyTWpJMU1UQXpPQzgxTWpkWGVEVXlOMGhmYm5Wc2JBfGQ3OWJjNDEzZDcyYjFkZTMyM2E1ZmQzZDExZjAzZDUyZmY3ZTM1ZGQyY2QyNTc2YmMwZTllZDUwOTEwMTlkNjQ&v=1719608619822"
        ]
    },
    {
        "product_url": "https://www.heinemann-shop.com/en/global/tom-ford/tom-ford-men-s-sunglasses/p/000000000001641128/",
        "brand_name": "Tom Ford",
        "brand_url": "https://www.heinemann-shop.com/en/global/tom-ford/c/BRAND_4282/",
        "product_name": "Tom Ford, Men'S Sunglasses",
        "quantity": "",
        "price": "",
        "price_per_quantity": "",
        "stock_availability": "",
        "description": "",
        "primary_image": "https://www.heinemann-shop.com/medias/527Wx527H-null?context=bWFzdGVyfGltYWdlc3wyNjc2OHxpbWFnZS9qcGVnfGFEWTRMMmd4TWk4eE1EZ3hORGszT0RjeE9UYzNOQzgxTWpkWGVEVXlOMGhmYm5Wc2JBfGU3ZTYyYmFkMTZhYTU0Njg5NjBlYzc2ZmNiMGE0Mjk3YzY1MDcwYWFmYzk3NGFmNjI2MTczNjE0MjE3N2MzYTI&v=1719524359627",
        "images": []
    },
    {
        "product_url": "https://www.heinemann-shop.com/en/global/ray-ban/ray-ban-rb3447-round-metal-men-sunglasses-gold/p/000000000000492159/",
        "brand_name": "Ray Ban",
        "brand_url": "https://www.heinemann-shop.com/en/global/ray-ban/c/BRAND_0083/",
        "product_name": "Ray Ban RB3447 Round Metal, Men Sunglasses, Gold",
        "quantity": "\n        ",
        "price": "\u20ac147.90",
        "price_per_quantity": "",
        "stock_availability": "Low stock",
        "description": "Frame colour: gold.  Green classic G-15 lenses.",
        "primary_image": "https://www.heinemann-shop.com/medias/527Wx527H-null?context=bWFzdGVyfGltYWdlc3wyOTQ5OXxpbWFnZS9qcGVnfGFHWTNMMmcyTkM4eE1UTTJPREV4TURRNE9UWXpNQzgxTWpkWGVEVXlOMGhmYm5Wc2JBfGJlNzBhNWVkOTdkNjM3OWJlZmY1YzM4ZjgxZGQxZTBlODRhNDhjZDk5NzEzZjY0MjUxNWNlYzE0Y2I5YWU4YjM&v=1730845049009",
        "images": [
            "https://www.heinemann-shop.com/medias/527Wx527H-null?context=bWFzdGVyfGltYWdlc3wyOTQ5OXxpbWFnZS9qcGVnfGFHWTNMMmcyTkM4eE1UTTJPREV4TURRNE9UWXpNQzgxTWpkWGVEVXlOMGhmYm5Wc2JBfGJlNzBhNWVkOTdkNjM3OWJlZmY1YzM4ZjgxZGQxZTBlODRhNDhjZDk5NzEzZjY0MjUxNWNlYzE0Y2I5YWU4YjM&v=1730845049009",
            "https://www.heinemann-shop.com/medias/527Wx527H-null?context=bWFzdGVyfGltYWdlc3wyMjEzNnxpbWFnZS9qcGVnfGFHUTRMMmczT0M4eE1UTTJPREV4TWpjNE16TTVNQzgxTWpkWGVEVXlOMGhmYm5Wc2JBfGE4OGExZjQ3MmNhNzNkMjRkODE1ZmYwMjEyOTFjMjViNTc5OWJlMTA2ZjI1OTJlODY4ODZlYmMzMzczZWYzYjk&v=1730845269437"
        ]
    },
    {
        "product_url": "https://www.heinemann-shop.com/en/global/maui-jim/maui-jim-line-breakwall-sunglasses/p/000000000000275249/",
        "brand_name": "Maui Jim",
        "brand_url": "https://www.heinemann-shop.com/en/global/maui-jim/c/BRAND_3778/",
        "product_name": "Maui Jim, line: Breakwall, sunglasses",
        "quantity": "",
        "price": "",
        "price_per_quantity": "",
        "stock_availability": "",
        "description": "Brand: Maui Jim",
        "primary_image": "https://www.heinemann-shop.com/medias/527Wx527H-null?context=bWFzdGVyfGltYWdlc3wxOTMwOHxpbWFnZS9qcGVnfGFEVmtMMmd3TUM4eE1EUXpOalkyTkRRNU1qQTJNaTgxTWpkWGVEVXlOMGhmYm5Wc2JBfGUxMTNkZjY0YWRhZDk2YjcwMTdjZWU5ODk5MzEzN2ZmYTE3ODQ0YTFjNjcwNTE5NWMzZWYwYjlhMTcyNmIzZjk&v=1710365858439",
        "images": []
    },
    {
        "product_url": "https://www.heinemann-shop.com/en/global/burberry/burberry-women-s-sunglasses/p/000000000001630460/",
        "brand_name": "Burberry",
        "brand_url": "https://www.heinemann-shop.com/en/global/burberry/c/BRAND_0797/",
        "product_name": "Burberry, Women's sunglasses",
        "quantity": "1\u00a0Item",
        "price": "\u20ac355.90",
        "price_per_quantity": "",
        "stock_availability": "Low stock",
        "description": "",
        "primary_image": "https://www.heinemann-shop.com/medias/527Wx527H-null?context=bWFzdGVyfGltYWdlc3wyNzcwNXxpbWFnZS9qcGVnfGFETTBMMmcyWmk4eE1EUTBOREUxTmpRek5qVXhNQzgxTWpkWGVEVXlOMGhmYm5Wc2JBfGUzZWU4NTMwMGE1ODRlNDcxMzkyOWJkMmI5NjZiMmFkOTAzN2UyNDcwNzhlYzg2OTZlYWJhMWUzYzFiOTYxZGU&v=1710540248043",
        "images": []
    },
    {
        "product_url": "https://www.heinemann-shop.com/en/global/ray-ban/ray-ban-rb3183-unisex-sunglasses-metal/p/000000000000989913/",
        "brand_name": "Ray Ban",
        "brand_url": "https://www.heinemann-shop.com/en/global/ray-ban/c/BRAND_0083/",
        "product_name": "Ray Ban RB3183, Unisex Sunglasses, Metal",
        "quantity": "",
        "price": "",
        "price_per_quantity": "",
        "stock_availability": "",
        "description": "Frame colour: gunmetal. Green classic lenses. The Ray-Ban \u00ae RB3183 sunglasses are slick and like speed. The sunglasses feature a lightweight semi-rimless rectangular shape and the temples have a classic Ray-Ban printed logo.  Soft, adjustable nose pads add comfort and durability no matter what you're doing while you wear these daring sunglasses.",
        "primary_image": "https://www.heinemann-shop.com/medias/527Wx527H-null?context=bWFzdGVyfGltYWdlc3wxODQxOXxpbWFnZS9qcGVnfGFEZGhMMmd5TUM4eE1UTTJPREV3T0RZNE56TTVNQzgxTWpkWGVEVXlOMGhmYm5Wc2JBfDMzMTQwMTlkZjRjNzcwZTY0MjM1YjM1MDAxOGVlNjkzNjc5MGY2Yjk2NWQ0Y2VjZmFmYTQwNjIxYjU0ZmYzYTQ&v=1730844869338",
        "images": []
    },
    {
        "product_url": "https://www.heinemann-shop.com/en/global/ray-ban/ray-ban-rb3016-clubmaster-classic-men-sunglasses-havana/p/000000000000555605/",
        "brand_name": "Ray Ban",
        "brand_url": "https://www.heinemann-shop.com/en/global/ray-ban/c/BRAND_0083/",
        "product_name": "Ray Ban RB3016 Clubmaster Classic, Men Sunglasses, Havana",
        "quantity": "\n        ",
        "price": "\u20ac147.90",
        "price_per_quantity": "",
        "stock_availability": "Low stock",
        "description": "Ray-Ban Clubmaster Classic is a stylish addition to the iconic collection. With its square frame shape and gold tortoise on gold color, these sunglasses exude vintage charm. The classic green lenses provide optimal visual clarity, while the g-15 lens treatment adds an extra touch of authenticity to this timeless design.",
        "primary_image": "https://www.heinemann-shop.com/medias/527Wx527H-null?context=bWFzdGVyfGltYWdlc3wyOTkxOXxpbWFnZS9qcGVnfGFHWXdMMmc1Tnk4eE1UTTJPREE1TmpNNU9UTTVNQzgxTWpkWGVEVXlOMGhmYm5Wc2JBfDE5NThlOWM5OTk4NTY3Nzc1MGNkODBkMGMwYWQ3ZDRiMGU4ZmZmM2JlNTY1ZTcwNWQxYzQ2OGI1ODc1ZTJlOTg&v=1730843885454",
        "images": [
            "https://www.heinemann-shop.com/medias/527Wx527H-null?context=bWFzdGVyfGltYWdlc3wyOTkxOXxpbWFnZS9qcGVnfGFHWXdMMmc1Tnk4eE1UTTJPREE1TmpNNU9UTTVNQzgxTWpkWGVEVXlOMGhmYm5Wc2JBfDE5NThlOWM5OTk4NTY3Nzc1MGNkODBkMGMwYWQ3ZDRiMGU4ZmZmM2JlNTY1ZTcwNWQxYzQ2OGI1ODc1ZTJlOTg&v=1730843885454",
            "https://www.heinemann-shop.com/medias/527Wx527H-null?context=bWFzdGVyfGltYWdlc3wyNzM0NnxpbWFnZS9qcGVnfGFHRm1MMmhpT1M4eE1UTTJPREE1T1RrM01URXdNaTgxTWpkWGVEVXlOMGhmYm5Wc2JBfGQ4ZGVjYzBhOTY1NjVjZDBjZDdjY2RiZjJjZDkwYjIwNTUwYzJjYTAxZmZjZWU3ODYzM2JlYjZkOTJkOTU3NTc&v=1730844250314"
        ]
    },
    {
        "product_url": "https://www.heinemann-shop.com/en/global/ray-ban/ray-ban-rb3025-aviator-gradient-men-sunglasses-medium-lightbrown/p/000000000000462435/",
        "brand_name": "Ray Ban",
        "brand_url": "https://www.heinemann-shop.com/en/global/ray-ban/c/BRAND_0083/",
        "product_name": "Ray Ban RB3025 Aviator Gradient, Men Sunglasses, Medium, lightbrown",
        "quantity": "",
        "price": "",
        "price_per_quantity": "",
        "stock_availability": "",
        "description": "Brand: Ray Ban",
        "primary_image": "https://www.heinemann-shop.com/medias/527Wx527H-null?context=bWFzdGVyfGltYWdlc3wxOTUwM3xpbWFnZS9qcGVnfGFHUTFMMmcyTkM4eE1UTTJOelV5TmpNek5EUTVOQzgxTWpkWGVEVXlOMGhmYm5Wc2JBfDdmN2JmNDFiZDJkYjI4ZDNhZjQ1MTkxMTZiYWNiMWMyNDczN2MyNDNkOTc2YjUyNzU4ODcyYWNkZmEyNzE5NzM&v=1730843167903",
        "images": []
    },
    {
        "product_url": "https://www.heinemann-shop.com/en/global/ray-ban/ray-ban-rb4101-jackie-ohh-sunglasses-havana/p/000000000000199528/",
        "brand_name": "Ray Ban",
        "brand_url": "https://www.heinemann-shop.com/en/global/ray-ban/c/BRAND_0083/",
        "product_name": "Ray Ban RB4101 Jackie Ohh, Sunglasses, Havana",
        "quantity": "\n        ",
        "price": "\u20ac147.90",
        "price_per_quantity": "",
        "stock_availability": "Low stock",
        "description": "Frame color: tortoise.  Set yourself apart with the distinct and flattering Jackie Ohh sunglasses. These sunglasses modernize the iconic Cats frame shape with its soft upswept lines that flatter all face shapes. Ray-Ban Jackie Ohh sunglasses are for women who want to turn heads and add a bold look to their style.",
        "primary_image": "https://www.heinemann-shop.com/medias/527Wx527H-null?context=bWFzdGVyfGltYWdlc3wyNjM3M3xpbWFnZS9qcGVnfGFHUTBMMmhrTVM4eE1UTTJOelV5TlRJMU16RTFNQzgxTWpkWGVEVXlOMGhmYm5Wc2JBfDc0MTNkMDdmYWMyZGFjMDU2MWE0NTFmNTI3YWVjMzIyOGUwZTI2YjJlZDI0M2FlMzk0OGJhMmQ0Y2I0OWMwZTE&v=1730843082089",
        "images": []
    },
    {
        "product_url": "https://www.heinemann-shop.com/en/global/ray-ban-junior/ray-ban-junior-sole-unisex-sunglasses/p/000000000001284775/",
        "brand_name": "Ray Ban Junior",
        "brand_url": "https://www.heinemann-shop.com/en/global/ray-ban-junior/c/BRAND_2160/",
        "product_name": "RAY-BAN JUNIOR SOLE, unisex sunglasses",
        "quantity": "",
        "price": "",
        "price_per_quantity": "",
        "stock_availability": "",
        "description": "Ray-Ban sunglasses for kids are the promise of that same great style, in the perfect size and designed specifically for kids.",
        "primary_image": "https://www.heinemann-shop.com/medias/527Wx527H-null?context=bWFzdGVyfGltYWdlc3wyNzY1MHxpbWFnZS9qcGVnfGFEY3dMMmd6T1M4eE1ESXlORFU1TkRneE1qazFPQzgxTWpkWGVEVXlOMGhmYm5Wc2JBfDJiYzIwODhmZWI2OWU5ZDdmZGViOTY1NWYzMTk2YWM1NWRhZWE3MzlkMzVkZGU0MzFmYmQ1MDBhZDE1OWMzNDI&v=1705445059251",
        "images": []
    },
    {
        "product_url": "https://www.heinemann-shop.com/en/global/gucci/gucci-urban-women-s-sunglasses/p/000000000001274206/",
        "brand_name": "Gucci",
        "brand_url": "https://www.heinemann-shop.com/en/global/gucci/c/BRAND_2020/",
        "product_name": "Gucci, Urban, women's sunglasses",
        "quantity": "",
        "price": "",
        "price_per_quantity": "",
        "stock_availability": "",
        "description": "Trendy round metal shape, characterized by a sophisticated and innovative web printed treatment on plastic rim.",
        "primary_image": "https://www.heinemann-shop.com/medias/527Wx527H-null?context=bWFzdGVyfGltYWdlc3wyNzgzNXxpbWFnZS9qcGVnfGFEUTVMMmcxTVM4eE1ESXlORFF4TWpNMk1EY3pOQzgxTWpkWGVEVXlOMGhmYm5Wc2JBfGVkN2E0NTUwNDM2MmQzZGVkNmQwYmQ4ZjIxNTAwYzhiMTk2ZWQwYzJmZGZmNmE1OTQ4Y2E0Yzk2NzViMDk2YzY&v=1705443637856",
        "images": []
    },
    {
        "product_url": "https://www.heinemann-shop.com/en/global/tom-ford/tom-ford-unisex-sunglasses/p/000000000001281509/",
        "brand_name": "Tom Ford",
        "brand_url": "https://www.heinemann-shop.com/en/global/tom-ford/c/BRAND_4282/",
        "product_name": "Tom Ford, unisex sunglasses",
        "quantity": "",
        "price": "",
        "price_per_quantity": "",
        "stock_availability": "",
        "description": "TOM FORD The fall/winter 2017/2018 collection",
        "primary_image": "https://www.heinemann-shop.com/medias/527Wx527H-null?context=bWFzdGVyfGltYWdlc3wyNzE2NHxpbWFnZS9qcGVnfGFEZzNMMmc0Wmk4eE1ESXlORFU0TnpFME5USTBOaTgxTWpkWGVEVXlOMGhmYm5Wc2JBfDEyNjljM2ZlNjMwZjE2YjFiMmFkNzhiZjIzMDkzNThiNTM4MDAxZmZjYTZjNDNhYzAxMzQxZTc1YjUwOWY1OGQ&v=1705444502450",
        "images": []
    },
    {
        "product_url": "https://www.heinemann-shop.com/en/global/ray-ban/ray-ban-line-highstreet-men-s-sunglasses/p/000000000000462468/",
        "brand_name": "Ray Ban",
        "brand_url": "https://www.heinemann-shop.com/en/global/ray-ban/c/BRAND_0083/",
        "product_name": "Ray Ban, line: highstreet, men's sunglasses",
        "quantity": "",
        "price": "",
        "price_per_quantity": "",
        "stock_availability": "",
        "description": "Brand: Ray Ban",
        "primary_image": "https://www.heinemann-shop.com/medias/527Wx527H-null?context=bWFzdGVyfGltYWdlc3wzNTYzMnxpbWFnZS9qcGVnfGFEVTJMMmcwWmk4eE1UTTJPREE1T0RreU1qVXlOaTgxTWpkWGVEVXlOMGhmYm5Wc2JBfDgwYjk3NjYyOTAzYTkzZjc5ZmU0ZjRmNDY5NmFkN2M5MDczYjZmMjQyODNjN2Y0YzYwMDRlMTE3MjU3MzZmNTc&v=1730844144395",
        "images": []
    },
    {
        "product_url": "https://www.heinemann-shop.com/en/global/ray-ban/ray-ban-rb3025-aviator-gradient-men-sunglasses-small-lightbrown/p/000000000000555610/",
        "brand_name": "Ray Ban",
        "brand_url": "https://www.heinemann-shop.com/en/global/ray-ban/c/BRAND_0083/",
        "product_name": "Ray Ban RB3025 Aviator Gradient, Men Sunglasses, Small, lightbrown",
        "quantity": "",
        "price": "",
        "price_per_quantity": "",
        "stock_availability": "",
        "description": "Frame color: gunmetal",
        "primary_image": "https://www.heinemann-shop.com/medias/527Wx527H-null?context=bWFzdGVyfGltYWdlc3wxOTQ3N3xpbWFnZS9qcGVnfGFEYzVMMmc0WlM4eE1UTTJPREE1TmpZeU9EYzJOaTgxTWpkWGVEVXlOMGhmYm5Wc2JBfGE4NjNkOTg2YzBiNTNmNGY4MmVjNmRkMzc4ZGQxMDQ5MGNhOTUzOTBkZDIxMzRiYWU3MjE4YzEzYWYyMGQ4OWY&v=1730843918645",
        "images": []
    },
    {
        "product_url": "https://www.heinemann-shop.com/en/global/david-beckham/david-beckham-david-beckham-men-s-sunglasses/p/000000000001669735/",
        "brand_name": "David Beckham",
        "brand_url": "https://www.heinemann-shop.com/en/global/david-beckham/c/BRAND_3211/",
        "product_name": "DAVID BECKHAM, David Beckham, men's sunglasses",
        "quantity": "\n        ",
        "price": "\u20ac279.90",
        "price_per_quantity": "",
        "stock_availability": "Low stock",
        "description": "",
        "primary_image": "https://www.heinemann-shop.com/medias/527Wx527H-null?context=bWFzdGVyfGltYWdlc3wyODQ3NHxpbWFnZS9qcGVnfGFETmlMMmc1TlM4eE1UTXdOell6TmpJeU9ERXlOaTgxTWpkWGVEVXlOMGhmYm5Wc2JBfDhmOGU4NjcyNDFmMzUwNDRmMTgyY2RhNDg2YTQzNTczYmJjZjhhOGQxMTk3ZDU5ZWQ4YmZjN2RmMDAzNTUxMDI&v=1729719783772",
        "images": []
    },
    {
        "product_url": "https://www.heinemann-shop.com/en/global/boss/hugo-boss-hugo-boss-black-men-s-sunglasses/p/000000000001669771/",
        "brand_name": "Boss",
        "brand_url": "https://www.heinemann-shop.com/en/global/boss/c/BRAND_3116/",
        "product_name": "HUGO BOSS, Hugo Boss Black, men's sunglasses",
        "quantity": "",
        "price": "\u20ac175.90",
        "price_per_quantity": "",
        "stock_availability": "",
        "description": "",
        "primary_image": "https://www.heinemann-shop.com/medias/527Wx527H-null?context=bWFzdGVyfGltYWdlc3wyMTcwNXxpbWFnZS9qcGVnfGFEWTBMMmcwWXk4eE1UTXdNamcyTnpreU56QTNNQzgxTWpkWGVEVXlOMGhmYm5Wc2JBfGRmOTE0NTc5OWJkZWJlMTZhM2ZiNjIyOTE3Yzg3ZGEyYThmMjU0NmM5NzUwMGFiNjNiMjRlNTIwNTc3NDEzMzM&v=1729630150717",
        "images": []
    },
    {
        "product_url": "https://www.heinemann-shop.com/en/global/balenciaga/balenciaga-women-s-sunglasses/p/000000000001632812/",
        "brand_name": "Balenciaga",
        "brand_url": "https://www.heinemann-shop.com/en/global/balenciaga/c/BRAND_0534/",
        "product_name": "Balenciaga, women's sunglasses",
        "quantity": "\n        ",
        "price": "\u20ac355.90",
        "price_per_quantity": "",
        "stock_availability": "Low stock",
        "description": "",
        "primary_image": "https://www.heinemann-shop.com/medias/527Wx527H-null?context=bWFzdGVyfGltYWdlc3wyNjQ0MXxpbWFnZS9qcGVnfGFHUmxMMmhrWlM4eE1USXhOVFkzTmpNME1qTXdNaTgxTWpkWGVEVXlOMGhmYm5Wc2JBfGIyZjhiY2I0OTg2ZjcxNTQ2NTA0NmYzYjYyODc3YTlhMGUzZjVlMmYxM2FjYjA3OTU0NTEwNjQ3MjA5MzQ5YmU&v=1727904321043",
        "images": []
    },
    {
        "product_url": "https://www.heinemann-shop.com/en/global/balenciaga/balenciaga-women-s-sunglasses/p/000000000001632815/",
        "brand_name": "Balenciaga",
        "brand_url": "https://www.heinemann-shop.com/en/global/balenciaga/c/BRAND_0534/",
        "product_name": "Balenciaga, women's sunglasses",
        "quantity": "\n        ",
        "price": "\u20ac329.90",
        "price_per_quantity": "",
        "stock_availability": "Low stock",
        "description": "",
        "primary_image": "https://www.heinemann-shop.com/medias/527Wx527H-null?context=bWFzdGVyfGltYWdlc3wyMjEyOXxpbWFnZS9qcGVnfGFHTTVMMmcyWkM4eE1USXhOVFkzTnpVNE56UTROaTgxTWpkWGVEVXlOMGhmYm5Wc2JBfGIwMGQ2N2VkMDc3ZWE5MjZhZTBlMmFiNDg1OTFjNjdmMzhkMjI0MGMzMmE2MDU5NWZhYzYyZmQ2Y2MwZDJiZGM&v=1727904367951",
        "images": []
    },
    {
        "product_url": "https://www.heinemann-shop.com/en/global/balenciaga/balenciaga-men-s-sunglasses/p/000000000001613797/",
        "brand_name": "Balenciaga",
        "brand_url": "https://www.heinemann-shop.com/en/global/balenciaga/c/BRAND_0534/",
        "product_name": "Balenciaga, men's sunglasses",
        "quantity": "\n        ",
        "price": "\u20ac295.90",
        "price_per_quantity": "",
        "stock_availability": "Low stock",
        "description": "",
        "primary_image": "https://www.heinemann-shop.com/medias/527Wx527H-null?context=bWFzdGVyfGltYWdlc3wyMjg1OHxpbWFnZS9qcGVnfGFEZ3hMMmhpTlM4eE1USXhOVGN5TnpneU1EZ3pNQzgxTWpkWGVEVXlOMGhmYm5Wc2JBfGQ3YjIwNjlkMjZkNzczNDg0YmM1NGNmMWJiZmIwNjA1ZmI1MWQ4MDI1ZmFlZTllYmEzNTg4NTI1NzJlMTA0Yzk&v=1727904937472",
        "images": []
    },
    {
        "product_url": "https://www.heinemann-shop.com/en/global/hugo/hugo-hugo-men-s-sunglasses/p/000000000001669774/",
        "brand_name": "Hugo",
        "brand_url": "https://www.heinemann-shop.com/en/global/hugo/c/BRAND_7995/",
        "product_name": "HUGO, Hugo, men's sunglasses",
        "quantity": "",
        "price": "\u20ac135.90",
        "price_per_quantity": "",
        "stock_availability": "",
        "description": "",
        "primary_image": "https://www.heinemann-shop.com/medias/527Wx527H-null?context=bWFzdGVyfGltYWdlc3wyMjgwMHxpbWFnZS9qcGVnfGFEVTJMMmcwTWk4eE1UTXdNamcyTVRNM016UTNNQzgxTWpkWGVEVXlOMGhmYm5Wc2JBfDYxZWNmYjk4NTVlNDljNWRmY2ZjYjNkZjVkYjg1MzlmYzliNWY0NjVjZjAwM2ZjMmY4NjJhMzdhMmYzM2IwYzk&v=1729628811534",
        "images": []
    },
    {
        "product_url": "https://www.heinemann-shop.com/en/global/givenchy/givenchy-women-s-sunglasses/p/000000000001618553/",
        "brand_name": "Givenchy",
        "brand_url": "https://www.heinemann-shop.com/en/global/givenchy/c/BRAND_3921/",
        "product_name": "Givenchy, women's sunglasses",
        "quantity": "\n        ",
        "price": "\u20ac189.90",
        "price_per_quantity": "",
        "stock_availability": "Low stock",
        "description": "",
        "primary_image": "https://www.heinemann-shop.com/medias/527Wx527H-null?context=bWFzdGVyfGltYWdlc3wyNjE4NXxpbWFnZS9qcGVnfGFERmtMMmd5WWk4eE1USXhOVGN5TURrM01qTXhPQzgxTWpkWGVEVXlOMGhmYm5Wc2JBfDA1NWQyZjU1NTFhNzNlYTJjNDMyNzAyMjY2ZjFmMDBiNDI0ZWIwZjQzZWQzZDE2MTFjY2EyYjAzMTQyODljZWE&v=1727904725345",
        "images": []
    },
    {
        "product_url": "https://www.heinemann-shop.com/en/global/prada/prada-catwalk-women-s-sunglasses/p/000000000001551533/",
        "brand_name": "Prada",
        "brand_url": "https://www.heinemann-shop.com/en/global/prada/c/BRAND_2803/",
        "product_name": "Prada, Catwalk, women's sunglasses",
        "quantity": "\n        ",
        "price": "\u20ac349.90",
        "price_per_quantity": "",
        "stock_availability": "Low stock",
        "description": "",
        "primary_image": "https://www.heinemann-shop.com/medias/527Wx527H-null?context=bWFzdGVyfGltYWdlc3wzMDk4MHxpbWFnZS9qcGVnfGFEUXhMMmcxTWk4eE1USXhOVFkxT0RJNE56RXpOQzgxTWpkWGVEVXlOMGhmYm5Wc2JBfGY3MGM4YjlmYmY1NjAzYTc5NDU4MDUxMDgyMDBjZTFmODFkZDIzMGM5NmQ5NTBjNzQxMzEyZjYzMzYwZmFiMTc&v=1727903693415",
        "images": []
    },
    {
        "product_url": "https://www.heinemann-shop.com/en/global/balenciaga/balenciaga-women-s-sunglasses/p/000000000001613795/",
        "brand_name": "Balenciaga",
        "brand_url": "https://www.heinemann-shop.com/en/global/balenciaga/c/BRAND_0534/",
        "product_name": "Balenciaga, women's sunglasses",
        "quantity": "\n        ",
        "price": "\u20ac329.90",
        "price_per_quantity": "",
        "stock_availability": "Low stock",
        "description": "",
        "primary_image": "https://www.heinemann-shop.com/medias/527Wx527H-null?context=bWFzdGVyfGltYWdlc3wyNjAxNHxpbWFnZS9qcGVnfGFHUXlMMmhoTVM4eE1USXhOVGN5TnpJNU5qVTBNaTgxTWpkWGVEVXlOMGhmYm5Wc2JBfDUxMWZmODMyOTY2YTkyMTBlMzIyNWI2M2FkMjk3MjY2N2RiNWY1ZWM5NjE2Y2Q5NzYxY2RkMGZiYjcwNjczMTU&v=1727904920284",
        "images": []
    },
    {
        "product_url": "https://www.heinemann-shop.com/en/global/chloe/chloe-women-s-sunglasses/p/000000000001674009/",
        "brand_name": "Chlo\u00e9",
        "brand_url": "https://www.heinemann-shop.com/en/global/chloe/c/BRAND_3718/",
        "product_name": "Chlo\u00e9, women's sunglasses",
        "quantity": "",
        "price": "",
        "price_per_quantity": "",
        "stock_availability": "",
        "description": "",
        "primary_image": "https://www.heinemann-shop.com/medias/527Wx527H-null?context=bWFzdGVyfGltYWdlc3wyMTYwNHxpbWFnZS9qcGVnfGFETTVMMmd6T1M4eE1UUTFNakV3TURNeE16RXhPQzgxTWpkWGVEVXlOMGhmYm5Wc2JBfDU2NTlmNmYyOTRhMDRiNjBjMTNkMzg4ZGEzYmExNDY0YWY4MmFjMDNiMjZjYTlmM2VhMDA0YmJlZjkxYjhmZTY&v=1732830610513",
        "images": []
    },
    {
        "product_url": "https://www.heinemann-shop.com/en/global/gucci/gucci-hailey-women-s-sunglasses/p/000000000001664537/",
        "brand_name": "Gucci",
        "brand_url": "https://www.heinemann-shop.com/en/global/gucci/c/BRAND_2020/",
        "product_name": "Gucci, Hailey, women's sunglasses",
        "quantity": "",
        "price": "",
        "price_per_quantity": "",
        "stock_availability": "",
        "description": "",
        "primary_image": "https://www.heinemann-shop.com/medias/527Wx527H-null?context=bWFzdGVyfGltYWdlc3wyNzg1OXxpbWFnZS9qcGVnfGFHVmhMMmhsWVM4eE1UUTFNakl6T0RBd05ESTFOQzgxTWpkWGVEVXlOMGhmYm5Wc2JBfDVkNTZjZjI2ZWJiZjQzZjU2ZGUwZDkyNDJjZGRiY2JmM2Q5ZjM0MjczZGQyMjU5YWQzMjdhY2E5NDk4NmZjNjI&v=1732830759647",
        "images": []
    },
    {
        "product_url": "https://www.heinemann-shop.com/en/global/persol/persol-men-s-sunglasses/p/000000000001634057/",
        "brand_name": "Persol",
        "brand_url": "https://www.heinemann-shop.com/en/global/persol/c/BRAND_2494/",
        "product_name": "Persol, Men's sunglasses",
        "quantity": "1\u00a0Item",
        "price": "\u20ac215.90",
        "price_per_quantity": "",
        "stock_availability": "Low stock",
        "description": "",
        "primary_image": "https://www.heinemann-shop.com/medias/527Wx527H-null?context=bWFzdGVyfGltYWdlc3wyNTYxMnxpbWFnZS9qcGVnfGFERm1MMmcxTUM4eE1UUXdORGt6T1RZMU56STBOaTgxTWpkWGVEVXlOMGhmYm5Wc2JBfGI2YTZiNGVkNmI0MGYxNzI5NTNjZWZiMjVjMjA5YThmYzNlMjc2ZGYzN2M4OTQ3ZTFjZTNiOWM3YzEwOWY3NTk&v=1731537373816",
        "images": []
    },
    {
        "product_url": "https://www.heinemann-shop.com/en/global/persol/persol-unisex-s-sunglasses/p/000000000001634043/",
        "brand_name": "Persol",
        "brand_url": "https://www.heinemann-shop.com/en/global/persol/c/BRAND_2494/",
        "product_name": "Persol, Unisex's sunglasses",
        "quantity": "1\u00a0Item",
        "price": "\u20ac249.90",
        "price_per_quantity": "",
        "stock_availability": "Low stock",
        "description": "",
        "primary_image": "https://www.heinemann-shop.com/medias/527Wx527H-null?context=bWFzdGVyfGltYWdlc3wyNzM1MHxpbWFnZS9qcGVnfGFHWXdMMmhrWWk4eE1UUXdORGt6TnpZeU5UWXpNQzgxTWpkWGVEVXlOMGhmYm5Wc2JBfGZlZGNjNmYxNjEwMTUyNTE3OGVhMDI3OTliNTNmYjRjZWJiNmJmNTc1MDUzOWU4YTJmMzk4MjRjNGQyMjY0YTc&v=1731537255597",
        "images": []
    },
    {
        "product_url": "https://www.heinemann-shop.com/en/global/persol/persol-unisex-s-sunglasses/p/000000000001634063/",
        "brand_name": "Persol",
        "brand_url": "https://www.heinemann-shop.com/en/global/persol/c/BRAND_2494/",
        "product_name": "Persol, Unisex's sunglasses",
        "quantity": "1\u00a0Item",
        "price": "\u20ac249.90",
        "price_per_quantity": "",
        "stock_availability": "Low stock",
        "description": "",
        "primary_image": "https://www.heinemann-shop.com/medias/527Wx527H-null?context=bWFzdGVyfGltYWdlc3wyNTM3NHxpbWFnZS9qcGVnfGFESTRMMmhqTUM4eE1UUXdORGswTURReE1Ea3hNQzgxTWpkWGVEVXlOMGhmYm5Wc2JBfDQ0ZmU2NWQzMTViMGFjZTRkNTYwMGI4ZTE2NmIyYjkyNmFmMmQ1N2Y2MmViMmRjOTUzMjQzMDUyNjJkMzM4MDQ&v=1731537409936",
        "images": []
    },
    {
        "product_url": "https://www.heinemann-shop.com/en/global/gucci/gucci-details-men-s-sunglasses/p/000000000001664559/",
        "brand_name": "Gucci",
        "brand_url": "https://www.heinemann-shop.com/en/global/gucci/c/BRAND_2020/",
        "product_name": "Gucci, Details, men's sunglasses",
        "quantity": "",
        "price": "",
        "price_per_quantity": "",
        "stock_availability": "",
        "description": "",
        "primary_image": "https://www.heinemann-shop.com/medias/527Wx527H-null?context=bWFzdGVyfGltYWdlc3wyMzkzN3xpbWFnZS9qcGVnfGFHTTFMMmczTmk4eE1UUTFNakl6T1RNeE5EazNOQzgxTWpkWGVEVXlOMGhmYm5Wc2JBfGEwNmQyMjlhM2JjNzY1MmY0MTUwODNlYjgyZjU3OWQ1MmI4ZTY3ZTUwNmJmY2YxZTU4Y2E5MWNjM2FlMTk5MDA&v=1732830804753",
        "images": []
    },
    {
        "product_url": "https://www.heinemann-shop.com/en/global/persol/persol-men-s-sunglasses/p/000000000001633982/",
        "brand_name": "Persol",
        "brand_url": "https://www.heinemann-shop.com/en/global/persol/c/BRAND_2494/",
        "product_name": "Persol, Men's sunglasses",
        "quantity": "1\u00a0Item",
        "price": "\u20ac235.90",
        "price_per_quantity": "",
        "stock_availability": "Low stock",
        "description": "",
        "primary_image": "https://www.heinemann-shop.com/medias/527Wx527H-null?context=bWFzdGVyfGltYWdlc3wyNzAxMnxpbWFnZS9qcGVnfGFHRTJMMmhrWXk4eE1UUXdORGswTVRJek1ERXhNQzgxTWpkWGVEVXlOMGhmYm5Wc2JBfDAzM2IyZTc0YjZkYjIwZjBjMDg5MjE2NWU2Njc3MTk1MDc2OWZiMTVkNDJjNzFiYWVhY2U2MjNhMGM0MWQ3ZDI&v=1731537445402",
        "images": []
    },
    {
        "product_url": "https://www.heinemann-shop.com/en/global/persol/persol-men-s-sunglasses/p/000000000001633984/",
        "brand_name": "Persol",
        "brand_url": "https://www.heinemann-shop.com/en/global/persol/c/BRAND_2494/",
        "product_name": "Persol, Men's sunglasses",
        "quantity": "1\u00a0Item",
        "price": "\u20ac325.90",
        "price_per_quantity": "",
        "stock_availability": "Low stock",
        "description": "",
        "primary_image": "https://www.heinemann-shop.com/medias/527Wx527H-null?context=bWFzdGVyfGltYWdlc3wyODQ5OXxpbWFnZS9qcGVnfGFETXpMMmhqTkM4eE1UUXdORGswTVRrNE16YzNOQzgxTWpkWGVEVXlOMGhmYm5Wc2JBfDM3YTc3OTc4NjMwZGU4YjZkY2FlZGY3ZTYyZTZmZTdjY2U3ZDE1N2ExNDVlZmI1NDIzMDEyZTI1Nzk3MDEzZWU&v=1731537481736",
        "images": []
    },
    {
        "product_url": "https://www.heinemann-shop.com/en/global/versace/versace-women-s-sunglasses/p/000000000001670989/",
        "brand_name": "Versace",
        "brand_url": "https://www.heinemann-shop.com/en/global/versace/c/BRAND_1899/",
        "product_name": "Versace, Women's sunglasses",
        "quantity": "1\u00a0Item",
        "price": "\u20ac255.90",
        "price_per_quantity": "",
        "stock_availability": "",
        "description": "",
        "primary_image": "https://www.heinemann-shop.com/medias/527Wx527H-null?context=bWFzdGVyfGltYWdlc3wyMDI4NHxpbWFnZS9qcGVnfGFHTmpMMmhpTmk4eE1UTTNOekE1TmpjNE5UazFNQzgxTWpkWGVEVXlOMGhmYm5Wc2JBfGFlNmJlMTUxNWVhODU0OGNmZTM4NjEyZWNlZGRmYWJmYTUyNTMxMDlmMTRlMGFlNTI5NDRiNGI2ZmQ5ZmQ1ZWY&v=1731016605166",
        "images": []
    },
    {
        "product_url": "https://www.heinemann-shop.com/en/global/ray-ban/ray-ban-unisex-s-sunglasses/p/000000000001669679/",
        "brand_name": "Ray Ban",
        "brand_url": "https://www.heinemann-shop.com/en/global/ray-ban/c/BRAND_0083/",
        "product_name": "Ray Ban, Unisex's sunglasses",
        "quantity": "1\u00a0Item",
        "price": "",
        "price_per_quantity": "",
        "stock_availability": "",
        "description": "",
        "primary_image": "https://www.heinemann-shop.com/medias/527Wx527H-null?context=bWFzdGVyfGltYWdlc3wyMTAyOHxpbWFnZS9qcGVnfGFHRmlMMmczWVM4eE1UY3pOVEV5TlRVMU56STNPQzgxTWpkWGVEVXlOMGhmYm5Wc2JBfDk5YTAxY2U1MmI5YjBiMTQxOTNiNmJlZTcxMTQyOTJjMDY2ZjlhYWFjOTMyMzBkZjRhMjUwOGZjMTY3ZTIwNWY&v=1738881119225",
        "images": []
    },
    {
        "product_url": "https://www.heinemann-shop.com/en/global/oakley/oakley-men-s-sunglasses/p/000000000001669563/",
        "brand_name": "Oakley",
        "brand_url": "https://www.heinemann-shop.com/en/global/oakley/c/BRAND_2727/",
        "product_name": "Oakley, Men's sunglasses",
        "quantity": "1\u00a0Item",
        "price": "",
        "price_per_quantity": "",
        "stock_availability": "",
        "description": "",
        "primary_image": "https://www.heinemann-shop.com/medias/527Wx527H-null?context=bWFzdGVyfGltYWdlc3wyMTg2MnxpbWFnZS9qcGVnfGFHUTBMMmd5Tmk4eE1UTTNOekE0TmpNMk5UY3lOaTgxTWpkWGVEVXlOMGhmYm5Wc2JBfDRjOWFmZjhlM2ZjMGYxMTQ3ZGU3YTkzNjhlNTRkYmMyN2Y2M2U0OTFhZWI4MzVjMDZmNTNiYTVlNDQ0ZjdhNjQ&v=1731016105378",
        "images": []
    },
    {
        "product_url": "https://www.heinemann-shop.com/en/global/ray-ban/ray-ban-unisex-s-sunglasses/p/000000000001669678/",
        "brand_name": "Ray Ban",
        "brand_url": "https://www.heinemann-shop.com/en/global/ray-ban/c/BRAND_0083/",
        "product_name": "Ray Ban, Unisex's sunglasses",
        "quantity": "1\u00a0Item",
        "price": "",
        "price_per_quantity": "",
        "stock_availability": "",
        "description": "",
        "primary_image": "https://www.heinemann-shop.com/medias/527Wx527H-null?context=bWFzdGVyfGltYWdlc3wxODA3MnxpbWFnZS9qcGVnfGFHUXpMMmc0TVM4eE1UY3pOVEV5TlRNeU56a3dNaTgxTWpkWGVEVXlOMGhmYm5Wc2JBfDlmOWIxZmMwZGZiNjdmZWY3OGJkNWE4MzhhY2IxM2I0YTJiNDY3ZGY4YzA4Zjg0MGRjYzkxNmYwNDkxYTM2MmE&v=1738881107240",
        "images": []
    },
    {
        "product_url": "https://www.heinemann-shop.com/en/global/ray-ban/ray-ban-unisex-s-sunglasses/p/000000000001669635/",
        "brand_name": "Ray Ban",
        "brand_url": "https://www.heinemann-shop.com/en/global/ray-ban/c/BRAND_0083/",
        "product_name": "Ray Ban, Unisex's sunglasses",
        "quantity": "1\u00a0Item",
        "price": "\u20ac147.90",
        "price_per_quantity": "",
        "stock_availability": "Low stock",
        "description": "",
        "primary_image": "https://www.heinemann-shop.com/medias/527Wx527H-null?context=bWFzdGVyfGltYWdlc3wyMDA0MXxpbWFnZS9qcGVnfGFEVmpMMmd6WVM4eE1UY3pORGc0TkRrd09UQTROaTgxTWpkWGVEVXlOMGhmYm5Wc2JBfDI4OGUxNGNhZTE5YTIyMzNjNGFjMTcyYmVmZDNmNTY5OGQzYzU0YTBjNzk5NDg0ODg2ZGU2MmQwMWE0NGU3ZGU&v=1738880525572",
        "images": []
    },
    {
        "product_url": "https://www.heinemann-shop.com/en/global/prada/prada-men-s-sunglasses/p/000000000001669608/",
        "brand_name": "Prada",
        "brand_url": "https://www.heinemann-shop.com/en/global/prada/c/BRAND_2803/",
        "product_name": "Prada, Men's sunglasses",
        "quantity": "1\u00a0Item",
        "price": "",
        "price_per_quantity": "",
        "stock_availability": "",
        "description": "",
        "primary_image": "https://www.heinemann-shop.com/medias/527Wx527H-null?context=bWFzdGVyfGltYWdlc3wyMTQxOHxpbWFnZS9qcGVnfGFEWTFMMmc1TkM4eE1UTTNOekE0TURjeU9UWXpNQzgxTWpkWGVEVXlOMGhmYm5Wc2JBfDNjZTkyNWVhNGFlZTk0MTIzZTU2OTc3Y2I4OTRlMmM2ZWRiMGE2MDlhZmY1MmZmYmUwODk2NGY3MGVhMzllNzg&v=1731015845044",
        "images": []
    },
    {
        "product_url": "https://www.heinemann-shop.com/en/global/prada/prada-women-s-sunglasses/p/000000000001669622/",
        "brand_name": "Prada",
        "brand_url": "https://www.heinemann-shop.com/en/global/prada/c/BRAND_2803/",
        "product_name": "Prada, Women's sunglasses",
        "quantity": "1\u00a0Item",
        "price": "",
        "price_per_quantity": "",
        "stock_availability": "",
        "description": "",
        "primary_image": "https://www.heinemann-shop.com/medias/527Wx527H-null?context=bWFzdGVyfGltYWdlc3wyMTQ0MHxpbWFnZS9qcGVnfGFHTmpMMmd5WkM4eE1UTTNOekE0TVRZME56RXpOQzgxTWpkWGVEVXlOMGhmYm5Wc2JBfGEwNzVmYjkxMmM4ODM2MjU0MTU5Njg5MzZlOWE1YTFhNzA0ZTk1OWI0YmUxNjYyYzVjM2JlMjhmMTBiZDVmMzI&v=1731015885125",
        "images": []
    },
    {
        "product_url": "https://www.heinemann-shop.com/en/global/ray-ban/ray-ban-women-s-sunglasses/p/000000000001669584/",
        "brand_name": "Ray Ban",
        "brand_url": "https://www.heinemann-shop.com/en/global/ray-ban/c/BRAND_0083/",
        "product_name": "Ray Ban, Women's sunglasses",
        "quantity": "1\u00a0Item",
        "price": "",
        "price_per_quantity": "",
        "stock_availability": "",
        "description": "",
        "primary_image": "https://www.heinemann-shop.com/medias/527Wx527H-null?context=bWFzdGVyfGltYWdlc3wyMzkwMHxpbWFnZS9qcGVnfGFEazRMMmc1TlM4eE1UY3pORGc0TnpVek1EVXlOaTgxTWpkWGVEVXlOMGhmYm5Wc2JBfGY4N2RjYjhmNmM3M2QxNzNkMDFmM2ZlOWE1ZGFlNTAyMmYxYmE3NmFlNGY5NWQ4YjQ4MjlhYzc1NjQ3NDczOGY&v=1738880672365",
        "images": []
    },
    {
        "product_url": "https://www.heinemann-shop.com/en/global/dolce-gabbana/dolce-gabbana-women-s-sunglasses/p/000000000001669511/",
        "brand_name": "Dolce & Gabbana",
        "brand_url": "https://www.heinemann-shop.com/en/global/dolce-gabbana/c/BRAND_2742/",
        "product_name": "Dolce & Gabbana, Women's sunglasses",
        "quantity": "1\u00a0Item",
        "price": "",
        "price_per_quantity": "",
        "stock_availability": "",
        "description": "",
        "primary_image": "https://www.heinemann-shop.com/medias/527Wx527H-null?context=bWFzdGVyfGltYWdlc3wyNDUwMXxpbWFnZS9qcGVnfGFEZGpMMmd3Tmk4eE1UTTNOall3TlRZNU1Ua3pOQzgxTWpkWGVEVXlOMGhmYm5Wc2JBfGMxODlkNjM5NTY0MTAxMjkzYjk0ZjNhODNiYjFlZTZhNTAxZDlhZTU3ZDJlNzg5NzUxMmExNmQzNjgyMmE4NWY&v=1731015156287",
        "images": []
    },
    {
        "product_url": "https://www.heinemann-shop.com/en/global/emporio-armani/emporio-armani-women-s-sunglasses/p/000000000001669561/",
        "brand_name": "Emporio Armani",
        "brand_url": "https://www.heinemann-shop.com/en/global/emporio-armani/c/BRAND_2320/",
        "product_name": "Emporio Armani, Women's sunglasses",
        "quantity": "1\u00a0Item",
        "price": "",
        "price_per_quantity": "",
        "stock_availability": "",
        "description": "",
        "primary_image": "https://www.heinemann-shop.com/medias/527Wx527H-null?context=bWFzdGVyfGltYWdlc3wyMTk4OHxpbWFnZS9qcGVnfGFHTmpMMmczWmk4eE1UTTNOekE0TlRnME1UUXpPQzgxTWpkWGVEVXlOMGhmYm5Wc2JBfDJkMmI4MWEzYzcxYTFlMWJjOWJiNzdmODg3NDM5MjAyOTk2YmU3N2ZkNDhjNzI1YmNhMDVmNWEwNzVjZGQ3OTg&v=1731016079218",
        "images": []
    },
    {
        "product_url": "https://www.heinemann-shop.com/en/global/prada/prada-women-s-sunglasses/p/000000000001669609/",
        "brand_name": "Prada",
        "brand_url": "https://www.heinemann-shop.com/en/global/prada/c/BRAND_2803/",
        "product_name": "Prada, Women's sunglasses",
        "quantity": "1\u00a0Item",
        "price": "",
        "price_per_quantity": "",
        "stock_availability": "",
        "description": "",
        "primary_image": "https://www.heinemann-shop.com/medias/527Wx527H-null?context=bWFzdGVyfGltYWdlc3wyMTMwOHxpbWFnZS9qcGVnfGFESmhMMmcwTWk4eE1UTTNOekE0TVRBMU56TXhNQzgxTWpkWGVEVXlOMGhmYm5Wc2JBfGY2YmQxODUxOGRkNjZiMDMxOTg3OTBiM2UzMTk3ZDVlYTFiODcwZDFkN2I4N2YwMzU5YmNiYzMxZWM3MTczMmE&v=1731015859158",
        "images": []
    },
    {
        "product_url": "https://www.heinemann-shop.com/en/global/ray-ban/ray-ban-unisex-s-sunglasses/p/000000000001669890/",
        "brand_name": "Ray Ban",
        "brand_url": "https://www.heinemann-shop.com/en/global/ray-ban/c/BRAND_0083/",
        "product_name": "Ray Ban, Unisex's sunglasses",
        "quantity": "1\u00a0Item",
        "price": "",
        "price_per_quantity": "",
        "stock_availability": "",
        "description": "",
        "primary_image": "https://www.heinemann-shop.com/medias/527Wx527H-null?context=bWFzdGVyfGltYWdlc3wyMDMwNnxpbWFnZS9qcGVnfGFHTTFMMmd3TWk4eE1UY3pOVEV5TmprNU9UQTNNQzgxTWpkWGVEVXlOMGhmYm5Wc2JBfDc2YTQwZTJiNDhlMDA3NmFkZjlmNzVmN2QyNmJkZWU5YTdlYWM2Y2UxZTQ2OTE4N2Y2ZjVmNzYyN2QyODM4YmY&v=1738881186482",
        "images": []
    },
    {
        "product_url": "https://www.heinemann-shop.com/en/global/michael-kors/michael-kors-women-s-sunglasses/p/000000000001669552/",
        "brand_name": "Michael Kors",
        "brand_url": "https://www.heinemann-shop.com/en/global/michael-kors/c/BRAND_3794/",
        "product_name": "Michael Kors, women's sunglasses",
        "quantity": "1\u00a0Item",
        "price": "",
        "price_per_quantity": "",
        "stock_availability": "",
        "description": "",
        "primary_image": "https://www.heinemann-shop.com/medias/527Wx527H-null?context=bWFzdGVyfGltYWdlc3wxODI3MnxpbWFnZS9qcGVnfGFEWTFMMmhsTmk4eE1UTTNOekE0TkRreU16a3pOQzgxTWpkWGVEVXlOMGhmYm5Wc2JBfDJlOGE4NTRmMTE5ZGRiZGViY2MwMDdkYzNkN2U4YWI0ZGI3YzBmYjliMWM2NDE1OGM0MTFlMWEwZWE3ZWI2MWQ&v=1731016038466",
        "images": []
    },
    {
        "product_url": "https://www.heinemann-shop.com/en/global/oakley/oakley-men-s-sunglasses/p/000000000001497195/",
        "brand_name": "Oakley",
        "brand_url": "https://www.heinemann-shop.com/en/global/oakley/c/BRAND_2727/",
        "product_name": "OAKLEY, men's sunglasses",
        "quantity": "",
        "price": "",
        "price_per_quantity": "",
        "stock_availability": "",
        "description": "",
        "primary_image": "https://www.heinemann-shop.com/medias/527Wx527H-null?context=bWFzdGVyfGltYWdlc3wyNDMzMnxpbWFnZS9qcGVnfGFEUmtMMmhoWVM4eE1ESXlOVEE0TWpVMk5EWXpPQzgxTWpkWGVEVXlOMGhmYm5Wc2JBfDI2MGI5NWI1NWQwNWU1ZDA3OGJmMjYwMjI3MjllMzJjZTI1YjQ0ZDA5ODdhMDg4OGFhZmJjMzEyNjNiZDMxMTA&v=1705449417940",
        "images": []
    },
    {
        "product_url": "https://www.heinemann-shop.com/en/global/emporio-armani/emporio-armani-women-s-sunglasses/p/000000000001669520/",
        "brand_name": "Emporio Armani",
        "brand_url": "https://www.heinemann-shop.com/en/global/emporio-armani/c/BRAND_2320/",
        "product_name": "Emporio Armani, Women's sunglasses",
        "quantity": "1\u00a0Item",
        "price": "",
        "price_per_quantity": "",
        "stock_availability": "",
        "description": "",
        "primary_image": "https://www.heinemann-shop.com/medias/527Wx527H-null?context=bWFzdGVyfGltYWdlc3wyMzEzNnxpbWFnZS9qcGVnfGFEYzFMMmc0TlM4eE1UTTNOekEyTkRrMk9ESXlNaTgxTWpkWGVEVXlOMGhmYm5Wc2JBfDcwNzk4NDNiNWRjMDA3NTM4ZGM5ODljZDhhMWEyMzIxODNiZTBiMjhhMzFlNmFjNjU3Yzc5OTU1NTA4NGJiZjc&v=1731015183233",
        "images": []
    },
    {
        "product_url": "https://www.heinemann-shop.com/en/global/oakley/oakley-men-s-sunglasses/p/000000000001482961/",
        "brand_name": "Oakley",
        "brand_url": "https://www.heinemann-shop.com/en/global/oakley/c/BRAND_2727/",
        "product_name": "Oakley, men's sunglasses",
        "quantity": "",
        "price": "",
        "price_per_quantity": "",
        "stock_availability": "",
        "description": "",
        "primary_image": "https://www.heinemann-shop.com/medias/527Wx527H-null?context=bWFzdGVyfGltYWdlc3wxOTM4NXxpbWFnZS9qcGVnfGFETXdMMmhrWVM4eE1ESXlORGsyTlRrM05qQTVOQzgxTWpkWGVEVXlOMGhmYm5Wc2JBfDVhOWFkODcxMDM2NmU0OWIzOWUzMzRhMTZlMDIwZjZhYTUzMDJhNzNhNmU5MGU5NDY2ZjQ1ZjlhNmQwNDc1OTk&v=1705448150636",
        "images": []
    },
    {
        "product_url": "https://www.heinemann-shop.com/en/global/michael-kors/michael-kors-women-s-sunglasses/p/000000000001669562/",
        "brand_name": "Michael Kors",
        "brand_url": "https://www.heinemann-shop.com/en/global/michael-kors/c/BRAND_3794/",
        "product_name": "Michael Kors, women's sunglasses",
        "quantity": "1\u00a0Item",
        "price": "",
        "price_per_quantity": "",
        "stock_availability": "",
        "description": "",
        "primary_image": "https://www.heinemann-shop.com/medias/527Wx527H-null?context=bWFzdGVyfGltYWdlc3wyMzg5N3xpbWFnZS9qcGVnfGFEVXpMMmd5WlM4eE1UTTNOekE0TmpFd016VTRNaTgxTWpkWGVEVXlOMGhmYm5Wc2JBfGIxNzYzMzhjZDkzMzc1NGNlYmU4MWEzYWZmN2E3MWRiN2YyNWUwZmVmYzFkMjFhZGM4MjkyM2E5Yzk4MzgzMTM&v=1731016092042",
        "images": []
    },
    {
        "product_url": "https://www.heinemann-shop.com/en/global/prada/prada-women-s-sunglasses/p/000000000001482989/",
        "brand_name": "Prada",
        "brand_url": "https://www.heinemann-shop.com/en/global/prada/c/BRAND_2803/",
        "product_name": "Prada, women's sunglasses",
        "quantity": "",
        "price": "",
        "price_per_quantity": "",
        "stock_availability": "",
        "description": "Brand Name: Prada",
        "primary_image": "https://www.heinemann-shop.com/medias/527Wx527H-null?context=bWFzdGVyfGltYWdlc3wyMTU1NHxpbWFnZS9qcGVnfGFHRTVMMmd3TWk4eE1ESXlORGsyT0RNek5UTTVNQzgxTWpkWGVEVXlOMGhmYm5Wc2JBfDNiOWRlNWZjYzVkMGE0NmJmOWI0NzNmM2ZkMjk3YTFhYzk3ZWVhMTBkZmI2MTJhNmY3MTJmODQ0OWJiNWVlNDc&v=1705448351943",
        "images": []
    },
    {
        "product_url": "https://www.heinemann-shop.com/en/global/le-specs/le-specs-weekend-riot-unisex-sunglasses/p/000000000001493503/",
        "brand_name": "Le Specs",
        "brand_url": "https://www.heinemann-shop.com/en/global/le-specs/c/BRAND_6164/",
        "product_name": "Le Specs, Weekend Riot, unisex sunglasses",
        "quantity": "",
        "price": "",
        "price_per_quantity": "",
        "stock_availability": "",
        "description": "Offering an oversized fit for larger faces, Weekend Riot is a modern D-frame silhouette that focuses on comfort and fit. With lenses fitted to provide maximum UV protection, each style is subtly finished with iconic Le Specs flag stripe metal hardware on both temples.",
        "primary_image": "https://www.heinemann-shop.com/medias/527Wx527H-null?context=bWFzdGVyfGltYWdlc3wyODcyMXxpbWFnZS9qcGVnfGFERXlMMmczTVM4eE1ESXlORGszTURZNU5EWTROaTgxTWpkWGVEVXlOMGhmYm5Wc2JBfDU1MzI0MjE5MDkwYTU2ZWM3NzUyNzU0NzdkYzI5MmYzYTU1YjI2MjZmMmI2NjA2YjhjYjAxYTdlZDNmMzdiNmE&v=1705448506640",
        "images": []
    },
    {
        "product_url": "https://www.heinemann-shop.com/en/global/polaroid-kids/polaroid-kids-girls-sunglasses/p/000000000001421167/",
        "brand_name": "Polaroid Kids",
        "brand_url": "https://www.heinemann-shop.com/en/global/polaroid-kids/c/BRAND_1806/",
        "product_name": "POLAROID KIDS, girls' sunglasses",
        "quantity": "\n        ",
        "price": "\u20ac37.90",
        "price_per_quantity": "",
        "stock_availability": "Low stock",
        "description": "With these brightly-hued fuchsia Polaroid Kids round polarized sunglasses, little fashion experts can play carefree from one sunny day to the next. A print embellishes the fuchsia temples of the polycarbonate frame while the rubber on the inside of the front has been designed to ensure absolute comfort: ideal, flexible glasses that adapt easily to everyday use.",
        "primary_image": "https://www.heinemann-shop.com/medias/527Wx527H-null?context=bWFzdGVyfGltYWdlc3wyMDQ2NHxpbWFnZS9qcGVnfGFHSTVMMmd5WXk4eE1UQTJNREUzTWpJMU9UTTFPQzgxTWpkWGVEVXlOMGhmYm5Wc2JBfDkxMTkxMjllOTgzOGNhNGFlZDRkZmZiMWVlNWUyZTJiNzNlYWJhODRmNWFjYmJmZGI0Nzg3MzAwOTRlMTBmNTE&v=1724816487099",
        "images": []
    },
    {
        "product_url": "https://www.heinemann-shop.com/en/global/maui-jim/maui-jim-men-s-sunglasses/p/000000000001486324/",
        "brand_name": "Maui Jim",
        "brand_url": "https://www.heinemann-shop.com/en/global/maui-jim/c/BRAND_3778/",
        "product_name": "Maui Jim, men's sunglasses",
        "quantity": "",
        "price": "",
        "price_per_quantity": "",
        "stock_availability": "",
        "description": "Brand: Maui Jim",
        "primary_image": "https://www.heinemann-shop.com/medias/527Wx527H-null?context=bWFzdGVyfGltYWdlc3wyOTY1M3xpbWFnZS9qcGVnfGFHRXpMMmcyWlM4eE1EUXpOalkzTVRRek9EZzNPQzgxTWpkWGVEVXlOMGhmYm5Wc2JBfGNhMWRjOGJkYmRhYTRkMGIxMTRlNzYxNTMwNTE0ZDZhYjc2ZWZiNjMxNjhlNWMxOWIzMzE3MTRhMWVjZDc0YWY&v=1710366319737",
        "images": []
    },
    {
        "product_url": "https://www.heinemann-shop.com/en/global/maui-jim/maui-jim-unisex-sunglasses/p/000000000001310878/",
        "brand_name": "Maui Jim",
        "brand_url": "https://www.heinemann-shop.com/en/global/maui-jim/c/BRAND_3778/",
        "product_name": "Maui Jim, unisex sunglasses",
        "quantity": "",
        "price": "",
        "price_per_quantity": "",
        "stock_availability": "",
        "description": "Brand: Maui Jim",
        "primary_image": "https://www.heinemann-shop.com/medias/527Wx527H-null?context=bWFzdGVyfGltYWdlc3wyODcxMHxpbWFnZS9qcGVnfGFHVm1MMmhrT0M4eE1EUXpOalk0TXpBek9EYzFNQzgxTWpkWGVEVXlOMGhmYm5Wc2JBfGZiNTUwYjVkYTQ4Y2ZjMWZhODYyYjE0MWQ0YTZmMzQxMjUyODk3ZmIyZGZjYTIzMjcyOWEyZTYxMmMyMzQ0MTQ&v=1710367107952",
        "images": []
    },
    {
        "product_url": "https://www.heinemann-shop.com/en/global/maui-jim/maui-jim-women-s-sunglasses/p/000000000001486320/",
        "brand_name": "Maui Jim",
        "brand_url": "https://www.heinemann-shop.com/en/global/maui-jim/c/BRAND_3778/",
        "product_name": "Maui Jim, women's sunglasses",
        "quantity": "",
        "price": "",
        "price_per_quantity": "",
        "stock_availability": "",
        "description": "",
        "primary_image": "https://www.heinemann-shop.com/medias/527Wx527H-null?context=bWFzdGVyfGltYWdlc3wyODU2NHxpbWFnZS9qcGVnfGFEbGlMMmhqTnk4eE1EUXpOalkzTURreE5EVTVNQzgxTWpkWGVEVXlOMGhmYm5Wc2JBfDgyY2FjZTE1MWVlOTIyYWUwZmM0NTY4NDJmYTI1NGVhMWIwMmUzN2ExYzIzYWNhZjJkZTNkZjQzMjMzODdiOGU&v=1710366297686",
        "images": []
    },
    {
        "product_url": "https://www.heinemann-shop.com/en/global/ray-ban/ray-ban-unisex-sunglasses/p/000000000001483003/",
        "brand_name": "Ray Ban",
        "brand_url": "https://www.heinemann-shop.com/en/global/ray-ban/c/BRAND_0083/",
        "product_name": "Ray-Ban, unisex sunglasses",
        "quantity": "\n        ",
        "price": "\u20ac155.90",
        "price_per_quantity": "",
        "stock_availability": "Low stock",
        "description": "",
        "primary_image": "https://www.heinemann-shop.com/medias/527Wx527H-null?context=bWFzdGVyfGltYWdlc3wyMDMwNnxpbWFnZS9qcGVnfGFHSXpMMmhpWWk4eE1ESXlORGsxT0RnMk5UUXpPQzgxTWpkWGVEVXlOMGhmYm5Wc2JBfDNmZjllZjFiMWI3NjZlMTY5ZWE1NTEzYzZmNzA1MmJjNTc0ODI0MTZjNWI5MDUzZWMzZjQyYzUxMmMzOWY3YWY&v=1705447581091",
        "images": []
    },
    {
        "product_url": "https://www.heinemann-shop.com/en/global/oakley/oakley-men-s-sunglasses/p/000000000001482977/",
        "brand_name": "Oakley",
        "brand_url": "https://www.heinemann-shop.com/en/global/oakley/c/BRAND_2727/",
        "product_name": "Oakley, men's sunglasses",
        "quantity": "",
        "price": "",
        "price_per_quantity": "",
        "stock_availability": "",
        "description": "Brand Name: Oakley",
        "primary_image": "https://www.heinemann-shop.com/medias/527Wx527H-null?context=bWFzdGVyfGltYWdlc3wyMDU2NnxpbWFnZS9qcGVnfGFEWTJMMmcyWkM4eE1ESXlORGsyTnpFNE9EVXhNQzgxTWpkWGVEVXlOMGhmYm5Wc2JBfDQwN2I5NDk1OGQ0MDllZjA2MGZjOTM5N2JiMTRjOGNkMjM5NWY4OWJjOGQ4MTY2YjYzYWE5MDMyMzliOTkwYWQ&v=1705448234643",
        "images": []
    }
]