[
    {
        "brand_name": "PACHAYA",
        "brand_url": "https://www.kingpower.com/en/brand/pachaya",
        "product_url": "https://www.kingpower.com/en/product/pachaya-herbal-yellow-oil-24-c-cx-3",
        "product_name": "PACHAYA Herbal Yellow Oil (24CCx3)",
        "description": "Pachaya Herbal Yellow Oil (Pure natural extract) with the inherited formula long passed down in generations, the herbal extracted oil balances out discomforting symptoms and helps relaxing your mind. Great for relieving sore muscles, insect bites, dizziness, etc. Container: Glass Bottle Ingredients: Zingiber 22%, Turmeric 15%, Menthol 13%, Eucalyptus oil 23% and others. Remarks: Keep Away from Sunlight. Pachaya Herbal Yellow Oil (Pure natural extract) with the inherited formula long passed down in generations, the herbal extracted oil balances out discomforting symptoms and helps relaxing your mind. Great for relieving sore muscles, insect bites, dizziness, etc. Container: Glass Bottle Ingredients: Zingiber 22%, Turmeric 15%, Menthol 13%, Eucalyptus oil 23% and others. Remarks: Keep Away from Sunlight.",
        "categories": [
            "Health & Personal Care",
            "Health",
            "Traditional medicine & treatment"
        ],
        "sku_id": "3635457",
        "price": "831.00 THB",
        "primary_image": "https://img.kingpowerclick.com/cdn-cgi/image/format=auto/kingpower-com/image/upload/w_640,h_640/v1511364212/prod/3635457-l2.jpg",
        "images": [
            "https://img.kingpowerclick.com/cdn-cgi/image/format=auto/kingpower-com/image/upload/w_640,h_640/v1511364212/prod/3635457-l1.jpg",
            "https://img.kingpowerclick.com/cdn-cgi/image/format=auto/kingpower-com/image/upload/w_640,h_640/v1511364212/prod/3635457-l2.jpg",
            "https://img.kingpowerclick.com/cdn-cgi/image/format=auto/kingpower-com/image/upload/w_640,h_640/v1511364212/prod/3635457-l3.jpg"
        ]
    },
    {
        "brand_name": "PACHAYA",
        "brand_url": "https://www.kingpower.com/en/brand/pachaya",
        "product_url": "https://www.kingpower.com/en/product/pachaya-herbal-yellow-oil-roller-3-c-cx-3",
        "product_name": "PACHAYA Herbal Yellow Oil Roller (3CCx3)",
        "description": "Pachaya Herbal Yellow Oil (Pure natural extract) with the inherited formula long passed down in generations, the herbal extracted oil balances out discomforting symptoms and helps relaxing your mind. Great for relieving sore muscles, insect bites, dizziness, etc. Container: Glass Bottle Ingredients: Zingiber 22%, Turmeric 15%, Menthol 13%, Eucalyptus oil 23% and others. Remarks: Keep Away from Sunlight. Pachaya Herbal Yellow Oil (Pure natural extract) with the inherited formula long passed down in generations, the herbal extracted oil balances out discomforting symptoms and helps relaxing your mind. Great for relieving sore muscles, insect bites, dizziness, etc. Container: Glass Bottle Ingredients: Zingiber 22%, Turmeric 15%, Menthol 13%, Eucalyptus oil 23% and others. Remarks: Keep Away from Sunlight.",
        "categories": [
            "Health & Personal Care",
            "Health",
            "Traditional medicine & treatment"
        ],
        "sku_id": "3635454",
        "price": "215.00 THB",
        "primary_image": "https://img.kingpowerclick.com/cdn-cgi/image/format=auto/kingpower-com/image/upload/w_640,h_640/v1511364212/prod/3635454-l2.jpg",
        "images": [
            "https://img.kingpowerclick.com/cdn-cgi/image/format=auto/kingpower-com/image/upload/w_640,h_640/v1511364212/prod/3635454-l1.jpg",
            "https://img.kingpowerclick.com/cdn-cgi/image/format=auto/kingpower-com/image/upload/w_640,h_640/v1511364212/prod/3635454-l2.jpg"
        ]
    },
    {
        "brand_name": "PACHAYA",
        "brand_url": "https://www.kingpower.com/en/brand/pachaya",
        "product_url": "https://www.kingpower.com/en/product/pachaya-herbal-yellow-oil-24-cc",
        "product_name": "PACHAYA Herbal Yellow Oil 24 CC",
        "description": "Pachaya Herbal Yellow Oil (Pure natural extract) with the inherited formula long passed down in generations, the herbal extracted oil balances out discomforting symptoms and helps relaxing your mind. Great for relieving sore muscles, insect bites, dizziness, etc. Container: Glass Bottle Ingredients: Zingiber 22%, Turmeric 15%, Menthol 13%, Eucalyptus oil 23% and others. Remarks: Keep Away from Sunlight. Pachaya Herbal Yellow Oil (Pure natural extract) with the inherited formula long passed down in generations, the herbal extracted oil balances out discomforting symptoms and helps relaxing your mind. Great for relieving sore muscles, insect bites, dizziness, etc. Container: Glass Bottle Ingredients: Zingiber 22%, Turmeric 15%, Menthol 13%, Eucalyptus oil 23% and others. Remarks: Keep Away from Sunlight.",
        "categories": [
            "Health & Personal Care",
            "Health",
            "Traditional medicine & treatment"
        ],
        "sku_id": "3635456",
        "price": "292.00 THB",
        "primary_image": "https://img.kingpowerclick.com/cdn-cgi/image/format=auto/kingpower-com/image/upload/w_640,h_640/v1511364209/prod/3635456-l2.jpg",
        "images": [
            "https://img.kingpowerclick.com/cdn-cgi/image/format=auto/kingpower-com/image/upload/w_640,h_640/v1511364212/prod/3635456-l1.jpg",
            "https://img.kingpowerclick.com/cdn-cgi/image/format=auto/kingpower-com/image/upload/w_640,h_640/v1511364209/prod/3635456-l2.jpg"
        ]
    },
    {
        "brand_name": "PACHAYA",
        "brand_url": "https://www.kingpower.com/en/brand/pachaya",
        "product_url": "https://www.kingpower.com/en/product/pachaya-herbal-yellow-oil-roller-3-c-cx-6",
        "product_name": "PACHAYA Herbal Yellow Oil Roller (3CCx6)",
        "description": "Pachaya Herbal Yellow Oil (Pure natural extract) with the inherited formula long passed down in generations, the herbal extracted oil balances out discomforting symptoms and helps relaxing your mind. Great for relieving sore muscles, insect bites, dizziness, etc. Container: Glass Bottle Ingredients: Zingiber 22%, Turmeric 15%, Menthol 13%, Eucalyptus oil 23% and others. Remarks: Keep Away from Sunlight. Pachaya Herbal Yellow Oil (Pure natural extract) with the inherited formula long passed down in generations, the herbal extracted oil balances out discomforting symptoms and helps relaxing your mind. Great for relieving sore muscles, insect bites, dizziness, etc. Container: Glass Bottle Ingredients: Zingiber 22%, Turmeric 15%, Menthol 13%, Eucalyptus oil 23% and others. Remarks: Keep Away from Sunlight.",
        "categories": [
            "Health & Personal Care",
            "Health",
            "Traditional medicine & treatment"
        ],
        "sku_id": "3635455",
        "price": "407.00 THB",
        "primary_image": "https://img.kingpowerclick.com/cdn-cgi/image/format=auto/kingpower-com/image/upload/w_640,h_640/v1511364211/prod/3635455-l2.jpg",
        "images": [
            "https://img.kingpowerclick.com/cdn-cgi/image/format=auto/kingpower-com/image/upload/w_640,h_640/v1511364212/prod/3635455-l1.jpg",
            "https://img.kingpowerclick.com/cdn-cgi/image/format=auto/kingpower-com/image/upload/w_640,h_640/v1511364211/prod/3635455-l2.jpg"
        ]
    },
    {
        "brand_name": "MUEN AMPHAN",
        "brand_url": "https://www.kingpower.com/en/brand/muen-amphan",
        "product_url": "https://www.kingpower.com/en/product/muen-amphan-longan-honeycomb-250-g",
        "product_name": "MUEN AMPHAN Longan Honeycomb 250 G.",
        "description": "A pure natural Honey with the high quality of nature, this high nutrition honey contains a wonderful scented from pollen of famous Lumphun longan. A pure natural Honey with the high quality of nature, this high nutrition honey contains a wonderful scented from pollen of famous Lumphun longan.",
        "categories": [
            "Foods & Beverages",
            "Rice, Packaged foods & Cooking Ingredients",
            "Curry Pastes & Cooking Ingredients"
        ],
        "sku_id": "4402356",
        "price": "290.00 THB",
        "primary_image": "https://img.kingpowerclick.com/cdn-cgi/image/format=auto/kingpower-com/image/upload/w_640,h_640/v1586770968/prod/4402356-L2.jpg",
        "images": [
            "https://img.kingpowerclick.com/cdn-cgi/image/format=auto/kingpower-com/image/upload/w_640,h_640/v1586770964/prod/4402356-L1.jpg",
            "https://img.kingpowerclick.com/cdn-cgi/image/format=auto/kingpower-com/image/upload/w_640,h_640/v1586770968/prod/4402356-L2.jpg"
        ]
    },
    {
        "brand_name": "MOUNTAIN HIGH",
        "brand_url": "https://www.kingpower.com/en/brand/mountain-high",
        "product_url": "https://www.kingpower.com/en/product/mountain-high-freeze-dried-arabica-coffee-3-in-1-mix-espresso-600-g",
        "product_name": "MOUNTAIN HIGH Freeze Dried Arabica Coffee 3in1 Mix Espresso - 600 g",
        "description": "Premium Arabica coffee straight from the highlands of 'Bolaven Plateau' in Laos is brought to you by MOUNTAIN HIGH. This 'natural shade grown high elevation' arabica is grown on volcanic soil, which gives it a perfect balance of acidity, aroma and strength. The ripe coffee cherries  are 'handpicked' and processed on site using stringent quality control measures to ensure that you get only the best. State of the art technology preserves the freshness, flavor and creamy texture to satisfy all your senses. So, take a sip and experience a new high! Premium Arabica coffee straight from the highlands of 'Bolaven Plateau' in Laos is brought to you by MOUNTAIN HIGH. This 'natural shade grown high elevation' arabica is grown on volcanic soil, which gives it a perfect balance of acidity, aroma and strength. The ripe coffee cherries  are 'handpicked' and processed on site using stringent quality control measures to ensure that you get only the best. State of the art technology preserves the freshness, flavor and creamy texture to satisfy all your senses. So, take a sip and experience a new high!",
        "categories": [
            "Foods & Beverages",
            "Beverages",
            "Non-alcoholic beverages"
        ],
        "sku_id": "4778615",
        "price": "320.00 THB",
        "primary_image": "",
        "images": [
            "https://img.kingpowerclick.com/cdn-cgi/image/format=auto/kingpower-com/image/upload/w_640,h_640/v1715238596/prod/4778615-L1.jpg"
        ]
    },
    {
        "brand_name": "MONAE",
        "brand_url": "https://www.kingpower.com/en/brand/monae",
        "product_url": "https://www.kingpower.com/en/product/monae-15-mango-juice-carrageenan-jelly-400-g",
        "product_name": "MONAE 15% Mango Juice Carrageenan Jelly - 400 g",
        "description": "Choosing high-quality, ripe mangoes with rich, fresh flesh results in a pure and natural flavor. The tender, non-stringy texture becomes deliciously soft and smooth when chilled. The authentic mango flavor, which is both tasty and chewy with a satisfying chewiness, is highly popular in Thailand. Made from real mangoes, it delivers a true fruit taste that appeals to consumers seeking high-quality flavor. Choosing high-quality, ripe mangoes with rich, fresh flesh results in a pure and natural flavor. The tender, non-stringy texture becomes deliciously soft and smooth when chilled. The authentic mango flavor, which is both tasty and chewy with a satisfying chewiness, is highly popular in Thailand. Made from real mangoes, it delivers a true fruit taste that appeals to consumers seeking high-quality flavor.",
        "categories": [
            "Foods & Beverages",
            "Chocolate, Snacks & Confectionary",
            "Snacks & Confectionary",
            "Candy & Gum"
        ],
        "sku_id": "4657780",
        "price": "320.00 THB",
        "primary_image": "https://img.kingpowerclick.com/cdn-cgi/image/format=auto/kingpower-com/image/upload/w_640,h_640/v1724320463/prod/4657780-L2.jpg",
        "images": [
            "https://img.kingpowerclick.com/cdn-cgi/image/format=auto/kingpower-com/image/upload/w_640,h_640/v1724320463/prod/4657780-L1.jpg",
            "https://img.kingpowerclick.com/cdn-cgi/image/format=auto/kingpower-com/image/upload/w_640,h_640/v1724320463/prod/4657780-L2.jpg"
        ]
    },
    {
        "brand_name": "MOOD",
        "brand_url": "https://www.kingpower.com/en/brand/mood",
        "product_url": "https://www.kingpower.com/en/product/mood-drip-bag-roasted-coffee-90-g-15-g-x-6",
        "product_name": "MOOD DRIP BAG ROASTED COFFEE - 90 g (15 g x 6)",
        "description": "A Single Origin MOOD Drip Coffee Bag Crafted by coffee enthusiasts who specialized in specialty drip bag coffee and roasted by well-known Thai roasters. MOOD Drip Bag is not just another coffee drip bag. It's a quality cup of coffee to travel with you anywhere, any time and in any mood. 'MOOD Drip Coffee Bag : 3 Types Specialty Drip Bag Coffee  (1) Mae Kha Jan, Chiang Rai Taste notes: Tea Tree, Peanut Roast Level: Medium Light Process: Kenya-style Washed (2) Doi Pangkhon, Chiang Rai Taste notes: Blackberry, Cherry, Brown Sugar Roast Level: Light Process: Anaerobic Natural (3) Huai Mae Liam, Chiang Rai Taste notes: Jujube, Honey Roast Level: Light Process: Anaerobic Black Honey A Single Origin MOOD Drip Coffee Bag Crafted by coffee enthusiasts who specialized in specialty drip bag coffee and roasted by well-known Thai roasters. MOOD Drip Bag is not just another coffee drip bag. It's a quality cup of coffee to travel with you anywhere, any time and in any mood. 'MOOD Drip Coffee Bag : 3 Types Specialty Drip Bag Coffee  (1) Mae Kha Jan, Chiang Rai Taste notes: Tea Tree, Peanut Roast Level: Medium Light Process: Kenya-style Washed (2) Doi Pangkhon, Chiang Rai Taste notes: Blackberry, Cherry, Brown Sugar Roast Level: Light Process: Anaerobic Natural (3) Huai Mae Liam, Chiang Rai Taste notes: Jujube, Honey Roast Level: Light Process: Anaerobic Black Honey",
        "categories": [
            "Foods & Beverages",
            "Beverages",
            "Non-alcoholic beverages"
        ],
        "sku_id": "4628758",
        "price": "680.00 THB",
        "primary_image": "https://img.kingpowerclick.com/cdn-cgi/image/format=auto/kingpower-com/image/upload/w_640,h_640/v1723084400/prod/4628758-L2.jpg",
        "images": [
            "https://img.kingpowerclick.com/cdn-cgi/image/format=auto/kingpower-com/image/upload/w_640,h_640/v1723084399/prod/4628758-L1.jpg",
            "https://img.kingpowerclick.com/cdn-cgi/image/format=auto/kingpower-com/image/upload/w_640,h_640/v1723084400/prod/4628758-L2.jpg",
            "https://img.kingpowerclick.com/cdn-cgi/image/format=auto/kingpower-com/image/upload/w_640,h_640/v1723084400/prod/4628758-L3.jpg"
        ]
    },
    {
        "brand_name": "MILKA",
        "brand_url": "https://www.kingpower.com/en/brand/milka",
        "product_url": "https://www.kingpower.com/en/product/milka-oreo-tablet-300-g",
        "product_name": "MILKA & Oreo Tablet 300g",
        "description": "Milka Oreo Tablet 300g Two much-loved brands in one tablet! Big size Alpine milk chocolate tablet with crunchy whole Oreo biscuits with milk and chocolate cream. Completely new product and taste experience. (Travel Exclusive) Milka Oreo Tablet 300g Two much-loved brands in one tablet! Big size Alpine milk chocolate tablet with crunchy whole Oreo biscuits with milk and chocolate cream. Completely new product and taste experience. (Travel Exclusive)",
        "categories": [
            "Foods & Beverages",
            "Chocolate, Snacks & Confectionary",
            "Chocolates"
        ],
        "sku_id": "571107",
        "price": "680.00 THB",
        "primary_image": "",
        "images": [
            "https://img.kingpowerclick.com/cdn-cgi/image/format=auto/kingpower-com/image/upload/w_640,h_640/v1510832035/prod/571107-l1.jpg"
        ]
    },
    {
        "brand_name": "MONTBLANC (BEAUTY)",
        "brand_url": "https://www.kingpower.com/en/brand/montblanc-beauty",
        "product_url": "https://www.kingpower.com/en/product/montblanc-starwalker-edt-75-ml",
        "product_name": "MONTBLANC STARWALKER EDT 75ml",
        "description": "\u200b \u200b A fragrance made a new generation of men who are coming to grips with their future. Spicy top notes and sensual base notes. Tonic and ginger to stimulate, aniseed for a bourgeois touch and pepper for refinement. Woody heart notes for a sensual signature. A fragrance that speaks to both the soul and the senses. \u200b \u200b A fragrance made a new generation of men who are coming to grips with their future. Spicy top notes and sensual base notes. Tonic and ginger to stimulate, aniseed for a bourgeois touch and pepper for refinement. Woody heart notes for a sensual signature. A fragrance that speaks to both the soul and the senses.",
        "categories": [
            "Beauty",
            "Perfumes",
            "Eau De Toilette"
        ],
        "sku_id": "346806",
        "price": "3,030.00 THB",
        "primary_image": "",
        "images": [
            "https://img.kingpowerclick.com/cdn-cgi/image/format=auto/kingpower-com/image/upload/w_640,h_640/v1510831443/prod/346806-l1.jpg"
        ]
    },
    {
        "brand_name": "MISTINE",
        "brand_url": "https://www.kingpower.com/en/brand/mistine",
        "product_url": "https://www.kingpower.com/en/product/mistine-super-model-miracle-lash-mascara",
        "product_name": "MISTINE Super model Miracle Lash Mascara - 5.5 g.",
        "description": "Advanced mascara formula. The formula that is easy to rinse off. Beautiful, complete with 2 sides in one stick. The Extension mascara side gives a smooth mascara texture that doesn't get clump. Advanced mascara formula. The formula that is easy to rinse off. Beautiful, complete with 2 sides in one stick. The Extension mascara side gives a smooth mascara texture that doesn't get clump.",
        "categories": [
            "Beauty",
            "Makeup",
            "Eyes",
            "Mascara"
        ],
        "sku_id": "4040151",
        "price": "190.00 THB",
        "primary_image": "",
        "images": [
            "https://img.kingpowerclick.com/cdn-cgi/image/format=auto/kingpower-com/image/upload/w_640,h_640/v1528886143/prod/4040151-L1.jpg"
        ]
    },
    {
        "brand_name": "MT.SAPOLA",
        "brand_url": "https://www.kingpower.com/en/brand/mt-sapola",
        "product_url": "https://www.kingpower.com/en/product/mt-sapola-coconut-oil-165-ml",
        "product_name": "Mt.Sapola Coconut Oil 165ml",
        "description": "An excellent skin moisturizer that not only softens the skin, but also protects it against damage, and promotes healing. Direction: Apply on skin and massage until it is absorbed. Caution:   - Place a towel underneath body to protect bedding or floor from oil.  - For an authentic aromatherapy experience, pour a small amount of oil into palm and rub hands together to warm oil before massaging. Add more oil as desired.  - Inhale deeply for best result. Ingredients: Cocos Nucifera (Coconut) Oil An excellent skin moisturizer that not only softens the skin, but also protects it against damage, and promotes healing. Direction: Apply on skin and massage until it is absorbed. Caution:   - Place a towel underneath body to protect bedding or floor from oil.  - For an authentic aromatherapy experience, pour a small amount of oil into palm and rub hands together to warm oil before massaging. Add more oil as desired.  - Inhale deeply for best result. Ingredients: Cocos Nucifera (Coconut) Oil",
        "categories": [
            "Beauty",
            "Skincare",
            "Body",
            "Body Massage Oil"
        ],
        "sku_id": "3662614",
        "price": "500.00 THB",
        "primary_image": "",
        "images": [
            "https://img.kingpowerclick.com/cdn-cgi/image/format=auto/kingpower-com/image/upload/w_640,h_640/v1538623883/prod/3662614-L1.jpg"
        ]
    },
    {
        "brand_name": "MONTBLANC (BEAUTY)",
        "brand_url": "https://www.kingpower.com/en/brand/montblanc-beauty",
        "product_url": "https://www.kingpower.com/en/product/montblanc-legend-edt-50-ml",
        "product_name": "MONTBLANC Legend EDT 50 ml",
        "description": "\u200b \u200b LEGEND has the richness of Montblanc's history, while being very contemporary. It Captures depth, modernity and the right amount of discreet mysteriousness\u2026All in all the utmost height of serene and legendary masculinity. \u200b \u200b LEGEND has the richness of Montblanc's history, while being very contemporary. It Captures depth, modernity and the right amount of discreet mysteriousness\u2026All in all the utmost height of serene and legendary masculinity.",
        "categories": [
            "Beauty",
            "Perfumes",
            "Eau De Toilette"
        ],
        "sku_id": "350377",
        "price": "2,610.00 THB",
        "primary_image": "",
        "images": [
            "https://img.kingpowerclick.com/cdn-cgi/image/format=auto/kingpower-com/image/upload/w_640,h_640/v1510831433/prod/350377-l1.jpg"
        ]
    },
    {
        "brand_name": "MT.SAPOLA",
        "brand_url": "https://www.kingpower.com/en/brand/mt-sapola",
        "product_url": "https://www.kingpower.com/en/product/mt-sapola-massage-oil-rose-165-ml",
        "product_name": "Mt.Sapola Massage Oil Rose 165ml",
        "description": "Direction: Apply on skin and massage until it is absorbed. Caution:   - Place a towel underneath body to protect bedding or floor from oil.  - For an authentic aromatherapy experience, pour a small amount of oil into palm and rub hands together to warm oil before massaging. Add more oil as desired.  - Inhale deeply for best result. Ingredient: Oryza Sativa (Rice) Bran Oil, Simmondsia Chinensis (Jojoba) Seed Oil, Aloe Barbadensis Leaf (Aloe Vera) Extract, Rosa Centifolia (Rose) Flower Extract, Rosmarinus Officinalis (Rosemary) Extract, Tocopherol *Natural substances of essential oils Direction: Apply on skin and massage until it is absorbed. Caution:   - Place a towel underneath body to protect bedding or floor from oil.  - For an authentic aromatherapy experience, pour a small amount of oil into palm and rub hands together to warm oil before massaging. Add more oil as desired.  - Inhale deeply for best result. Ingredient: Oryza Sativa (Rice) Bran Oil, Simmondsia Chinensis (Jojoba) Seed Oil, Aloe Barbadensis Leaf (Aloe Vera) Extract, Rosa Centifolia (Rose) Flower Extract, Rosmarinus Officinalis (Rosemary) Extract, Tocopherol *Natural substances of essential oils",
        "categories": [
            "Beauty",
            "Skincare",
            "Body",
            "Body Massage Oil"
        ],
        "sku_id": "3918986",
        "price": "925.00 THB",
        "primary_image": "https://img.kingpowerclick.com/cdn-cgi/image/format=auto/kingpower-com/image/upload/w_640,h_640/v1726566717/prod/3918986-L2.jpg",
        "images": [
            "https://img.kingpowerclick.com/cdn-cgi/image/format=auto/kingpower-com/image/upload/w_640,h_640/v1726566718/prod/3918986-L1.jpg",
            "https://img.kingpowerclick.com/cdn-cgi/image/format=auto/kingpower-com/image/upload/w_640,h_640/v1726566717/prod/3918986-L2.jpg"
        ]
    },
    {
        "brand_name": "MENTOS",
        "brand_url": "https://www.kingpower.com/en/brand/mentos",
        "product_url": "https://www.kingpower.com/en/product/mentos-gum-bubblegum-120-g",
        "product_name": "MENTOS Gum Bubblegum 120 g",
        "description": "Bubble Gum, crunchy on the outside, chewy on the inside. Comes in a sweet mix of the flavours strawberry, orange and lemon. Each bottle contains 30 pieces of gum. * Product has more than 1 month of lifetime before its expiry date. ** Kindly check expiry date of the product before purchasing. Items are non-exchangeable and non-refundable. *** Storage recommendation: Recommend storing product at a temperature of 15 - 25 Celcius and avoid exposing to sunlight or heat. **** Chocolate will be delivered within 7 - 10 working day which separate to deliver from other products. \u200b \u200b Bubble Gum, crunchy on the outside, chewy on the inside. Comes in a sweet mix of the flavours strawberry, orange and lemon. Each bottle contains 30 pieces of gum. * Product has more than 1 month of lifetime before its expiry date. ** Kindly check expiry date of the product before purchasing. Items are non-exchangeable and non-refundable. *** Storage recommendation: Recommend storing product at a temperature of 15 - 25 Celcius and avoid exposing to sunlight or heat. **** Chocolate will be delivered within 7 - 10 working day which separate to deliver from other products. \u200b \u200b",
        "categories": [
            "Foods & Beverages",
            "Chocolate, Snacks & Confectionary",
            "Chocolates"
        ],
        "sku_id": "380684",
        "price": "220.00 THB",
        "primary_image": "",
        "images": [
            "https://img.kingpowerclick.com/cdn-cgi/image/format=auto/kingpower-com/image/upload/w_640,h_640/v1591353820/prod/380684-L1.jpg"
        ]
    },
    {
        "brand_name": "MCM (PERFUME)",
        "brand_url": "https://www.kingpower.com/en/brand/mcm-perfume",
        "product_url": "https://www.kingpower.com/en/product/mcm-edp-50-ml",
        "product_name": "MCM EDP 50ml",
        "description": "Fragrance deconstructed. Remixing classic perfumery with new technologies, MCM offers a transformative new scent expression. Hyper-real raspberry, natural hand-picked jasmine, clean textured woods and sheer Ambrox come together for a boundary pushing, universal fragrance. Fragrance deconstructed. Remixing classic perfumery with new technologies, MCM offers a transformative new scent expression. Hyper-real raspberry, natural hand-picked jasmine, clean textured woods and sheer Ambrox come together for a boundary pushing, universal fragrance.",
        "categories": [
            "Beauty",
            "Perfumes & Fragrances",
            "Eau De Parfume"
        ],
        "sku_id": "941480",
        "price": "3,330.00 THB",
        "primary_image": "",
        "images": [
            "https://img.kingpowerclick.com/cdn-cgi/image/format=auto/kingpower-com/image/upload/w_640,h_640/v1619752548/prod/941480-L1.jpg"
        ]
    },
    {
        "brand_name": "MONTBLANC",
        "brand_url": "https://www.kingpower.com/en/brand/montblanc",
        "product_url": "https://www.kingpower.com/en/product/montblanc-meisterstuck-wallet-6-cc",
        "product_name": "MONTBLANC Meisterst\u00fcck Wallet 6cc",
        "description": "Wallet 6cc, made of black European full-grain cowhide with unique Montblanc deep shine, jacquard lining with Montblanc brand name, Montblanc emblem with palladium-coated ring, with 6 pockets for credit cards, 2 compartments for banknotes, 2 additional pockets. Dimensions: 11.5 x 8.5 cm Wallet 6cc, made of black European full-grain cowhide with unique Montblanc deep shine, jacquard lining with Montblanc brand name, Montblanc emblem with palladium-coated ring, with 6 pockets for credit cards, 2 compartments for banknotes, 2 additional pockets. Dimensions: 11.5 x 8.5 cm",
        "categories": [
            "Fashion",
            "Bags, Luggage & Travel",
            "Bags",
            "Wallets & Purses"
        ],
        "sku_id": "125075",
        "price": "14,000.00 THB",
        "primary_image": "",
        "images": [
            "https://img.kingpowerclick.com/cdn-cgi/image/format=auto/kingpower-com/image/upload/w_640,h_640/v1511364260/prod/125075-l1.jpg"
        ]
    },
    {
        "brand_name": "METEM",
        "brand_url": "https://www.kingpower.com/en/brand/metem",
        "product_url": "https://www.kingpower.com/en/product/metem-thai-rice-chips-shredded-pork-3-packs-box",
        "product_name": "METEM Thai Rice Chips Shredded Pork - (3 packs/box)",
        "description": "METEM creates \" Rice Chips Shredded Pork \" as a new delicious product. We select Thai Rice and other ingredients of the premium quality, and make it thin to retain all nutrients, in which unique cooking process is used to bake and deep fry those rice patties. Mixed and sprinkled with all the ingredients and good-quality spices according to our secret recipe of METEM, we then get this crispy rice with shredded pork that is crispy, fragrant, sweet, and delicious, to ensure that you will pleasantly enjoy our Rice Chips Shredded Pork down to the very last piece.  You can touch experience and enjoy the supreme taste of the \" METEM Rice Chips Shredded Pork \" anytime and anywhere you want ... \u2022 3 Packs/Box (1 Pack = 30 g)  - Company reserves the right not to accept an exchange, a return or a refund after purchasing unless the defect or damage is caused by the manufacturing process or QC errors. METEM creates \" Rice Chips Shredded Pork \" as a new delicious product. We select Thai Rice and other ingredients of the premium quality, and make it thin to retain all nutrients, in which unique cooking process is used to bake and deep fry those rice patties. Mixed and sprinkled with all the ingredients and good-quality spices according to our secret recipe of METEM, we then get this crispy rice with shredded pork that is crispy, fragrant, sweet, and delicious, to ensure that you will pleasantly enjoy our Rice Chips Shredded Pork down to the very last piece.  You can touch experience and enjoy the supreme taste of the \" METEM Rice Chips Shredded Pork \" anytime and anywhere you want ... \u2022 3 Packs/Box (1 Pack = 30 g)  - Company reserves the right not to accept an exchange, a return or a refund after purchasing unless the defect or damage is caused by the manufacturing process or QC errors.",
        "categories": [
            "Foods & Beverages",
            "Chocolate, Snacks & Confectionary",
            "Snacks & Confectionary",
            "Snacks & Biscuit"
        ],
        "sku_id": "4580137",
        "price": "225.00 THB",
        "primary_image": "https://img.kingpowerclick.com/cdn-cgi/image/format=auto/kingpower-com/image/upload/w_640,h_640/v1662348113/prod/4580137-L2.jpg",
        "images": [
            "https://img.kingpowerclick.com/cdn-cgi/image/format=auto/kingpower-com/image/upload/w_640,h_640/v1662348113/prod/4580137-L1.jpg",
            "https://img.kingpowerclick.com/cdn-cgi/image/format=auto/kingpower-com/image/upload/w_640,h_640/v1662348113/prod/4580137-L2.jpg",
            "https://img.kingpowerclick.com/cdn-cgi/image/format=auto/kingpower-com/image/upload/w_640,h_640/v1662348115/prod/4580137-L3.jpg",
            "https://img.kingpowerclick.com/cdn-cgi/image/format=auto/kingpower-com/image/upload/w_640,h_640/v1718779695/prod/4580137.jpg"
        ]
    },
    {
        "brand_name": "MENTOS",
        "brand_url": "https://www.kingpower.com/en/brand/mentos",
        "product_url": "https://www.kingpower.com/en/product/mentos-gum-giftpack-100-g",
        "product_name": "MENTOS Gum Giftpack 100 g",
        "description": "A perfect gifting item for young adults and teens. The packaging contains a variety of 5 well known flavours of Pure Fresh: Fresh Mint, Lemonade, Bubble Fresh, Euca Menthol (EU), and Spear Mint. * Product has more than 1 month of lifetime before its expiry date. ** Kindly check expiry date of the product before purchasing. Items are non-exchangeable and non-refundable. *** Storage recommendation: Recommend storing product at a temperature of 15 - 25 Celcius and avoid exposing to sunlight or heat. **** Chocolate will be delivered within 7 - 10 working day which separate to deliver from other products. \u200b \u200b A perfect gifting item for young adults and teens. The packaging contains a variety of 5 well known flavours of Pure Fresh: Fresh Mint, Lemonade, Bubble Fresh, Euca Menthol (EU), and Spear Mint. * Product has more than 1 month of lifetime before its expiry date. ** Kindly check expiry date of the product before purchasing. Items are non-exchangeable and non-refundable. *** Storage recommendation: Recommend storing product at a temperature of 15 - 25 Celcius and avoid exposing to sunlight or heat. **** Chocolate will be delivered within 7 - 10 working day which separate to deliver from other products. \u200b \u200b",
        "categories": [
            "Foods & Beverages",
            "Chocolate, Snacks & Confectionary",
            "Chocolates"
        ],
        "sku_id": "609541",
        "price": "450.00 THB",
        "primary_image": "",
        "images": [
            "https://img.kingpowerclick.com/cdn-cgi/image/format=auto/kingpower-com/image/upload/w_640,h_640/v1591353820/prod/609541-L1.jpg"
        ]
    },
    {
        "brand_name": "MIDO",
        "brand_url": "https://www.kingpower.com/en/brand/mido",
        "product_url": "https://www.kingpower.com/en/product/mido-baroncelli-prisma-33-mm",
        "product_name": "MIDO Baroncelli Prisma 33mm",
        "description": "Automatic movement is activated by a rotor. Case has the advantage of PVD is that a thin but hard layer, resistant to corrosion and hypoallergenic. Sapphire crystal Anti-reflection treatment.12 Diamond.Water-resistance 5 bar (50m /165 ft) \u2022 Dial Color : Silver / Diamond \u2022 Clock Face : Sapphire Crystal Anti-reflection treatment \u2022 Movement : Caliber 80 (Base ETA C07.611) \u2022 Movement type : Automatic \u2022 Case Width approx : 33 mm \u2022 Case Thickness : 9.4 mm \u2022 Case Dimension : 18 x 9.4 mm \u2022 Case Materials : Stainless Steel / PVD \u2022 Strap Materials : Leather \u2022 Strap Color : Black \u2022 Clasp Type : Butterfly Buckle \u2022 Water Resistant : 50 meter \u2022 Packing :      - Warranty Card     - User's Manual     - Diamonds Certificate \u2022 Gender :Women Automatic movement is activated by a rotor. Case has the advantage of PVD is that a thin but hard layer, resistant to corrosion and hypoallergenic. Sapphire crystal Anti-reflection treatment.12 Diamond.Water-resistance 5 bar (50m /165 ft) \u2022 Dial Color : Silver / Diamond \u2022 Clock Face : Sapphire Crystal Anti-reflection treatment \u2022 Movement : Caliber 80 (Base ETA C07.611) \u2022 Movement type : Automatic \u2022 Case Width approx : 33 mm \u2022 Case Thickness : 9.4 mm \u2022 Case Dimension : 18 x 9.4 mm \u2022 Case Materials : Stainless Steel / PVD \u2022 Strap Materials : Leather \u2022 Strap Color : Black \u2022 Clasp Type : Butterfly Buckle \u2022 Water Resistant : 50 meter \u2022 Packing :      - Warranty Card     - User's Manual     - Diamonds Certificate \u2022 Gender :Women",
        "categories": [
            "Fashion",
            "Watches & Jewelry",
            "Watches"
        ],
        "sku_id": "341968",
        "price": "36,800.00 THB",
        "primary_image": "https://img.kingpowerclick.com/cdn-cgi/image/format=auto/kingpower-com/image/upload/w_640,h_640/v1544696668/prod/341968-L2.jpg",
        "images": [
            "https://img.kingpowerclick.com/cdn-cgi/image/format=auto/kingpower-com/image/upload/w_640,h_640/v1544696662/prod/341968-L1.jpg",
            "https://img.kingpowerclick.com/cdn-cgi/image/format=auto/kingpower-com/image/upload/w_640,h_640/v1544696668/prod/341968-L2.jpg",
            "https://img.kingpowerclick.com/cdn-cgi/image/format=auto/kingpower-com/image/upload/w_640,h_640/v1544696674/prod/341968-L3.jpg",
            "https://img.kingpowerclick.com/cdn-cgi/image/format=auto/kingpower-com/image/upload/w_640,h_640/v1544696679/prod/341968-L4.jpg",
            "https://img.kingpowerclick.com/cdn-cgi/image/format=auto/kingpower-com/image/upload/w_640,h_640/v1544696685/prod/341968-L5.jpg"
        ]
    },
    {
        "brand_name": "MIDO",
        "brand_url": "https://www.kingpower.com/en/brand/mido",
        "product_url": "https://www.kingpower.com/en/product/mido-multifort-automatic",
        "product_name": "MIDO Multifort Automatic",
        "description": "Multifort Automatic Caliber 80. For the manufacture of case has selected very high quality stainless steel black leather straps. Sapphire crystal Anti-reflection treatment. Water-resistance 10 bar (100 m/330 ft) \u2022 Dial Color : Black \u2022 Clock Face : Sapphire Crystal Anti-reflection treatment \u2022 Movement : Caliber 80 (Base ETA C07.621) \u2022 Movement type : Automatic \u2022 Case Width approx : 42 mm \u2022 Case Thickness : 10.95 mm \u2022 Case Dimension : 22 x 10.95 mm \u2022 Case Materials : Stainless Steel / PVD \u2022 Strap Materials : Leather \u2022 Strap Color : Black with Orange Stap included \u2022 Clasp Type : Butterfly Buckle \u2022 Water Resistant : 100 meter \u2022 Packing :      - Warranty card     - User's Manual     - Special watch box     - Orange Strap include \u2022 Gender :Men Multifort Automatic Caliber 80. For the manufacture of case has selected very high quality stainless steel black leather straps. Sapphire crystal Anti-reflection treatment. Water-resistance 10 bar (100 m/330 ft) \u2022 Dial Color : Black \u2022 Clock Face : Sapphire Crystal Anti-reflection treatment \u2022 Movement : Caliber 80 (Base ETA C07.621) \u2022 Movement type : Automatic \u2022 Case Width approx : 42 mm \u2022 Case Thickness : 10.95 mm \u2022 Case Dimension : 22 x 10.95 mm \u2022 Case Materials : Stainless Steel / PVD \u2022 Strap Materials : Leather \u2022 Strap Color : Black with Orange Stap included \u2022 Clasp Type : Butterfly Buckle \u2022 Water Resistant : 100 meter \u2022 Packing :      - Warranty card     - User's Manual     - Special watch box     - Orange Strap include \u2022 Gender :Men",
        "categories": [
            "Fashion",
            "Watches & Jewelry",
            "Watches"
        ],
        "sku_id": "405138",
        "price": "40,500.00 THB",
        "primary_image": "https://img.kingpowerclick.com/cdn-cgi/image/format=auto/kingpower-com/image/upload/w_640,h_640/v1544696668/prod/405138-L2.jpg",
        "images": [
            "https://img.kingpowerclick.com/cdn-cgi/image/format=auto/kingpower-com/image/upload/w_640,h_640/v1544696662/prod/405138-L1.jpg",
            "https://img.kingpowerclick.com/cdn-cgi/image/format=auto/kingpower-com/image/upload/w_640,h_640/v1544696668/prod/405138-L2.jpg"
        ]
    },
    {
        "brand_name": "MIDO",
        "brand_url": "https://www.kingpower.com/en/brand/mido",
        "product_url": "https://www.kingpower.com/en/product/mido-baroncelli-automatic-mop-dial",
        "product_name": "MIDO Baroncelli Automatic MOP Dial",
        "description": "Automatic movement is activated by a rotor. Case and bracelet has the advantage of PVD is that a thin but hard layer, resistant to corrosion and hypoallergenic. Sapphire crystal Anti-reflection treatment. Mother of Pearl. 12 Diamond. Water-resistance 5 bar (50m /165 ft) \u2022 Dial Color : MOP / Diamond \u2022 Clock Face : Sapphire Crystal Anti-reflection treatment \u2022 Movement : Automatic ETA 2671 \u2022 Movement type : Automatic \u2022 Case Width approx : 29 mm \u2022 Case Thickness : 8.65 mm \u2022 Case Dimension : 15 x 8.65 mm \u2022 Case Materials : Stainless Steel / PVD \u2022 Strap Materials : Stainless Steel / PVD \u2022 Strap Color : Bicolour \u2022 Clasp Type : Butterfly Buckle \u2022 Water Resistant : 50 meter \u2022 Packing :      - Warranty Card     - User's Manual     - Diamonds Certificate \u2022 Gender :Women Automatic movement is activated by a rotor. Case and bracelet has the advantage of PVD is that a thin but hard layer, resistant to corrosion and hypoallergenic. Sapphire crystal Anti-reflection treatment. Mother of Pearl. 12 Diamond. Water-resistance 5 bar (50m /165 ft) \u2022 Dial Color : MOP / Diamond \u2022 Clock Face : Sapphire Crystal Anti-reflection treatment \u2022 Movement : Automatic ETA 2671 \u2022 Movement type : Automatic \u2022 Case Width approx : 29 mm \u2022 Case Thickness : 8.65 mm \u2022 Case Dimension : 15 x 8.65 mm \u2022 Case Materials : Stainless Steel / PVD \u2022 Strap Materials : Stainless Steel / PVD \u2022 Strap Color : Bicolour \u2022 Clasp Type : Butterfly Buckle \u2022 Water Resistant : 50 meter \u2022 Packing :      - Warranty Card     - User's Manual     - Diamonds Certificate \u2022 Gender :Women",
        "categories": [
            "Fashion",
            "Watches & Jewelry",
            "Watches"
        ],
        "sku_id": "341945",
        "price": "36,600.00 THB",
        "primary_image": "https://img.kingpowerclick.com/cdn-cgi/image/format=auto/kingpower-com/image/upload/w_640,h_640/v1544696668/prod/341945-L2.jpg",
        "images": [
            "https://img.kingpowerclick.com/cdn-cgi/image/format=auto/kingpower-com/image/upload/w_640,h_640/v1544696662/prod/341945-L1.jpg",
            "https://img.kingpowerclick.com/cdn-cgi/image/format=auto/kingpower-com/image/upload/w_640,h_640/v1544696668/prod/341945-L2.jpg",
            "https://img.kingpowerclick.com/cdn-cgi/image/format=auto/kingpower-com/image/upload/w_640,h_640/v1544696674/prod/341945-L3.jpg"
        ]
    },
    {
        "brand_name": "MIDO",
        "brand_url": "https://www.kingpower.com/en/brand/mido",
        "product_url": "https://www.kingpower.com/en/product/mido-baroncelli-brown-dial",
        "product_name": "MIDO Baroncelli BROWN dial",
        "description": "Automatic Mido caliber 80 (Base ETAC07.611) power reserve up to 80 hours. Case has the advantage of PVD is that a thin but hard layer, resistant to corrosion and hypoallergenic. Brown Leather Strap and Sapphire crystal Anti-reflection treatment. 12 Diamond.Water-resistance 5 bar (50m /165 ft) \u2022 Dial Color : Brown / Diamond \u2022 Clock Face : Sapphire Crystal Anti-reflection treatment \u2022 Movement : Caliber 80 (Base ETA C07.611) \u2022 Movement type : Automatic \u2022 Case Width approx : 33 mm \u2022 Case Thickness : 9.4 mm \u2022 Case Dimension : 18 x 9.4 mm \u2022 Case Materials : Stainless Steel / PVD \u2022 Strap Materials : Leather \u2022 Strap Color : Brown \u2022 Clasp Type : Butterfly Buckle \u2022 Water Resistant : 50 meter \u2022 Packing :      - Warranty Card     - User's Manual     - Diamonds Certificate \u2022 Gender :Women Automatic Mido caliber 80 (Base ETAC07.611) power reserve up to 80 hours. Case has the advantage of PVD is that a thin but hard layer, resistant to corrosion and hypoallergenic. Brown Leather Strap and Sapphire crystal Anti-reflection treatment. 12 Diamond.Water-resistance 5 bar (50m /165 ft) \u2022 Dial Color : Brown / Diamond \u2022 Clock Face : Sapphire Crystal Anti-reflection treatment \u2022 Movement : Caliber 80 (Base ETA C07.611) \u2022 Movement type : Automatic \u2022 Case Width approx : 33 mm \u2022 Case Thickness : 9.4 mm \u2022 Case Dimension : 18 x 9.4 mm \u2022 Case Materials : Stainless Steel / PVD \u2022 Strap Materials : Leather \u2022 Strap Color : Brown \u2022 Clasp Type : Butterfly Buckle \u2022 Water Resistant : 50 meter \u2022 Packing :      - Warranty Card     - User's Manual     - Diamonds Certificate \u2022 Gender :Women",
        "categories": [
            "Fashion",
            "Watches & Jewelry",
            "Watches"
        ],
        "sku_id": "418232",
        "price": "36,800.00 THB",
        "primary_image": "",
        "images": [
            "https://img.kingpowerclick.com/cdn-cgi/image/format=auto/kingpower-com/image/upload/w_640,h_640/v1544696662/prod/418232-L1.jpg"
        ]
    },
    {
        "brand_name": "MICHAEL KORS",
        "brand_url": "https://www.kingpower.com/en/brand/michael-kors",
        "product_url": "https://www.kingpower.com/en/product/michael-kors-marilyn-medium-saffiano-leather-tote-bag-fuchsia",
        "product_name": "MICHAEL KORS Marilyn Medium Saffiano Leather Tote Bag - Fuchsia",
        "description": "\u2022 Tote bag \u2022 Saffiano leather \u2022 100% leather from tanneries meeting the highest standards of environmental performance \u2022 Silver-tone hardware \u2022 15\u201dW X 10\u201dH X 4.75\u201dD \u2022 Handle drop: 9.5\u201d \u2022 Exterior details: 2 side slip pockets \u2022 Interior details: back zip pocket, 2 front slip pockets \u2022 Lining: 100% polyester \u2022 Zip fastening \u2022 The details of different batches of goods may be slightly different, please refer to the actual product \u2022 Tote bag \u2022 Saffiano leather \u2022 100% leather from tanneries meeting the highest standards of environmental performance \u2022 Silver-tone hardware \u2022 15\u201dW X 10\u201dH X 4.75\u201dD \u2022 Handle drop: 9.5\u201d \u2022 Exterior details: 2 side slip pockets \u2022 Interior details: back zip pocket, 2 front slip pockets \u2022 Lining: 100% polyester \u2022 Zip fastening \u2022 The details of different batches of goods may be slightly different, please refer to the actual product",
        "categories": [
            "Fashion",
            "Bags, Luggage & Travel",
            "Bags",
            "Crossbody & Shoulder Bags"
        ],
        "sku_id": "1026632",
        "price": "4,850.00 THB",
        "primary_image": "https://img.kingpowerclick.com/cdn-cgi/image/format=auto/kingpower-com/image/upload/w_640,h_640/v1703468064/prod/1026632-L2.jpg",
        "images": [
            "https://img.kingpowerclick.com/cdn-cgi/image/format=auto/kingpower-com/image/upload/w_640,h_640/v1703468064/prod/1026632-L1.jpg",
            "https://img.kingpowerclick.com/cdn-cgi/image/format=auto/kingpower-com/image/upload/w_640,h_640/v1703468064/prod/1026632-L2.jpg",
            "https://img.kingpowerclick.com/cdn-cgi/image/format=auto/kingpower-com/image/upload/w_640,h_640/v1703468064/prod/1026632-L3.jpg",
            "https://img.kingpowerclick.com/cdn-cgi/image/format=auto/kingpower-com/image/upload/w_640,h_640/v1703468064/prod/1026632-L4.jpg"
        ]
    },
    {
        "brand_name": "MICHAEL KORS",
        "brand_url": "https://www.kingpower.com/en/brand/michael-kors",
        "product_url": "https://www.kingpower.com/en/product/michael-kors-marilyn-medium-logo-tote-bag-black",
        "product_name": "MICHAEL KORS Marilyn Medium Logo Tote Bag - Black",
        "description": "\u2022 Tote bag \u2022 Logo-print canvas \u2022 89.4% coated canvas/9.6% polyester/1% polyurethane \u2022 Silver-tone hardware \u2022 15\u201dW X 10\u201dH X 4.75\u201dD \u2022 Handle drop: 9.5\u201d \u2022 Exterior details: 2 side slip pockets \u2022 Interior details: back zip pocket, 2 front slip pockets \u2022 Lining: 100% polyester \u2022 Zip fastening \u2022 The details of different batches of goods may be slightly different, please refer to the actual product \u2022 Tote bag \u2022 Logo-print canvas \u2022 89.4% coated canvas/9.6% polyester/1% polyurethane \u2022 Silver-tone hardware \u2022 15\u201dW X 10\u201dH X 4.75\u201dD \u2022 Handle drop: 9.5\u201d \u2022 Exterior details: 2 side slip pockets \u2022 Interior details: back zip pocket, 2 front slip pockets \u2022 Lining: 100% polyester \u2022 Zip fastening \u2022 The details of different batches of goods may be slightly different, please refer to the actual product",
        "categories": [
            "Fashion",
            "Bags, Luggage & Travel",
            "Bags",
            "Crossbody & Shoulder Bags"
        ],
        "sku_id": "1026631",
        "price": "9,700.00 THB",
        "primary_image": "https://img.kingpowerclick.com/cdn-cgi/image/format=auto/kingpower-com/image/upload/w_640,h_640/v1703468064/prod/1026631-L2.jpg",
        "images": [
            "https://img.kingpowerclick.com/cdn-cgi/image/format=auto/kingpower-com/image/upload/w_640,h_640/v1703468064/prod/1026631-L1.jpg",
            "https://img.kingpowerclick.com/cdn-cgi/image/format=auto/kingpower-com/image/upload/w_640,h_640/v1703468064/prod/1026631-L2.jpg",
            "https://img.kingpowerclick.com/cdn-cgi/image/format=auto/kingpower-com/image/upload/w_640,h_640/v1703468064/prod/1026631-L3.jpg"
        ]
    },
    {
        "brand_name": "MICHAEL KORS",
        "brand_url": "https://www.kingpower.com/en/brand/michael-kors",
        "product_url": "https://www.kingpower.com/en/product/michael-kors-mila-small-empire-signature-logo-shoulder-bag-brown",
        "product_name": "MICHAEL KORS Mila Small Empire Signature Logo Shoulder Bag - Brown",
        "description": "\u2022 Shoulder bag \u2022 Logo-print canvas \u2022 80% coated canvas/16% polyester/4% cotton \u2022 Trim: 100% leather \u2022 Gold-tone hardware \u2022 8.5\u201dW X 4.75\u201dH X 2.25\u201dD \u2022 Handle drop: 18.5\u201d \u2022 Exterior details: back slip pocket \u2022 Interior details: front slip pocket, 3 card slots \u2022 Lining: 100% polyester \u2022 Snap fastening \u2022 The details of different batches of goods may be slightly different, please refer to the actual product \u2022 Shoulder bag \u2022 Logo-print canvas \u2022 80% coated canvas/16% polyester/4% cotton \u2022 Trim: 100% leather \u2022 Gold-tone hardware \u2022 8.5\u201dW X 4.75\u201dH X 2.25\u201dD \u2022 Handle drop: 18.5\u201d \u2022 Exterior details: back slip pocket \u2022 Interior details: front slip pocket, 3 card slots \u2022 Lining: 100% polyester \u2022 Snap fastening \u2022 The details of different batches of goods may be slightly different, please refer to the actual product",
        "categories": [
            "Fashion",
            "Bags, Luggage & Travel",
            "Bags",
            "Handbags"
        ],
        "sku_id": "1026618",
        "price": "7,700.00 THB",
        "primary_image": "https://img.kingpowerclick.com/cdn-cgi/image/format=auto/kingpower-com/image/upload/w_640,h_640/v1703468064/prod/1026618-L2.jpg",
        "images": [
            "https://img.kingpowerclick.com/cdn-cgi/image/format=auto/kingpower-com/image/upload/w_640,h_640/v1703468064/prod/1026618-L1.jpg",
            "https://img.kingpowerclick.com/cdn-cgi/image/format=auto/kingpower-com/image/upload/w_640,h_640/v1703468064/prod/1026618-L2.jpg",
            "https://img.kingpowerclick.com/cdn-cgi/image/format=auto/kingpower-com/image/upload/w_640,h_640/v1703468064/prod/1026618-L3.jpg",
            "https://img.kingpowerclick.com/cdn-cgi/image/format=auto/kingpower-com/image/upload/w_640,h_640/v1703468064/prod/1026618-L4.jpg",
            "https://img.kingpowerclick.com/cdn-cgi/image/format=auto/kingpower-com/image/upload/w_640,h_640/v1703468064/prod/1026618-L5.jpg"
        ]
    },
    {
        "brand_name": "MCM",
        "brand_url": "https://www.kingpower.com/en/brand/mcm",
        "product_url": "https://www.kingpower.com/en/product/mcm-aren-mini-tote-black",
        "product_name": "MCM Aren \"Mini\" Tote - Cognac Brown",
        "description": "A staple accessory that complements any look, crafted in Visetos coated canvas with a nappa leather trim. This refined tote unites classic MCM aesthetics with real-world functionality. - 70 cm to 120 cm strap length - Removable, adjustable webbing strap - Nappa leather trim - Zip closure - Interior zip pocket - Cobalt hardware - Interior open pocket - Top handles - Cotton twill lining Care Instructions: store in the protective cloth dust bags in a cool, dry place away from direct sunlight or bright lights to avoid leather products getting wet or stained. Should it get wet or dirty on the surface, dry with a lint free, light-colored, absorbent cloth. Never use soap or solvent. Please avoid scratching or rubbing your products against abrasive surfaces. A staple accessory that complements any look, crafted in Visetos coated canvas with a nappa leather trim. This refined tote unites classic MCM aesthetics with real-world functionality. - 70 cm to 120 cm strap length - Removable, adjustable webbing strap - Nappa leather trim - Zip closure - Interior zip pocket - Cobalt hardware - Interior open pocket - Top handles - Cotton twill lining Care Instructions: store in the protective cloth dust bags in a cool, dry place away from direct sunlight or bright lights to avoid leather products getting wet or stained. Should it get wet or dirty on the surface, dry with a lint free, light-colored, absorbent cloth. Never use soap or solvent. Please avoid scratching or rubbing your products against abrasive surfaces.",
        "categories": [
            "Fashion",
            "Bags, Luggage & Travel",
            "Bags",
            "Handbags"
        ],
        "sku_id": "933441",
        "price": "21,920.00 THB",
        "primary_image": "https://img.kingpowerclick.com/cdn-cgi/image/format=auto/kingpower-com/image/upload/w_640,h_640/v1662950719/prod/933441-L2.jpg",
        "images": [
            "https://img.kingpowerclick.com/cdn-cgi/image/format=auto/kingpower-com/image/upload/w_640,h_640/v1662950718/prod/933441-L1.jpg",
            "https://img.kingpowerclick.com/cdn-cgi/image/format=auto/kingpower-com/image/upload/w_640,h_640/v1662950719/prod/933441-L2.jpg",
            "https://img.kingpowerclick.com/cdn-cgi/image/format=auto/kingpower-com/image/upload/w_640,h_640/v1662950718/prod/933441-L3.jpg",
            "https://img.kingpowerclick.com/cdn-cgi/image/format=auto/kingpower-com/image/upload/w_640,h_640/v1662950718/prod/933441-L4.jpg"
        ]
    },
    {
        "brand_name": "MCM",
        "brand_url": "https://www.kingpower.com/en/brand/mcm",
        "product_url": "https://www.kingpower.com/en/product/mcm-small-bifold-wallet-in-visetos-original-cognac-brown",
        "product_name": "MCM M-Veritas VI Small WLT SML, One Size",
        "description": "The monogrammed bifold wallet with a removable card case reflects MCM's heritage in crafting exceptional leather goods.  Sculpted in monogram coated canvas, this classic accessory's nappa leather interior boasts multiple card slots and a bill sleeve. The inner card case is removable \u2014 perfect for moments that call for a minimalist approach. 9.0 x 11.5 x 1.5 cm Interior card slots Bill sleeve Removable card case Nappa leather trim Fabric lining CARE MCM products are meticulously constructed to endure for years to come, but occasionally the adventurous lives of our customers can take a toll. We recommend that you store your products in the protective cloth dust bags that we provide in a cool, dry place away from direct sunlight or bright lights. Take care to avoid your leather products getting wet or stained. Should it get wet or dirty on the surface, dry with a lint free, light-colored, absorbent cloth. Never use soap or solvent. Please avoid scratching or rubbing your products against abrasive surfaces. Over time, our delicate leather products will acquire a beautiful patina with the proper care. For any enquiries about your product, please do not hesitate to contact any MCM store or customer service team. The monogrammed bifold wallet with a removable card case reflects MCM's heritage in crafting exceptional leather goods.  Sculpted in monogram coated canvas, this classic accessory's nappa leather interior boasts multiple card slots and a bill sleeve. The inner card case is removable \u2014 perfect for moments that call for a minimalist approach. 9.0 x 11.5 x 1.5 cm Interior card slots Bill sleeve Removable card case Nappa leather trim Fabric lining CARE MCM products are meticulously constructed to endure for years to come, but occasionally the adventurous lives of our customers can take a toll. We recommend that you store your products in the protective cloth dust bags that we provide in a cool, dry place away from direct sunlight or bright lights. Take care to avoid your leather products getting wet or stained. Should it get wet or dirty on the surface, dry with a lint free, light-colored, absorbent cloth. Never use soap or solvent. Please avoid scratching or rubbing your products against abrasive surfaces. Over time, our delicate leather products will acquire a beautiful patina with the proper care. For any enquiries about your product, please do not hesitate to contact any MCM store or customer service team.",
        "categories": [
            "Fashion",
            "Bags, Luggage & Travel",
            "Bags",
            "Wallets & Purses"
        ],
        "sku_id": "947127",
        "price": "9,770.00 THB",
        "primary_image": "https://img.kingpowerclick.com/cdn-cgi/image/format=auto/kingpower-com/image/upload/w_640,h_640/v1631761327/prod/947127-L2.jpg",
        "images": [
            "https://img.kingpowerclick.com/cdn-cgi/image/format=auto/kingpower-com/image/upload/w_640,h_640/v1631761326/prod/947127-L1.jpg",
            "https://img.kingpowerclick.com/cdn-cgi/image/format=auto/kingpower-com/image/upload/w_640,h_640/v1631761327/prod/947127-L2.jpg",
            "https://img.kingpowerclick.com/cdn-cgi/image/format=auto/kingpower-com/image/upload/w_640,h_640/v1631761326/prod/947127-L3.jpg",
            "https://img.kingpowerclick.com/cdn-cgi/image/format=auto/kingpower-com/image/upload/w_640,h_640/v1631761326/prod/947127-L4.jpg",
            "https://img.kingpowerclick.com/cdn-cgi/image/format=auto/kingpower-com/image/upload/w_640,h_640/v1631761326/prod/947127-L5.jpg"
        ]
    },
    {
        "brand_name": "MCM",
        "brand_url": "https://www.kingpower.com/en/brand/mcm",
        "product_url": "https://www.kingpower.com/en/product/mcm-aren-veritas-mini-top-zip-shopper-black",
        "product_name": "MCM Aren Veritas \"Mini\" Top-Zip Shopper - Black",
        "description": "Crafted in signature Visetos coated canvas with a nappa leather trim, the mini Aren shopper features a geometric shape that's both distinctive and thoroughly utilitarian. The top zip closure secures your belongings inside a lush cotton canvas interior, featuring a brilliant print inspired by the street heritage of the Haus. - Approximately 18.5 x 19.0 x 9.5 cm - 98 cm to 114 cm strap length, Handle drop: 10 cm - Nappa leather top handles - Leather top handles - Exterior rear slip pocket - Top zip closure - Cobalt hardware - Silver-toned cobalt metal hardware - Cotton canvas lining - D-ring detail on exterior Care Instructions: store in the protective cloth dust bags in a cool, dry place away from direct sunlight or bright lights to avoid leather products getting wet or stained. Should it get wet or dirty on the surface, dry with a lint free, light-colored, absorbent cloth. Never use soap or solvent. Please avoid scratching or rubbing your products against abrasive surfaces. Crafted in signature Visetos coated canvas with a nappa leather trim, the mini Aren shopper features a geometric shape that's both distinctive and thoroughly utilitarian. The top zip closure secures your belongings inside a lush cotton canvas interior, featuring a brilliant print inspired by the street heritage of the Haus. - Approximately 18.5 x 19.0 x 9.5 cm - 98 cm to 114 cm strap length, Handle drop: 10 cm - Nappa leather top handles - Leather top handles - Exterior rear slip pocket - Top zip closure - Cobalt hardware - Silver-toned cobalt metal hardware - Cotton canvas lining - D-ring detail on exterior Care Instructions: store in the protective cloth dust bags in a cool, dry place away from direct sunlight or bright lights to avoid leather products getting wet or stained. Should it get wet or dirty on the surface, dry with a lint free, light-colored, absorbent cloth. Never use soap or solvent. Please avoid scratching or rubbing your products against abrasive surfaces.",
        "categories": [
            "Fashion",
            "Bags, Luggage & Travel",
            "Bags",
            "Handbags"
        ],
        "sku_id": "933462",
        "price": "19,360.00 THB",
        "primary_image": "https://img.kingpowerclick.com/cdn-cgi/image/format=auto/kingpower-com/image/upload/w_640,h_640/v1662950718/prod/933462-L2.jpg",
        "images": [
            "https://img.kingpowerclick.com/cdn-cgi/image/format=auto/kingpower-com/image/upload/w_640,h_640/v1662950718/prod/933462-L1.jpg",
            "https://img.kingpowerclick.com/cdn-cgi/image/format=auto/kingpower-com/image/upload/w_640,h_640/v1662950718/prod/933462-L2.jpg",
            "https://img.kingpowerclick.com/cdn-cgi/image/format=auto/kingpower-com/image/upload/w_640,h_640/v1662950719/prod/933462-L3.jpg",
            "https://img.kingpowerclick.com/cdn-cgi/image/format=auto/kingpower-com/image/upload/w_640,h_640/v1662950719/prod/933462-L4.jpg"
        ]
    },
    {
        "brand_name": "MCM",
        "brand_url": "https://www.kingpower.com/en/brand/mcm",
        "product_url": "https://www.kingpower.com/en/product/mcm-fursten-medium-belt-bag-cognac-brown",
        "product_name": "MCM Fursten \"Medium\" Belt Bag  - Cognac Brown",
        "description": "Featuring a slimmer silhouette in line with the heritage shape and capable of matching your fast-paced lifestyle with ease. It can be worn around the waist or across the body for a streetwise approach. Notice a hidden slit pocket which sits close to the body for storing valuables. - 65 cm to 106 cm strap length - Adjustable webbing strap with buckle closure - Nappa leather trim - Exterior zip pockets at front and back - Interior open pocket - 24k gold-plated hardware - D-ring detail at side - Cotton twill lining Care Instructions: store in the protective cloth dust bags in a cool, dry place away from direct sunlight or bright lights to avoid leather products getting wet or stained. Should it get wet or dirty on the surface, dry with a lint free, light-colored, absorbent cloth. Never use soap or solvent. Please avoid scratching or rubbing your products against abrasive surfaces. Featuring a slimmer silhouette in line with the heritage shape and capable of matching your fast-paced lifestyle with ease. It can be worn around the waist or across the body for a streetwise approach. Notice a hidden slit pocket which sits close to the body for storing valuables. - 65 cm to 106 cm strap length - Adjustable webbing strap with buckle closure - Nappa leather trim - Exterior zip pockets at front and back - Interior open pocket - 24k gold-plated hardware - D-ring detail at side - Cotton twill lining Care Instructions: store in the protective cloth dust bags in a cool, dry place away from direct sunlight or bright lights to avoid leather products getting wet or stained. Should it get wet or dirty on the surface, dry with a lint free, light-colored, absorbent cloth. Never use soap or solvent. Please avoid scratching or rubbing your products against abrasive surfaces.",
        "categories": [
            "Fashion",
            "Bags, Luggage & Travel",
            "Bags",
            "Card Cases & Other Bags"
        ],
        "sku_id": "933444",
        "price": "20,300.00 THB",
        "primary_image": "https://img.kingpowerclick.com/cdn-cgi/image/format=auto/kingpower-com/image/upload/w_640,h_640/v1662950717/prod/933444-L2.jpg",
        "images": [
            "https://img.kingpowerclick.com/cdn-cgi/image/format=auto/kingpower-com/image/upload/w_640,h_640/v1662950719/prod/933444-L1.jpg",
            "https://img.kingpowerclick.com/cdn-cgi/image/format=auto/kingpower-com/image/upload/w_640,h_640/v1662950717/prod/933444-L2.jpg",
            "https://img.kingpowerclick.com/cdn-cgi/image/format=auto/kingpower-com/image/upload/w_640,h_640/v1662950717/prod/933444-L3.jpg"
        ]
    },
    {
        "brand_name": "MCM",
        "brand_url": "https://www.kingpower.com/en/brand/mcm",
        "product_url": "https://www.kingpower.com/en/product/mcm-fursten-small-belt-bag-cognac-brown-933448",
        "product_name": "MCM Fursten \"Small Belt Bag  - Cognac Brown",
        "description": "The modern Fursten features a slimmer silhouette in line with the heritage shape. A versatile companion for the modern global nomad, the belt bag can be worn around the waist or across the body for a streetwise approach.  -  65 cm to 106 cm strap length  - Adjustable webbing strap with buckle closure  - Nappa leather trim  - Exterior zip pockets at front and back  - Interior open pocket  - 24k gold-plated hardware  - D-ring detail at side  - Cotton twill lining Care Instructions: store in the protective cloth dust bags in a cool, dry place away from direct sunlight or bright lights to avoid leather products getting wet or stained. Should it get wet or dirty on the surface, dry with a lint free, light-colored, absorbent cloth. Never use soap or solvent. Please avoid scratching or rubbing your products against abrasive surfaces. The modern Fursten features a slimmer silhouette in line with the heritage shape. A versatile companion for the modern global nomad, the belt bag can be worn around the waist or across the body for a streetwise approach.  -  65 cm to 106 cm strap length  - Adjustable webbing strap with buckle closure  - Nappa leather trim  - Exterior zip pockets at front and back  - Interior open pocket  - 24k gold-plated hardware  - D-ring detail at side  - Cotton twill lining Care Instructions: store in the protective cloth dust bags in a cool, dry place away from direct sunlight or bright lights to avoid leather products getting wet or stained. Should it get wet or dirty on the surface, dry with a lint free, light-colored, absorbent cloth. Never use soap or solvent. Please avoid scratching or rubbing your products against abrasive surfaces.",
        "categories": [
            "Fashion",
            "Bags, Luggage & Travel",
            "Bags",
            "Card Cases & Other Bags"
        ],
        "sku_id": "933448",
        "price": "17,160.00 THB",
        "primary_image": "https://img.kingpowerclick.com/cdn-cgi/image/format=auto/kingpower-com/image/upload/w_640,h_640/v1662950718/prod/933448-L2.jpg",
        "images": [
            "https://img.kingpowerclick.com/cdn-cgi/image/format=auto/kingpower-com/image/upload/w_640,h_640/v1662950718/prod/933448-L1.jpg",
            "https://img.kingpowerclick.com/cdn-cgi/image/format=auto/kingpower-com/image/upload/w_640,h_640/v1662950718/prod/933448-L2.jpg",
            "https://img.kingpowerclick.com/cdn-cgi/image/format=auto/kingpower-com/image/upload/w_640,h_640/v1662950719/prod/933448-L3.jpg"
        ]
    },
    {
        "brand_name": "MCM",
        "brand_url": "https://www.kingpower.com/en/brand/mcm",
        "product_url": "https://www.kingpower.com/en/product/mcm-munchen-vi-tote-sml-co-001-one-size",
        "product_name": "MCM Munchen VI Tote SML CO001, One Size",
        "description": "Small tote bag in Visetos and nappa leather An eloquent ode to the birthplace of MCM, the small M\u00fcnchen\u2014or Munich\u2014tote bag captures the cosmopolitan spirit of the Bavarian capital. Inspired by archival luggage, nappa leather corners evoke the jet-setting heritage of the Haus. Form follows function in the creation of the sophisticated silhouette, featuring an ultrasoft microfiber suede interior with a duet of pockets. Carry the tote by its supple leather handles or attach the shoulder strap for handsfree refinement. 11.0 \u00d7 24.0 \u00d7 19.0 cm 96 cm to 112 cm strap length, Handle drop : 7 cm Removable, adjustable leather strap Leather top handles Hook clasp closure 24k gold-plated metal hardware Microfiber lining with suede finish CARE MCM products are meticulously constructed to endure for years to come, but occasionally the adventurous lives of our customers can take a toll. We recommend that you store your products in the protective cloth dust bags that we provide in a cool, dry place away from direct sunlight or bright lights. Take care to avoid your leather products getting wet or stained. Should it get wet or dirty on the surface, dry with a lint free, light-colored, absorbent cloth. Never use soap or solvent. Please avoid scratching or rubbing your products against abrasive surfaces. Over time, our delicate leather products will acquire a beautiful patina with the proper care. For any enquiries about your product, please do not hesitate to contact any MCM store or customer service team. Small tote bag in Visetos and nappa leather An eloquent ode to the birthplace of MCM, the small M\u00fcnchen\u2014or Munich\u2014tote bag captures the cosmopolitan spirit of the Bavarian capital. Inspired by archival luggage, nappa leather corners evoke the jet-setting heritage of the Haus. Form follows function in the creation of the sophisticated silhouette, featuring an ultrasoft microfiber suede interior with a duet of pockets. Carry the tote by its supple leather handles or attach the shoulder strap for handsfree refinement. 11.0 \u00d7 24.0 \u00d7 19.0 cm 96 cm to 112 cm strap length, Handle drop : 7 cm Removable, adjustable leather strap Leather top handles Hook clasp closure 24k gold-plated metal hardware Microfiber lining with suede finish CARE MCM products are meticulously constructed to endure for years to come, but occasionally the adventurous lives of our customers can take a toll. We recommend that you store your products in the protective cloth dust bags that we provide in a cool, dry place away from direct sunlight or bright lights. Take care to avoid your leather products getting wet or stained. Should it get wet or dirty on the surface, dry with a lint free, light-colored, absorbent cloth. Never use soap or solvent. Please avoid scratching or rubbing your products against abrasive surfaces. Over time, our delicate leather products will acquire a beautiful patina with the proper care. For any enquiries about your product, please do not hesitate to contact any MCM store or customer service team.",
        "categories": [
            "Fashion",
            "Bags, Luggage & Travel",
            "Bags",
            "Crossbody & Shoulder Bags"
        ],
        "sku_id": "991232",
        "price": "25,080.00 THB",
        "primary_image": "https://img.kingpowerclick.com/cdn-cgi/image/format=auto/kingpower-com/image/upload/w_640,h_640/v1684118142/prod/991232-L2.jpg",
        "images": [
            "https://img.kingpowerclick.com/cdn-cgi/image/format=auto/kingpower-com/image/upload/w_640,h_640/v1684118142/prod/991232-L1.jpg",
            "https://img.kingpowerclick.com/cdn-cgi/image/format=auto/kingpower-com/image/upload/w_640,h_640/v1684118142/prod/991232-L2.jpg",
            "https://img.kingpowerclick.com/cdn-cgi/image/format=auto/kingpower-com/image/upload/w_640,h_640/v1684118142/prod/991232-L3.jpg",
            "https://img.kingpowerclick.com/cdn-cgi/image/format=auto/kingpower-com/image/upload/w_640,h_640/v1684118142/prod/991232-L4.jpg"
        ]
    },
    {
        "brand_name": "MCM",
        "brand_url": "https://www.kingpower.com/en/brand/mcm",
        "product_url": "https://www.kingpower.com/en/product/mcm-m-veritas-vi-continental-lrg-one-size",
        "product_name": "MCM M-Veritas VI Continental LRG, One Size",
        "description": "Enfold your cards, cash and credentials inside this classic monogram travel wallet. The classic continental wallet\u2014sculpted in Visetos coated canvas\u2014features a nappa leather interior with a multitude of slots for your cards and travel credentials. In addition, numerous sleeves offer storage for your cash, receipts, and daily essentials. 19.0 \u00d7 9.5 \u00d7 1.5 cm Interior card slots Interior sleeves for cash, flight tickets, receipts, and passport Auxiliary sleeves Nappa leather trim Fabric lining Polyester lining CARE MCM products are meticulously constructed to endure for years to come, but occasionally the adventurous lives of our customers can take a toll. We recommend that you store your products in the protective cloth dust bags that we provide in a cool, dry place away from direct sunlight or bright lights. Take care to avoid your leather products getting wet or stained. Should it get wet or dirty on the surface, dry with a lint free, light-colored, absorbent cloth. Never use soap or solvent. Please avoid scratching or rubbing your products against abrasive surfaces. Over time, our delicate leather products will acquire a beautiful patina with the proper care. For any enquiries about your product, please do not hesitate to contact any MCM store or customer service team. Enfold your cards, cash and credentials inside this classic monogram travel wallet. The classic continental wallet\u2014sculpted in Visetos coated canvas\u2014features a nappa leather interior with a multitude of slots for your cards and travel credentials. In addition, numerous sleeves offer storage for your cash, receipts, and daily essentials. 19.0 \u00d7 9.5 \u00d7 1.5 cm Interior card slots Interior sleeves for cash, flight tickets, receipts, and passport Auxiliary sleeves Nappa leather trim Fabric lining Polyester lining CARE MCM products are meticulously constructed to endure for years to come, but occasionally the adventurous lives of our customers can take a toll. We recommend that you store your products in the protective cloth dust bags that we provide in a cool, dry place away from direct sunlight or bright lights. Take care to avoid your leather products getting wet or stained. Should it get wet or dirty on the surface, dry with a lint free, light-colored, absorbent cloth. Never use soap or solvent. Please avoid scratching or rubbing your products against abrasive surfaces. Over time, our delicate leather products will acquire a beautiful patina with the proper care. For any enquiries about your product, please do not hesitate to contact any MCM store or customer service team.",
        "categories": [
            "Fashion",
            "Bags, Luggage & Travel",
            "Bags",
            "Wallets & Purses"
        ],
        "sku_id": "947125",
        "price": "9,770.00 THB",
        "primary_image": "https://img.kingpowerclick.com/cdn-cgi/image/format=auto/kingpower-com/image/upload/w_640,h_640/v1684722440/prod/947125-L2.jpg",
        "images": [
            "https://img.kingpowerclick.com/cdn-cgi/image/format=auto/kingpower-com/image/upload/w_640,h_640/v1684722440/prod/947125-L1.jpg",
            "https://img.kingpowerclick.com/cdn-cgi/image/format=auto/kingpower-com/image/upload/w_640,h_640/v1684722440/prod/947125-L2.jpg",
            "https://img.kingpowerclick.com/cdn-cgi/image/format=auto/kingpower-com/image/upload/w_640,h_640/v1684722440/prod/947125-L3.jpg",
            "https://img.kingpowerclick.com/cdn-cgi/image/format=auto/kingpower-com/image/upload/w_640,h_640/v1684722440/prod/947125-L4.jpg"
        ]
    },
    {
        "brand_name": "MCM",
        "brand_url": "https://www.kingpower.com/en/brand/mcm",
        "product_url": "https://www.kingpower.com/en/product/mcm-m-veritas-vi-shopper-med-co-one-size",
        "product_name": "MCM Aren Medium Top-Zip Shopper",
        "description": "A medium shopper with bold visuals, sculpted in monogram coated canvas. Crafted in signature Visetos coated canvas with a nappa leather trim, the medium Aren shopper features a geometric shape that's both distinctive and thoroughly utilitarian. The top zip closure secures your belongings inside a lush cotton canvas interior, featuring a brilliant print inspired by the street heritage of the Haus. 32.0 \u00d7 32.0 \u00d7 16.0 cm Handle drop : 24 cm Nappa leather top handles Exterior slip pocket at back Top zip closure Main interior compartment with zip pocket and two open pockets 24k gold-plated metal hardware Cotton canvas lining Cotton canvas lining CARE MCM products are meticulously constructed to endure for years to come, but occasionally the adventurous lives of our customers can take a toll. We recommend that you store your products in the protective cloth dust bags that we provide in a cool, dry place away from direct sunlight or bright lights. Take care to avoid your leather products getting wet or stained. Should it get wet or dirty on the surface, dry with a lint free, light-colored, absorbent cloth. Never use soap or solvent. Please avoid scratching or rubbing your products against abrasive surfaces. Over time, our delicate leather products will acquire a beautiful patina with the proper care. For any enquiries about your product, please do not hesitate to contact any MCM store or customer service team. A medium shopper with bold visuals, sculpted in monogram coated canvas. Crafted in signature Visetos coated canvas with a nappa leather trim, the medium Aren shopper features a geometric shape that's both distinctive and thoroughly utilitarian. The top zip closure secures your belongings inside a lush cotton canvas interior, featuring a brilliant print inspired by the street heritage of the Haus. 32.0 \u00d7 32.0 \u00d7 16.0 cm Handle drop : 24 cm Nappa leather top handles Exterior slip pocket at back Top zip closure Main interior compartment with zip pocket and two open pockets 24k gold-plated metal hardware Cotton canvas lining Cotton canvas lining CARE MCM products are meticulously constructed to endure for years to come, but occasionally the adventurous lives of our customers can take a toll. We recommend that you store your products in the protective cloth dust bags that we provide in a cool, dry place away from direct sunlight or bright lights. Take care to avoid your leather products getting wet or stained. Should it get wet or dirty on the surface, dry with a lint free, light-colored, absorbent cloth. Never use soap or solvent. Please avoid scratching or rubbing your products against abrasive surfaces. Over time, our delicate leather products will acquire a beautiful patina with the proper care. For any enquiries about your product, please do not hesitate to contact any MCM store or customer service team.",
        "categories": [
            "Fashion",
            "Bags, Luggage & Travel",
            "Bags",
            "Crossbody & Shoulder Bags"
        ],
        "sku_id": "933460",
        "price": "24,850.00 THB",
        "primary_image": "https://img.kingpowerclick.com/cdn-cgi/image/format=auto/kingpower-com/image/upload/w_640,h_640/v1684118142/prod/933460-L2.jpg",
        "images": [
            "https://img.kingpowerclick.com/cdn-cgi/image/format=auto/kingpower-com/image/upload/w_640,h_640/v1684118140/prod/933460-L1.jpg",
            "https://img.kingpowerclick.com/cdn-cgi/image/format=auto/kingpower-com/image/upload/w_640,h_640/v1684118142/prod/933460-L2.jpg",
            "https://img.kingpowerclick.com/cdn-cgi/image/format=auto/kingpower-com/image/upload/w_640,h_640/v1684118142/prod/933460-L3.jpg",
            "https://img.kingpowerclick.com/cdn-cgi/image/format=auto/kingpower-com/image/upload/w_640,h_640/v1684118142/prod/933460-L4.jpg",
            "https://img.kingpowerclick.com/cdn-cgi/image/format=auto/kingpower-com/image/upload/w_640,h_640/v1684118143/prod/933460-L5.jpg"
        ]
    },
    {
        "brand_name": "MCM",
        "brand_url": "https://www.kingpower.com/en/brand/mcm",
        "product_url": "https://www.kingpower.com/en/product/mcm-m-veritas-vi-strap-fff-one-size",
        "product_name": "MCM M-Veritas VI Strap FFF, One Size",
        "description": "Transform your current bag into a lustrous work of art with the Tracy shoulder strap. 24k gold-plated letters add a gleaming quality to your favorite bag. Fashioned in Visetos coated canvas, the monogram shoulder strap features a nappa leather underside that ensures sumptuous comfort throughout the day. 4.0 \u00d7 94.0 \u00d7 0.0 cm Visetos monogram coated canvas Nappa leather trim CARE MCM products are meticulously constructed to endure for years to come, but occasionally the adventurous lives of our customers can take a toll. We recommend that you store your products in the protective cloth dust bags that we provide in a cool, dry place away from direct sunlight or bright lights. Take care to avoid your leather products getting wet or stained. Should it get wet or dirty on the surface, dry with a lint free, light-colored, absorbent cloth. Never use soap or solvent. Please avoid scratching or rubbing your products against abrasive surfaces. Over time, our delicate leather products will acquire a beautiful patina with the proper care. For any enquiries about your product, please do not hesitate to contact any MCM store or customer service team. Transform your current bag into a lustrous work of art with the Tracy shoulder strap. 24k gold-plated letters add a gleaming quality to your favorite bag. Fashioned in Visetos coated canvas, the monogram shoulder strap features a nappa leather underside that ensures sumptuous comfort throughout the day. 4.0 \u00d7 94.0 \u00d7 0.0 cm Visetos monogram coated canvas Nappa leather trim CARE MCM products are meticulously constructed to endure for years to come, but occasionally the adventurous lives of our customers can take a toll. We recommend that you store your products in the protective cloth dust bags that we provide in a cool, dry place away from direct sunlight or bright lights. Take care to avoid your leather products getting wet or stained. Should it get wet or dirty on the surface, dry with a lint free, light-colored, absorbent cloth. Never use soap or solvent. Please avoid scratching or rubbing your products against abrasive surfaces. Over time, our delicate leather products will acquire a beautiful patina with the proper care. For any enquiries about your product, please do not hesitate to contact any MCM store or customer service team.",
        "categories": [
            "Fashion",
            "Other Fashion Accessories"
        ],
        "sku_id": "940426",
        "price": "3,830.00 THB",
        "primary_image": "https://img.kingpowerclick.com/cdn-cgi/image/format=auto/kingpower-com/image/upload/w_640,h_640/v1684722440/prod/940426-L2.jpg",
        "images": [
            "https://img.kingpowerclick.com/cdn-cgi/image/format=auto/kingpower-com/image/upload/w_640,h_640/v1684722440/prod/940426-L1.jpg",
            "https://img.kingpowerclick.com/cdn-cgi/image/format=auto/kingpower-com/image/upload/w_640,h_640/v1684722440/prod/940426-L2.jpg",
            "https://img.kingpowerclick.com/cdn-cgi/image/format=auto/kingpower-com/image/upload/w_640,h_640/v1684722440/prod/940426-L3.jpg",
            "https://img.kingpowerclick.com/cdn-cgi/image/format=auto/kingpower-com/image/upload/w_640,h_640/v1684722440/prod/940426-L4.jpg"
        ]
    },
    {
        "brand_name": "MCM",
        "brand_url": "https://www.kingpower.com/en/brand/mcm",
        "product_url": "https://www.kingpower.com/en/product/mcm-m-veritas-vi-small-wlt-mni-one-size",
        "product_name": "MCM M-Veritas VI Small Wlt Mni - One Size",
        "description": "A monogram snap wallet with a trifold design, sculpted in Visetos coated canvas. The renowned letters and laurels are proudly showcased on the Visetos monogram coated canvas exterior of this trifold wallet. Secured by a magnetic snap closure, the sumptuous nappa leather interior boasts multiple card slots, side slip pockets, and a bill sleeve. The inclusion of a sleek zip pocket results in sumptuous storage for your coins and small essentials. 8.0 \u00d7 10.0 \u00d7 3.0 cm Visetos monogram coated canvas Nappa leather trim Snap closure Interior zip pocket Interior card slots Interior bill sleeve and side slip pockets 24k gold-plated hardware Fabric lining CARE MCM products are meticulously constructed to endure for years to come, but occasionally the adventurous lives of our customers can take a toll. We recommend that you store your products in the protective cloth dust bags that we provide in a cool, dry place away from direct sunlight or bright lights. Take care to avoid your leather products getting wet or stained. Should it get wet or dirty on the surface, dry with a lint free, light-colored, absorbent cloth. Never use soap or solvent. Please avoid scratching or rubbing your products against abrasive surfaces. Over time, our delicate leather products will acquire a beautiful patina with the proper care. For any enquiries about your product, please do not hesitate to contact any MCM store or customer service team. A monogram snap wallet with a trifold design, sculpted in Visetos coated canvas. The renowned letters and laurels are proudly showcased on the Visetos monogram coated canvas exterior of this trifold wallet. Secured by a magnetic snap closure, the sumptuous nappa leather interior boasts multiple card slots, side slip pockets, and a bill sleeve. The inclusion of a sleek zip pocket results in sumptuous storage for your coins and small essentials. 8.0 \u00d7 10.0 \u00d7 3.0 cm Visetos monogram coated canvas Nappa leather trim Snap closure Interior zip pocket Interior card slots Interior bill sleeve and side slip pockets 24k gold-plated hardware Fabric lining CARE MCM products are meticulously constructed to endure for years to come, but occasionally the adventurous lives of our customers can take a toll. We recommend that you store your products in the protective cloth dust bags that we provide in a cool, dry place away from direct sunlight or bright lights. Take care to avoid your leather products getting wet or stained. Should it get wet or dirty on the surface, dry with a lint free, light-colored, absorbent cloth. Never use soap or solvent. Please avoid scratching or rubbing your products against abrasive surfaces. Over time, our delicate leather products will acquire a beautiful patina with the proper care. For any enquiries about your product, please do not hesitate to contact any MCM store or customer service team.",
        "categories": [
            "Fashion",
            "Bags, Luggage & Travel",
            "Bags",
            "Wallets & Purses"
        ],
        "sku_id": "947141",
        "price": "9,240.00 THB",
        "primary_image": "https://img.kingpowerclick.com/cdn-cgi/image/format=auto/kingpower-com/image/upload/w_640,h_640/v1684978229/prod/947141-L2.jpg",
        "images": [
            "https://img.kingpowerclick.com/cdn-cgi/image/format=auto/kingpower-com/image/upload/w_640,h_640/v1684978229/prod/947141-L1.jpg",
            "https://img.kingpowerclick.com/cdn-cgi/image/format=auto/kingpower-com/image/upload/w_640,h_640/v1684978229/prod/947141-L2.jpg",
            "https://img.kingpowerclick.com/cdn-cgi/image/format=auto/kingpower-com/image/upload/w_640,h_640/v1684978229/prod/947141-L3.jpg",
            "https://img.kingpowerclick.com/cdn-cgi/image/format=auto/kingpower-com/image/upload/w_640,h_640/v1684978229/prod/947141-L4.jpg",
            "https://img.kingpowerclick.com/cdn-cgi/image/format=auto/kingpower-com/image/upload/w_640,h_640/v1684978229/prod/947141-L5.jpg"
        ]
    },
    {
        "brand_name": "MCM",
        "brand_url": "https://www.kingpower.com/en/brand/mcm",
        "product_url": "https://www.kingpower.com/en/product/mcm-fursten-vi-belt-bag-mni-co-one-size",
        "product_name": "MCM Fursten VI Belt Bag MNI CO, One Size",
        "description": "The evolution of a mobile legend. Driven by Bauhaus design principles, form follows function in the conception of the new Fursten silhouette. The ultramodern design combines street-ready style with an artisan flair, courtesy of Visetos monogram coated canvas and black nappa leather. Front and main zip compartments offer balanced utility for organization of the highest order. 12.5 x 28.5 x 5.5 cm 65 cm to 106 cm strap length Adjustable herringbone webbing buckle strap Front zip pocket MCM logo plate Matte black metal hardware Microfiber lining with suede finish CARE MCM products are meticulously constructed to endure for years to come, but occasionally the adventurous lives of our customers can take a toll. We recommend that you store your products in the protective cloth dust bags that we provide in a cool, dry place away from direct sunlight or bright lights. Take care to avoid your leather products getting wet or stained. Should it get wet or dirty on the surface, dry with a lint free, light-colored, absorbent cloth. Never use soap or solvent. Please avoid scratching or rubbing your products against abrasive surfaces. Over time, our delicate leather products will acquire a beautiful patina with the proper care. For any enquiries about your product, please do not hesitate to contact any MCM store or customer service team. The evolution of a mobile legend. Driven by Bauhaus design principles, form follows function in the conception of the new Fursten silhouette. The ultramodern design combines street-ready style with an artisan flair, courtesy of Visetos monogram coated canvas and black nappa leather. Front and main zip compartments offer balanced utility for organization of the highest order. 12.5 x 28.5 x 5.5 cm 65 cm to 106 cm strap length Adjustable herringbone webbing buckle strap Front zip pocket MCM logo plate Matte black metal hardware Microfiber lining with suede finish CARE MCM products are meticulously constructed to endure for years to come, but occasionally the adventurous lives of our customers can take a toll. We recommend that you store your products in the protective cloth dust bags that we provide in a cool, dry place away from direct sunlight or bright lights. Take care to avoid your leather products getting wet or stained. Should it get wet or dirty on the surface, dry with a lint free, light-colored, absorbent cloth. Never use soap or solvent. Please avoid scratching or rubbing your products against abrasive surfaces. Over time, our delicate leather products will acquire a beautiful patina with the proper care. For any enquiries about your product, please do not hesitate to contact any MCM store or customer service team.",
        "categories": [
            "Fashion",
            "Bags, Luggage & Travel",
            "Bags",
            "Crossbody & Shoulder Bags"
        ],
        "sku_id": "966713",
        "price": "14,600.00 THB",
        "primary_image": "https://img.kingpowerclick.com/cdn-cgi/image/format=auto/kingpower-com/image/upload/w_640,h_640/v1684980707/prod/966713-L2.jpg",
        "images": [
            "https://img.kingpowerclick.com/cdn-cgi/image/format=auto/kingpower-com/image/upload/w_640,h_640/v1684980707/prod/966713-L1.jpg",
            "https://img.kingpowerclick.com/cdn-cgi/image/format=auto/kingpower-com/image/upload/w_640,h_640/v1684980707/prod/966713-L2.jpg",
            "https://img.kingpowerclick.com/cdn-cgi/image/format=auto/kingpower-com/image/upload/w_640,h_640/v1684980707/prod/966713-L3.jpg",
            "https://img.kingpowerclick.com/cdn-cgi/image/format=auto/kingpower-com/image/upload/w_640,h_640/v1684980707/prod/966713-L4.jpg",
            "https://img.kingpowerclick.com/cdn-cgi/image/format=auto/kingpower-com/image/upload/w_640,h_640/v1684980707/prod/966713-L5.jpg"
        ]
    },
    {
        "brand_name": "MCM",
        "brand_url": "https://www.kingpower.com/en/brand/mcm",
        "product_url": "https://www.kingpower.com/en/product/mcm-m-veritas-vi-small-wlt-mni-one-size-960992",
        "product_name": "MCM M-Veritas VI Small WLT MNI, One Size",
        "description": "A bifold wallet with snap closure, fashioned in Visetos and nappa leather. Sculpted in Visetos coated canvas, this snap wallet boasts a nappa leather interior with numerous card slots as well as side sleeves for securing cash. A sleek zip pocket grants secure storage for coins and small essentials. 12.0 x 8.5 x 1.5 cm Visetos monogram coated canvas Interior card slots Bill sleeve Interior side slip pockets 24k gold-plated hardware Fabric lining 24k gold-plated hardware Polyester lining CARE MCM products are meticulously constructed to endure for years to come, but occasionally the adventurous lives of our customers can take a toll. We recommend that you store your products in the protective cloth dust bags that we provide in a cool, dry place away from direct sunlight or bright lights. Take care to avoid your leather products getting wet or stained. Should it get wet or dirty on the surface, dry with a lint free, light-colored, absorbent cloth. Never use soap or solvent. Please avoid scratching or rubbing your products against abrasive surfaces. Over time, our delicate leather products will acquire a beautiful patina with the proper care. For any enquiries about your product, please do not hesitate to contact any MCM store or customer service team. A bifold wallet with snap closure, fashioned in Visetos and nappa leather. Sculpted in Visetos coated canvas, this snap wallet boasts a nappa leather interior with numerous card slots as well as side sleeves for securing cash. A sleek zip pocket grants secure storage for coins and small essentials. 12.0 x 8.5 x 1.5 cm Visetos monogram coated canvas Interior card slots Bill sleeve Interior side slip pockets 24k gold-plated hardware Fabric lining 24k gold-plated hardware Polyester lining CARE MCM products are meticulously constructed to endure for years to come, but occasionally the adventurous lives of our customers can take a toll. We recommend that you store your products in the protective cloth dust bags that we provide in a cool, dry place away from direct sunlight or bright lights. Take care to avoid your leather products getting wet or stained. Should it get wet or dirty on the surface, dry with a lint free, light-colored, absorbent cloth. Never use soap or solvent. Please avoid scratching or rubbing your products against abrasive surfaces. Over time, our delicate leather products will acquire a beautiful patina with the proper care. For any enquiries about your product, please do not hesitate to contact any MCM store or customer service team.",
        "categories": [
            "Fashion",
            "Bags, Luggage & Travel",
            "Bags",
            "Wallets & Purses"
        ],
        "sku_id": "960992",
        "price": "8,700.00 THB",
        "primary_image": "https://img.kingpowerclick.com/cdn-cgi/image/format=auto/kingpower-com/image/upload/w_640,h_640/v1684980707/prod/960992-L2.jpg",
        "images": [
            "https://img.kingpowerclick.com/cdn-cgi/image/format=auto/kingpower-com/image/upload/w_640,h_640/v1684980707/prod/960992-L1.jpg",
            "https://img.kingpowerclick.com/cdn-cgi/image/format=auto/kingpower-com/image/upload/w_640,h_640/v1684980707/prod/960992-L2.jpg",
            "https://img.kingpowerclick.com/cdn-cgi/image/format=auto/kingpower-com/image/upload/w_640,h_640/v1684980707/prod/960992-L3.jpg",
            "https://img.kingpowerclick.com/cdn-cgi/image/format=auto/kingpower-com/image/upload/w_640,h_640/v1684980707/prod/960992-L4.jpg",
            "https://img.kingpowerclick.com/cdn-cgi/image/format=auto/kingpower-com/image/upload/w_640,h_640/v1684980707/prod/960992-L5.jpg"
        ]
    },
    {
        "brand_name": "MCM",
        "brand_url": "https://www.kingpower.com/en/brand/mcm",
        "product_url": "https://www.kingpower.com/en/product/mcm-m-veritas-vi-small-wlt-sml-one-size-962778",
        "product_name": "MCM M-Veritas VI Small WLT SML, One Size",
        "description": "The monogram bifold wallet reflects MCM's heritage in crafting exceptional leather goods. Made from renowned Visetos coated canvas, this classic accessory's nappa leather interior boasts multiple card slots and convenient compartments for your cash and receipts. 9.0 x 11.0 x 1.5 cm Nappa leather trim Interior card slots Bill sleeve Side slip pockets CARE MCM products are meticulously constructed to endure for years to come, but occasionally the adventurous lives of our customers can take a toll. We recommend that you store your products in the protective cloth dust bags that we provide in a cool, dry place away from direct sunlight or bright lights. Take care to avoid your leather products getting wet or stained. Should it get wet or dirty on the surface, dry with a lint free, light-colored, absorbent cloth. Never use soap or solvent. Please avoid scratching or rubbing your products against abrasive surfaces. Over time, our delicate leather products will acquire a beautiful patina with the proper care. For any enquiries about your product, please do not hesitate to contact any MCM store or customer service team. The monogram bifold wallet reflects MCM's heritage in crafting exceptional leather goods. Made from renowned Visetos coated canvas, this classic accessory's nappa leather interior boasts multiple card slots and convenient compartments for your cash and receipts. 9.0 x 11.0 x 1.5 cm Nappa leather trim Interior card slots Bill sleeve Side slip pockets CARE MCM products are meticulously constructed to endure for years to come, but occasionally the adventurous lives of our customers can take a toll. We recommend that you store your products in the protective cloth dust bags that we provide in a cool, dry place away from direct sunlight or bright lights. Take care to avoid your leather products getting wet or stained. Should it get wet or dirty on the surface, dry with a lint free, light-colored, absorbent cloth. Never use soap or solvent. Please avoid scratching or rubbing your products against abrasive surfaces. Over time, our delicate leather products will acquire a beautiful patina with the proper care. For any enquiries about your product, please do not hesitate to contact any MCM store or customer service team.",
        "categories": [
            "Fashion",
            "Bags, Luggage & Travel",
            "Bags",
            "Wallets & Purses"
        ],
        "sku_id": "962778",
        "price": "7,660.00 THB",
        "primary_image": "https://img.kingpowerclick.com/cdn-cgi/image/format=auto/kingpower-com/image/upload/w_640,h_640/v1684980707/prod/962778-L2.jpg",
        "images": [
            "https://img.kingpowerclick.com/cdn-cgi/image/format=auto/kingpower-com/image/upload/w_640,h_640/v1684980707/prod/962778-L1.jpg",
            "https://img.kingpowerclick.com/cdn-cgi/image/format=auto/kingpower-com/image/upload/w_640,h_640/v1684980707/prod/962778-L2.jpg",
            "https://img.kingpowerclick.com/cdn-cgi/image/format=auto/kingpower-com/image/upload/w_640,h_640/v1684980707/prod/962778-L3.jpg"
        ]
    },
    {
        "brand_name": "MCM",
        "brand_url": "https://www.kingpower.com/en/brand/mcm",
        "product_url": "https://www.kingpower.com/en/product/mcm-m-veritas-vi-tote-sml-bk-one-size",
        "product_name": "MCM M-Veritas VI Tote SML BK, One Size",
        "description": "Medium tote bag in Visetos and nappa leather Made to match the dynamic lifestyle of the modern professional, the Aren tote is sized perfectly to store documents and tech. Crafted in Visetos coated canvas with a nappa leather trim, this refined rectangular tote unites classic MCM aesthetics with real-world functionality. 29.0 x 26.5 x 9.5 cm 82 cm to 126 cm strap length, Handle drop: 11.5 cm Leather top handles Magnetic snap closure Interior slip pocket and zip pocket Metal hardware Cotton twill lining CARE MCM products are meticulously constructed to endure for years to come, but occasionally the adventurous lives of our customers can take a toll. We recommend that you store your products in the protective cloth dust bags that we provide in a cool, dry place away from direct sunlight or bright lights. Take care to avoid your leather products getting wet or stained. Should it get wet or dirty on the surface, dry with a lint free, light-colored, absorbent cloth. Never use soap or solvent. Please avoid scratching or rubbing your products against abrasive surfaces. Over time, our delicate leather products will acquire a beautiful patina with the proper care. For any enquiries about your product, please do not hesitate to contact any MCM store or customer service team. Medium tote bag in Visetos and nappa leather Made to match the dynamic lifestyle of the modern professional, the Aren tote is sized perfectly to store documents and tech. Crafted in Visetos coated canvas with a nappa leather trim, this refined rectangular tote unites classic MCM aesthetics with real-world functionality. 29.0 x 26.5 x 9.5 cm 82 cm to 126 cm strap length, Handle drop: 11.5 cm Leather top handles Magnetic snap closure Interior slip pocket and zip pocket Metal hardware Cotton twill lining CARE MCM products are meticulously constructed to endure for years to come, but occasionally the adventurous lives of our customers can take a toll. We recommend that you store your products in the protective cloth dust bags that we provide in a cool, dry place away from direct sunlight or bright lights. Take care to avoid your leather products getting wet or stained. Should it get wet or dirty on the surface, dry with a lint free, light-colored, absorbent cloth. Never use soap or solvent. Please avoid scratching or rubbing your products against abrasive surfaces. Over time, our delicate leather products will acquire a beautiful patina with the proper care. For any enquiries about your product, please do not hesitate to contact any MCM store or customer service team.",
        "categories": [
            "Fashion",
            "Bags, Luggage & Travel",
            "Bags",
            "Crossbody & Shoulder Bags"
        ],
        "sku_id": "958067",
        "price": "16,250.00 THB",
        "primary_image": "https://img.kingpowerclick.com/cdn-cgi/image/format=auto/kingpower-com/image/upload/w_640,h_640/v1684980707/prod/958067-L2.jpg",
        "images": [
            "https://img.kingpowerclick.com/cdn-cgi/image/format=auto/kingpower-com/image/upload/w_640,h_640/v1684980707/prod/958067-L1.jpg",
            "https://img.kingpowerclick.com/cdn-cgi/image/format=auto/kingpower-com/image/upload/w_640,h_640/v1684980707/prod/958067-L2.jpg",
            "https://img.kingpowerclick.com/cdn-cgi/image/format=auto/kingpower-com/image/upload/w_640,h_640/v1684980705/prod/958067-L3.jpg",
            "https://img.kingpowerclick.com/cdn-cgi/image/format=auto/kingpower-com/image/upload/w_640,h_640/v1684980707/prod/958067-L4.jpg",
            "https://img.kingpowerclick.com/cdn-cgi/image/format=auto/kingpower-com/image/upload/w_640,h_640/v1684980707/prod/958067-L5.jpg",
            "https://img.kingpowerclick.com/cdn-cgi/image/format=auto/kingpower-com/image/upload/w_640,h_640/v1684980707/prod/958067-L6.jpg"
        ]
    },
    {
        "brand_name": "MCM",
        "brand_url": "https://www.kingpower.com/en/brand/mcm",
        "product_url": "https://www.kingpower.com/en/product/mcm-mcm-klassik-vi-tote-med-co-one-size",
        "product_name": "MCM Mcm Klassik VI Tote Med CO, One Size",
        "description": "Medium Klassik tote bag in Visetos and nappa leather Designed to match the dynamic lifestyle of modern individuals, the Klassik tote bag is sized perfectly to nest documents, laptops, and tablets inside an impeccable microfiber suede interior. The classic cognac colorway is contrasted by black nappa leather and matte black metal hardware for a signature aesthetic. 39.0 x 34.0 x 12.0 cm 80 cm to 124 cm strap length; Handle drop: 14 cm Removable, adjustable herringbone webbing strap Leather top handles MCM logo plate at front Matte black metal hardware Microfiber lining with suede finish CARE MCM products are meticulously constructed to endure for years to come, but occasionally the adventurous lives of our customers can take a toll. We recommend that you store your products in the protective cloth dust bags that we provide in a cool, dry place away from direct sunlight or bright lights. Take care to avoid your leather products getting wet or stained. Should it get wet or dirty on the surface, dry with a lint free, light-colored, absorbent cloth. Never use soap or solvent. Please avoid scratching or rubbing your products against abrasive surfaces. Over time, our delicate leather products will acquire a beautiful patina with the proper care. For any enquiries about your product, please do not hesitate to contact any MCM store or customer service team. Medium Klassik tote bag in Visetos and nappa leather Designed to match the dynamic lifestyle of modern individuals, the Klassik tote bag is sized perfectly to nest documents, laptops, and tablets inside an impeccable microfiber suede interior. The classic cognac colorway is contrasted by black nappa leather and matte black metal hardware for a signature aesthetic. 39.0 x 34.0 x 12.0 cm 80 cm to 124 cm strap length; Handle drop: 14 cm Removable, adjustable herringbone webbing strap Leather top handles MCM logo plate at front Matte black metal hardware Microfiber lining with suede finish CARE MCM products are meticulously constructed to endure for years to come, but occasionally the adventurous lives of our customers can take a toll. We recommend that you store your products in the protective cloth dust bags that we provide in a cool, dry place away from direct sunlight or bright lights. Take care to avoid your leather products getting wet or stained. Should it get wet or dirty on the surface, dry with a lint free, light-colored, absorbent cloth. Never use soap or solvent. Please avoid scratching or rubbing your products against abrasive surfaces. Over time, our delicate leather products will acquire a beautiful patina with the proper care. For any enquiries about your product, please do not hesitate to contact any MCM store or customer service team.",
        "categories": [
            "Fashion",
            "Bags, Luggage & Travel",
            "Bags",
            "Crossbody & Shoulder Bags"
        ],
        "sku_id": "952242",
        "price": "26,140.00 THB",
        "primary_image": "https://img.kingpowerclick.com/cdn-cgi/image/format=auto/kingpower-com/image/upload/w_640,h_640/v1684980707/prod/952242-L2.jpg",
        "images": [
            "https://img.kingpowerclick.com/cdn-cgi/image/format=auto/kingpower-com/image/upload/w_640,h_640/v1684980707/prod/952242-L1.jpg",
            "https://img.kingpowerclick.com/cdn-cgi/image/format=auto/kingpower-com/image/upload/w_640,h_640/v1684980707/prod/952242-L2.jpg",
            "https://img.kingpowerclick.com/cdn-cgi/image/format=auto/kingpower-com/image/upload/w_640,h_640/v1684980707/prod/952242-L3.jpg",
            "https://img.kingpowerclick.com/cdn-cgi/image/format=auto/kingpower-com/image/upload/w_640,h_640/v1684980707/prod/952242-L4.jpg",
            "https://img.kingpowerclick.com/cdn-cgi/image/format=auto/kingpower-com/image/upload/w_640,h_640/v1684980707/prod/952242-L5.jpg",
            "https://img.kingpowerclick.com/cdn-cgi/image/format=auto/kingpower-com/image/upload/w_640,h_640/v1684980707/prod/952242-L6.jpg"
        ]
    },
    {
        "brand_name": "MICHAEL KORS",
        "brand_url": "https://www.kingpower.com/en/brand/michael-kors",
        "product_url": "https://www.kingpower.com/en/product/michael-kors-mila-small-empire-signature-logo-shoulder-bag-vanilla",
        "product_name": "MICHAEL KORS Mila Small Empire Signature Logo Shoulder Bag - Vanilla",
        "description": "\u2022 Shoulder bag \u2022 Logo-print canvas \u2022 80% coated canvas/16% polyester/4% cotton \u2022 Trim: 100% leather \u2022 Gold-tone hardware \u2022 8.5\u201dW X 4.75\u201dH X 2.25\u201dD \u2022 Handle drop: 18.5\u201d \u2022 Exterior details: back slip pocket \u2022 Interior details: front slip pocket, 3 card slots \u2022 Lining: 100% polyester \u2022 Snap fastening \u2022 The details of different batches of goods may be slightly different, please refer to the actual product \u2022 Shoulder bag \u2022 Logo-print canvas \u2022 80% coated canvas/16% polyester/4% cotton \u2022 Trim: 100% leather \u2022 Gold-tone hardware \u2022 8.5\u201dW X 4.75\u201dH X 2.25\u201dD \u2022 Handle drop: 18.5\u201d \u2022 Exterior details: back slip pocket \u2022 Interior details: front slip pocket, 3 card slots \u2022 Lining: 100% polyester \u2022 Snap fastening \u2022 The details of different batches of goods may be slightly different, please refer to the actual product",
        "categories": [
            "Fashion",
            "Bags, Luggage & Travel",
            "Bags",
            "Handbags"
        ],
        "sku_id": "1026617",
        "price": "7,700.00 THB",
        "primary_image": "https://img.kingpowerclick.com/cdn-cgi/image/format=auto/kingpower-com/image/upload/w_640,h_640/v1703468064/prod/1026617-L2.jpg",
        "images": [
            "https://img.kingpowerclick.com/cdn-cgi/image/format=auto/kingpower-com/image/upload/w_640,h_640/v1703468064/prod/1026617-L1.jpg",
            "https://img.kingpowerclick.com/cdn-cgi/image/format=auto/kingpower-com/image/upload/w_640,h_640/v1703468064/prod/1026617-L2.jpg",
            "https://img.kingpowerclick.com/cdn-cgi/image/format=auto/kingpower-com/image/upload/w_640,h_640/v1703468064/prod/1026617-L3.jpg",
            "https://img.kingpowerclick.com/cdn-cgi/image/format=auto/kingpower-com/image/upload/w_640,h_640/v1703468064/prod/1026617-L4.jpg",
            "https://img.kingpowerclick.com/cdn-cgi/image/format=auto/kingpower-com/image/upload/w_640,h_640/v1703468064/prod/1026617-L5.jpg"
        ]
    },
    {
        "brand_name": "MICHAEL KORS",
        "brand_url": "https://www.kingpower.com/en/brand/michael-kors",
        "product_url": "https://www.kingpower.com/en/product/michael-kors-jet-set-chained-shoulder-bag-camel",
        "product_name": "Michael Kors Jet Set Chained Shoulder Bag - Camel",
        "description": "\u2022 Dimensions: Width: 20.5cm, Height: 15.5cm, Depth: 6.5cm \u2022 Handle: 13.5cm \u2022 69% Coated Canvas, 17% Polyester, 13% Cotton, 1% Polyurethane \u2022 Lining: 100% Polyester \u2022 Made in Indonesia \u2022 Dimensions: Width: 20.5cm, Height: 15.5cm, Depth: 6.5cm \u2022 Handle: 13.5cm \u2022 69% Coated Canvas, 17% Polyester, 13% Cotton, 1% Polyurethane \u2022 Lining: 100% Polyester \u2022 Made in Indonesia",
        "categories": [
            "Fashion",
            "Bags, Luggage & Travel",
            "Bags",
            "Crossbody & Shoulder Bags"
        ],
        "sku_id": "1026669",
        "price": "4,200.00 THB",
        "primary_image": "https://img.kingpowerclick.com/cdn-cgi/image/format=auto/kingpower-com/image/upload/w_640,h_640/v1703468064/prod/1026669-L2.jpg",
        "images": [
            "https://img.kingpowerclick.com/cdn-cgi/image/format=auto/kingpower-com/image/upload/w_640,h_640/v1703468064/prod/1026669-L1.jpg",
            "https://img.kingpowerclick.com/cdn-cgi/image/format=auto/kingpower-com/image/upload/w_640,h_640/v1703468064/prod/1026669-L2.jpg"
        ]
    },
    {
        "brand_name": "MICHAEL KORS",
        "brand_url": "https://www.kingpower.com/en/brand/michael-kors",
        "product_url": "https://www.kingpower.com/en/product/michael-kors-chantal-medium-logo-satchel",
        "product_name": "MICHAEL KORS Chantal Medium Logo Satchel - Vanilla/Acorn",
        "description": "COLOR VANILLA/ACORN \u2022 Satchel \u2022 Logo-print canvas \u2022 90% coated canvas/9% polyester/1% polyurethane \u2022 Trim 1 : 100% leather \u2022 Trim 2 : 60% polyurethane/20% cotton/20% polyester \u2022 Gold-tone hardware \u2022 12.75\u201dW \u00d7 9.75\u201dH \u00d7 6.25\u201dD \u2022 Adjustable measurement : 18.75\u201d-22.75\u201d \u2022 Handle drop : 4.5\u201d \u2022 Interior details : back slip pocket, center zip compartment, front slip pocket \u2022 Lining : 100% polyester \u2022 Snap fastening \u2022 Imported COLOR VANILLA/ACORN \u2022 Satchel \u2022 Logo-print canvas \u2022 90% coated canvas/9% polyester/1% polyurethane \u2022 Trim 1 : 100% leather \u2022 Trim 2 : 60% polyurethane/20% cotton/20% polyester \u2022 Gold-tone hardware \u2022 12.75\u201dW \u00d7 9.75\u201dH \u00d7 6.25\u201dD \u2022 Adjustable measurement : 18.75\u201d-22.75\u201d \u2022 Handle drop : 4.5\u201d \u2022 Interior details : back slip pocket, center zip compartment, front slip pocket \u2022 Lining : 100% polyester \u2022 Snap fastening \u2022 Imported",
        "categories": [
            "Fashion",
            "Bags, Luggage & Travel",
            "Bags",
            "Satchels & Messenger Bags"
        ],
        "sku_id": "1017733",
        "price": "11,800.00 THB",
        "primary_image": "https://img.kingpowerclick.com/cdn-cgi/image/format=auto/kingpower-com/image/upload/w_640,h_640/v1703471118/prod/1017733-L2.jpg",
        "images": [
            "https://img.kingpowerclick.com/cdn-cgi/image/format=auto/kingpower-com/image/upload/w_640,h_640/v1703471118/prod/1017733-L1.jpg",
            "https://img.kingpowerclick.com/cdn-cgi/image/format=auto/kingpower-com/image/upload/w_640,h_640/v1703471118/prod/1017733-L2.jpg",
            "https://img.kingpowerclick.com/cdn-cgi/image/format=auto/kingpower-com/image/upload/w_640,h_640/v1703471116/prod/1017733-L3.jpg"
        ]
    },
    {
        "brand_name": "MICHAEL KORS",
        "brand_url": "https://www.kingpower.com/en/brand/michael-kors",
        "product_url": "https://www.kingpower.com/en/product/michael-kors-chantal-medium-logo-satchel-975340",
        "product_name": "MICHAEL KORS Chantal Medium Logo Satchel - Brown/Acorn",
        "description": "COLOR BROWN/ACORN \u2022 Satchel \u2022 Logo-print canvas \u2022 90% coated canvas/9% polyester/1% polyurethane \u2022 Trim 1 : 100% leather \u2022 Trim 2 : 60% polyurethane/20% cotton/20% polyester \u2022 Gold-tone hardware \u2022 12.75\u201dW \u00d7 9.75\u201dH \u00d7 6.25\u201dD \u2022 Adjustable measurement : 18.75\u201d-22.75\u201d \u2022 Handle drop : 4.5\u201d \u2022 Interior details : back slip pocket, center zip compartment, front slip pocket \u2022 Lining : 100% polyester \u2022 Snap fastening COLOR BROWN/ACORN \u2022 Satchel \u2022 Logo-print canvas \u2022 90% coated canvas/9% polyester/1% polyurethane \u2022 Trim 1 : 100% leather \u2022 Trim 2 : 60% polyurethane/20% cotton/20% polyester \u2022 Gold-tone hardware \u2022 12.75\u201dW \u00d7 9.75\u201dH \u00d7 6.25\u201dD \u2022 Adjustable measurement : 18.75\u201d-22.75\u201d \u2022 Handle drop : 4.5\u201d \u2022 Interior details : back slip pocket, center zip compartment, front slip pocket \u2022 Lining : 100% polyester \u2022 Snap fastening",
        "categories": [
            "Fashion",
            "Bags, Luggage & Travel",
            "Bags",
            "Satchels & Messenger Bags"
        ],
        "sku_id": "975340",
        "price": "11,800.00 THB",
        "primary_image": "https://img.kingpowerclick.com/cdn-cgi/image/format=auto/kingpower-com/image/upload/w_640,h_640/v1703471119/prod/975340-L2.jpg",
        "images": [
            "https://img.kingpowerclick.com/cdn-cgi/image/format=auto/kingpower-com/image/upload/w_640,h_640/v1703471118/prod/975340-L1.jpg",
            "https://img.kingpowerclick.com/cdn-cgi/image/format=auto/kingpower-com/image/upload/w_640,h_640/v1703471119/prod/975340-L2.jpg",
            "https://img.kingpowerclick.com/cdn-cgi/image/format=auto/kingpower-com/image/upload/w_640,h_640/v1703471119/prod/975340-L3.jpg"
        ]
    },
    {
        "brand_name": "MCM",
        "brand_url": "https://www.kingpower.com/en/brand/mcm",
        "product_url": "https://www.kingpower.com/en/product/mcm-m-veritas-vi-tote-sml-co-one-size",
        "product_name": "MCM M-Veritas VI Tote SML CO, One Size",
        "description": "Medium tote bag in Visetos and nappa leather Made to match the dynamic lifestyle of the modern professional, the Aren tote is sized perfectly to store documents and tech. Crafted in Visetos coated canvas with a nappa leather trim, this refined rectangular tote unites classic MCM aesthetics with real-world functionality. 29.0 x 26.5 x 9.5 cm 82 cm to 126 cm strap length, Handle drop: 11.5 cm Leather top handles Magnetic snap closure Interior slip pocket and zip pocket 24k gold-plated metal hardware Cotton twill lining CARE MCM products are meticulously constructed to endure for years to come, but occasionally the adventurous lives of our customers can take a toll. We recommend that you store your products in the protective cloth dust bags that we provide in a cool, dry place away from direct sunlight or bright lights. Take care to avoid your leather products getting wet or stained. Should it get wet or dirty on the surface, dry with a lint free, light-colored, absorbent cloth. Never use soap or solvent. Please avoid scratching or rubbing your products against abrasive surfaces. Over time, our delicate leather products will acquire a beautiful patina with the proper care. For any enquiries about your product, please do not hesitate to contact any MCM store or customer service team. Medium tote bag in Visetos and nappa leather Made to match the dynamic lifestyle of the modern professional, the Aren tote is sized perfectly to store documents and tech. Crafted in Visetos coated canvas with a nappa leather trim, this refined rectangular tote unites classic MCM aesthetics with real-world functionality. 29.0 x 26.5 x 9.5 cm 82 cm to 126 cm strap length, Handle drop: 11.5 cm Leather top handles Magnetic snap closure Interior slip pocket and zip pocket 24k gold-plated metal hardware Cotton twill lining CARE MCM products are meticulously constructed to endure for years to come, but occasionally the adventurous lives of our customers can take a toll. We recommend that you store your products in the protective cloth dust bags that we provide in a cool, dry place away from direct sunlight or bright lights. Take care to avoid your leather products getting wet or stained. Should it get wet or dirty on the surface, dry with a lint free, light-colored, absorbent cloth. Never use soap or solvent. Please avoid scratching or rubbing your products against abrasive surfaces. Over time, our delicate leather products will acquire a beautiful patina with the proper care. For any enquiries about your product, please do not hesitate to contact any MCM store or customer service team.",
        "categories": [
            "Fashion",
            "Bags, Luggage & Travel",
            "Bags",
            "Crossbody & Shoulder Bags"
        ],
        "sku_id": "958068",
        "price": "22,440.00 THB",
        "primary_image": "https://img.kingpowerclick.com/cdn-cgi/image/format=auto/kingpower-com/image/upload/w_640,h_640/v1684980707/prod/958068-L2.jpg",
        "images": [
            "https://img.kingpowerclick.com/cdn-cgi/image/format=auto/kingpower-com/image/upload/w_640,h_640/v1684980707/prod/958068-L1.jpg",
            "https://img.kingpowerclick.com/cdn-cgi/image/format=auto/kingpower-com/image/upload/w_640,h_640/v1684980707/prod/958068-L2.jpg",
            "https://img.kingpowerclick.com/cdn-cgi/image/format=auto/kingpower-com/image/upload/w_640,h_640/v1684980705/prod/958068-L3.jpg",
            "https://img.kingpowerclick.com/cdn-cgi/image/format=auto/kingpower-com/image/upload/w_640,h_640/v1684980707/prod/958068-L4.jpg",
            "https://img.kingpowerclick.com/cdn-cgi/image/format=auto/kingpower-com/image/upload/w_640,h_640/v1684980707/prod/958068-L5.jpg",
            "https://img.kingpowerclick.com/cdn-cgi/image/format=auto/kingpower-com/image/upload/w_640,h_640/v1684980707/prod/958068-L6.jpg"
        ]
    },
    {
        "brand_name": "MICHAEL KORS",
        "brand_url": "https://www.kingpower.com/en/brand/michael-kors",
        "product_url": "https://www.kingpower.com/en/product/michael-kors-chantal-small-pebbled-leather-messenger-bag",
        "product_name": "MICHAEL KORS Chantal Small Pebbled Leather Messenger Bag",
        "description": "COLOR BLACK \u2022 Messenger bag \u2022 Pebbled leather \u2022 100% leather \u2022 Gold-tone hardware \u2022 10.25\"W \u00d7 8\"H \u00d7 4.5\"D \u2022 Handle drop : 3.5\u201d \u2022 Adjustable strap : 18.75\u201d-22.25\u201d \u2022 Interior details : center zip compartment \u2022 Lining : 100% polyester \u2022 Zip fastening COLOR BLACK \u2022 Messenger bag \u2022 Pebbled leather \u2022 100% leather \u2022 Gold-tone hardware \u2022 10.25\"W \u00d7 8\"H \u00d7 4.5\"D \u2022 Handle drop : 3.5\u201d \u2022 Adjustable strap : 18.75\u201d-22.25\u201d \u2022 Interior details : center zip compartment \u2022 Lining : 100% polyester \u2022 Zip fastening",
        "categories": [
            "Fashion",
            "Bags, Luggage & Travel",
            "Bags",
            "Satchels & Messenger Bags"
        ],
        "sku_id": "975337",
        "price": "9,700.00 THB",
        "primary_image": "https://img.kingpowerclick.com/cdn-cgi/image/format=auto/kingpower-com/image/upload/w_640,h_640/v1703471118/prod/975337-L2.jpg",
        "images": [
            "https://img.kingpowerclick.com/cdn-cgi/image/format=auto/kingpower-com/image/upload/w_640,h_640/v1703471118/prod/975337-L1.jpg",
            "https://img.kingpowerclick.com/cdn-cgi/image/format=auto/kingpower-com/image/upload/w_640,h_640/v1703471118/prod/975337-L2.jpg",
            "https://img.kingpowerclick.com/cdn-cgi/image/format=auto/kingpower-com/image/upload/w_640,h_640/v1703471118/prod/975337-L3.jpg"
        ]
    },
    {
        "brand_name": "MICHAEL KORS",
        "brand_url": "https://www.kingpower.com/en/brand/michael-kors",
        "product_url": "https://www.kingpower.com/en/product/michael-kors-jet-set-charm-large-trifold-wallet-999019",
        "product_name": "MICHAEL KORS Jet Set Charm Large Trifold Wallet - Vanilla/Acorn",
        "description": "COLOR VANILLA/ACORN Wallet Logo-print canvas 69% coated canvas/17% polyester/13% cotton/1% polyurethane Trim : 100% leather Gold-tone hardware 7.25\"W \u00d7 4\"H \u00d7 1\"D Exterior details : back zip pocket Interior details : 2 back slip pockets, 9 cards slots, 2 center slip pockets, 9 card slots, 1 front slip pocket Snap fastening Lining : 100% polyester COLOR VANILLA/ACORN Wallet Logo-print canvas 69% coated canvas/17% polyester/13% cotton/1% polyurethane Trim : 100% leather Gold-tone hardware 7.25\"W \u00d7 4\"H \u00d7 1\"D Exterior details : back zip pocket Interior details : 2 back slip pockets, 9 cards slots, 2 center slip pockets, 9 card slots, 1 front slip pocket Snap fastening Lining : 100% polyester",
        "categories": [
            "Fashion",
            "Bags, Luggage & Travel",
            "Bags",
            "Wallets & Purses"
        ],
        "sku_id": "999019",
        "price": "3,300.00 THB",
        "primary_image": "https://img.kingpowerclick.com/cdn-cgi/image/format=auto/kingpower-com/image/upload/w_640,h_640/v1703471118/prod/999019-L2.jpg",
        "images": [
            "https://img.kingpowerclick.com/cdn-cgi/image/format=auto/kingpower-com/image/upload/w_640,h_640/v1703471117/prod/999019-L1.jpg",
            "https://img.kingpowerclick.com/cdn-cgi/image/format=auto/kingpower-com/image/upload/w_640,h_640/v1703471118/prod/999019-L2.jpg"
        ]
    },
    {
        "brand_name": "MICHAEL KORS",
        "brand_url": "https://www.kingpower.com/en/brand/michael-kors",
        "product_url": "https://www.kingpower.com/en/product/michael-kors-chantal-medium-pebbled-leather-satchel",
        "product_name": "MICHAEL KORS Chantal Medium Pebbled Leather Satchel",
        "description": "COLOR BLACK \u2022 Satchel \u2022 Pebbled leather \u2022 100% leather from tanneries meeting the highest standards of environmental performance \u2022 Gold-tone hardware \u2022 12.75\u201dW \u00d7 9.75\u201dH \u00d7 6.25\u201dD \u2022 Adjustable measurement: 18.75\u201d-22.75\u201d \u2022 Handle drop : 4.5\u201d \u2022 Interior details : back slip pocket, center zip compartment, front slip pocket \u2022 Lining : 100% polyester \u2022 Snap fastening COLOR BLACK \u2022 Satchel \u2022 Pebbled leather \u2022 100% leather from tanneries meeting the highest standards of environmental performance \u2022 Gold-tone hardware \u2022 12.75\u201dW \u00d7 9.75\u201dH \u00d7 6.25\u201dD \u2022 Adjustable measurement: 18.75\u201d-22.75\u201d \u2022 Handle drop : 4.5\u201d \u2022 Interior details : back slip pocket, center zip compartment, front slip pocket \u2022 Lining : 100% polyester \u2022 Snap fastening",
        "categories": [
            "Fashion",
            "Bags, Luggage & Travel",
            "Bags",
            "Satchels & Messenger Bags"
        ],
        "sku_id": "975341",
        "price": "11,760.00 THB",
        "primary_image": "https://img.kingpowerclick.com/cdn-cgi/image/format=auto/kingpower-com/image/upload/w_640,h_640/v1703471118/prod/975341-L2.jpg",
        "images": [
            "https://img.kingpowerclick.com/cdn-cgi/image/format=auto/kingpower-com/image/upload/w_640,h_640/v1703471116/prod/975341-L1.jpg",
            "https://img.kingpowerclick.com/cdn-cgi/image/format=auto/kingpower-com/image/upload/w_640,h_640/v1703471118/prod/975341-L2.jpg",
            "https://img.kingpowerclick.com/cdn-cgi/image/format=auto/kingpower-com/image/upload/w_640,h_640/v1703471118/prod/975341-L3.jpg"
        ]
    },
    {
        "brand_name": "MICHAEL KORS",
        "brand_url": "https://www.kingpower.com/en/brand/michael-kors",
        "product_url": "https://www.kingpower.com/en/product/michael-kors-marilyn-medium-logo-satchel",
        "product_name": "MICHAEL KORS Marilyn Medium Logo Satchel - Brown/Acorn",
        "description": "COLOR BROWN/ACORN \u2022 Satchel \u2022 Logo-print canvas \u2022 89.4% coated canvas/9.6% polyester/1% polyurethane \u2022 Gold-tone hardware \u2022 11.25\u201dW \u00d7 8.25\u201dH \u00d7 5.5\u201dD \u2022 Handle drop : 4.5\u201d \u2022 Exterior details : back and front slip pockets \u2022 Interior details : back zip pocket, 2 front slip pockets \u2022 Lining : 100% polyester \u2022 Zip fastening COLOR BROWN/ACORN \u2022 Satchel \u2022 Logo-print canvas \u2022 89.4% coated canvas/9.6% polyester/1% polyurethane \u2022 Gold-tone hardware \u2022 11.25\u201dW \u00d7 8.25\u201dH \u00d7 5.5\u201dD \u2022 Handle drop : 4.5\u201d \u2022 Exterior details : back and front slip pockets \u2022 Interior details : back zip pocket, 2 front slip pockets \u2022 Lining : 100% polyester \u2022 Zip fastening",
        "categories": [
            "Fashion",
            "Bags, Luggage & Travel",
            "Bags",
            "Satchels & Messenger Bags"
        ],
        "sku_id": "986444",
        "price": "12,600.00 THB",
        "primary_image": "https://img.kingpowerclick.com/cdn-cgi/image/format=auto/kingpower-com/image/upload/w_640,h_640/v1703471118/prod/986444-L2.jpg",
        "images": [
            "https://img.kingpowerclick.com/cdn-cgi/image/format=auto/kingpower-com/image/upload/w_640,h_640/v1703471118/prod/986444-L1.jpg",
            "https://img.kingpowerclick.com/cdn-cgi/image/format=auto/kingpower-com/image/upload/w_640,h_640/v1703471118/prod/986444-L2.jpg",
            "https://img.kingpowerclick.com/cdn-cgi/image/format=auto/kingpower-com/image/upload/w_640,h_640/v1703471118/prod/986444-L3.jpg",
            "https://img.kingpowerclick.com/cdn-cgi/image/format=auto/kingpower-com/image/upload/w_640,h_640/v1703471118/prod/986444-L4.jpg",
            "https://img.kingpowerclick.com/cdn-cgi/image/format=auto/kingpower-com/image/upload/w_640,h_640/v1703471117/prod/986444-L5.jpg"
        ]
    },
    {
        "brand_name": "MICHAEL KORS",
        "brand_url": "https://www.kingpower.com/en/brand/michael-kors",
        "product_url": "https://www.kingpower.com/en/product/michael-kors-jet-set-charm-large-trifold-wallet-999021",
        "product_name": "MICHAEL KORS Jet Set Charm Large Trifold Wallet - Black",
        "description": "COLOR BLACK Wallet Logo-print canvas 69% coated canvas/17% polyester/13% cotton/1% polyurethane Trim : 100% leather Gold-tone hardware 7.25\"W \u00d7 4\"H \u00d7 1\"D Exterior details : back zip pocket Interior details : 2 back slip pockets, 9 cards slots, 2 center slip pockets, 9 card slots, 1 front slip pocket Snap fastening Lining : 100% polyester COLOR BLACK Wallet Logo-print canvas 69% coated canvas/17% polyester/13% cotton/1% polyurethane Trim : 100% leather Gold-tone hardware 7.25\"W \u00d7 4\"H \u00d7 1\"D Exterior details : back zip pocket Interior details : 2 back slip pockets, 9 cards slots, 2 center slip pockets, 9 card slots, 1 front slip pocket Snap fastening Lining : 100% polyester",
        "categories": [
            "Fashion",
            "Bags, Luggage & Travel",
            "Bags",
            "Wallets & Purses"
        ],
        "sku_id": "999021",
        "price": "4,600.00 THB",
        "primary_image": "https://img.kingpowerclick.com/cdn-cgi/image/format=auto/kingpower-com/image/upload/w_640,h_640/v1703471116/prod/999021-L2.jpg",
        "images": [
            "https://img.kingpowerclick.com/cdn-cgi/image/format=auto/kingpower-com/image/upload/w_640,h_640/v1703471118/prod/999021-L1.jpg",
            "https://img.kingpowerclick.com/cdn-cgi/image/format=auto/kingpower-com/image/upload/w_640,h_640/v1703471116/prod/999021-L2.jpg",
            "https://img.kingpowerclick.com/cdn-cgi/image/format=auto/kingpower-com/image/upload/w_640,h_640/v1703471118/prod/999021-L3.jpg"
        ]
    },
    {
        "brand_name": "MICHAEL KORS",
        "brand_url": "https://www.kingpower.com/en/brand/michael-kors",
        "product_url": "https://www.kingpower.com/en/product/michael-kors-jet-set-charm-large-trifold-wallet",
        "product_name": "MICHAEL KORS Jet Set Charm Large Trifold Wallet - Brown/Acorn",
        "description": "COLOR BROWN/ACORN Wallet Logo-print canvas 69% coated canvas/17% polyester/13% cotton/1% polyurethane Trim : 100% leather Gold-tone hardware 7.25\"W \u00d7 4\"H \u00d7 1\"D Exterior details : back zip pocket Interior details : 2 back slip pockets, 9 cards slots, 2 center slip pockets, 9 card slots, 1 front slip pocket Snap fastening Lining : 100% polyester COLOR BROWN/ACORN Wallet Logo-print canvas 69% coated canvas/17% polyester/13% cotton/1% polyurethane Trim : 100% leather Gold-tone hardware 7.25\"W \u00d7 4\"H \u00d7 1\"D Exterior details : back zip pocket Interior details : 2 back slip pockets, 9 cards slots, 2 center slip pockets, 9 card slots, 1 front slip pocket Snap fastening Lining : 100% polyester",
        "categories": [
            "Fashion",
            "Bags, Luggage & Travel",
            "Bags",
            "Wallets & Purses"
        ],
        "sku_id": "999020",
        "price": "3,300.00 THB",
        "primary_image": "https://img.kingpowerclick.com/cdn-cgi/image/format=auto/kingpower-com/image/upload/w_640,h_640/v1703471118/prod/999020-L2.jpg",
        "images": [
            "https://img.kingpowerclick.com/cdn-cgi/image/format=auto/kingpower-com/image/upload/w_640,h_640/v1703471116/prod/999020-L1.jpg",
            "https://img.kingpowerclick.com/cdn-cgi/image/format=auto/kingpower-com/image/upload/w_640,h_640/v1703471118/prod/999020-L2.jpg"
        ]
    },
    {
        "brand_name": "MICHAEL KORS",
        "brand_url": "https://www.kingpower.com/en/brand/michael-kors",
        "product_url": "https://www.kingpower.com/en/product/michael-kors-chantal-small-logo-messenger-bag-1017732",
        "product_name": "MICHAEL KORS Chantal Small Logo Messenger Bag - Vanilla/Acorn",
        "description": "COLOR VANILLA/ACORN \u2022 Messenger bag \u2022 Logo-print canvas \u2022 90% coated canvas/9% polyester/1% polyurethane \u2022 Trim : 100% leather \u2022 Gold-tone hardware \u2022 10.25\"W \u00d7 8\"H \u00d7 4.5\"D \u2022 Adjustable strap : 18.75\u201d-22.25\u201d \u2022 Handle drop : 3.5\u201d \u2022 Interior details : center zip compartment \u2022 Lining : 100% polyester \u2022 Snap fastening COLOR VANILLA/ACORN \u2022 Messenger bag \u2022 Logo-print canvas \u2022 90% coated canvas/9% polyester/1% polyurethane \u2022 Trim : 100% leather \u2022 Gold-tone hardware \u2022 10.25\"W \u00d7 8\"H \u00d7 4.5\"D \u2022 Adjustable strap : 18.75\u201d-22.25\u201d \u2022 Handle drop : 3.5\u201d \u2022 Interior details : center zip compartment \u2022 Lining : 100% polyester \u2022 Snap fastening",
        "categories": [
            "Fashion",
            "Bags, Luggage & Travel",
            "Bags",
            "Satchels & Messenger Bags"
        ],
        "sku_id": "1017732",
        "price": "9,660.00 THB",
        "primary_image": "https://img.kingpowerclick.com/cdn-cgi/image/format=auto/kingpower-com/image/upload/w_640,h_640/v1703471119/prod/1017732-L2.jpg",
        "images": [
            "https://img.kingpowerclick.com/cdn-cgi/image/format=auto/kingpower-com/image/upload/w_640,h_640/v1703471118/prod/1017732-L1.jpg",
            "https://img.kingpowerclick.com/cdn-cgi/image/format=auto/kingpower-com/image/upload/w_640,h_640/v1703471119/prod/1017732-L2.jpg",
            "https://img.kingpowerclick.com/cdn-cgi/image/format=auto/kingpower-com/image/upload/w_640,h_640/v1703471116/prod/1017732-L3.jpg"
        ]
    },
    {
        "brand_name": "MICHAEL KORS",
        "brand_url": "https://www.kingpower.com/en/brand/michael-kors",
        "product_url": "https://www.kingpower.com/en/product/michael-kors-chantal-small-logo-messenger-bag",
        "product_name": "MICHAEL KORS Chantal Small Logo Messenger Bag - Brown/Acorn",
        "description": "COLOR BROWN/ACORN \u2022 Messenger bag \u2022 Logo-print canvas \u2022 90% coated canvas/9% polyester/1% polyurethane \u2022 Trim : 100% leather \u2022 Gold-tone hardware \u2022 10.25\"W \u00d7 8\"H \u00d7 4.5\"D \u2022 Adjustable strap : 18.75\u201d-22.25\u201d \u2022 Handle drop : 3.5\u201d \u2022 Interior details : center zip compartment \u2022 Lining : 100% polyester \u2022 Snap fastening COLOR BROWN/ACORN \u2022 Messenger bag \u2022 Logo-print canvas \u2022 90% coated canvas/9% polyester/1% polyurethane \u2022 Trim : 100% leather \u2022 Gold-tone hardware \u2022 10.25\"W \u00d7 8\"H \u00d7 4.5\"D \u2022 Adjustable strap : 18.75\u201d-22.25\u201d \u2022 Handle drop : 3.5\u201d \u2022 Interior details : center zip compartment \u2022 Lining : 100% polyester \u2022 Snap fastening",
        "categories": [
            "Fashion",
            "Bags, Luggage & Travel",
            "Bags",
            "Satchels & Messenger Bags"
        ],
        "sku_id": "975336",
        "price": "9,700.00 THB",
        "primary_image": "https://img.kingpowerclick.com/cdn-cgi/image/format=auto/kingpower-com/image/upload/w_640,h_640/v1703471118/prod/975336-L2.jpg",
        "images": [
            "https://img.kingpowerclick.com/cdn-cgi/image/format=auto/kingpower-com/image/upload/w_640,h_640/v1703471118/prod/975336-L1.jpg",
            "https://img.kingpowerclick.com/cdn-cgi/image/format=auto/kingpower-com/image/upload/w_640,h_640/v1703471118/prod/975336-L2.jpg",
            "https://img.kingpowerclick.com/cdn-cgi/image/format=auto/kingpower-com/image/upload/w_640,h_640/v1703471118/prod/975336-L3.jpg"
        ]
    },
    {
        "brand_name": "MICHAEL KORS",
        "brand_url": "https://www.kingpower.com/en/brand/michael-kors",
        "product_url": "https://www.kingpower.com/en/product/michael-kors-marilyn-medium-logo-satchel-986443",
        "product_name": "MICHAEL KORS Marilyn Medium Logo Satchel - Vanilla/Acorn",
        "description": "COLOR VANILLA/ACORN \u2022 Satchel \u2022 Logo-print canvas \u2022 89.4% coated canvas/9.6% polyester/1% polyurethane \u2022 Gold-tone hardware \u2022 11.25\u201dW \u00d7 8.25\u201dH \u00d7 5.5\u201dD \u2022 Handle drop : 4.5\u201d \u2022 Exterior details : back and front slip pockets \u2022 Interior details : back zip pocket, 2 front slip pockets \u2022 Lining : 100% polyester \u2022 Zip fastening COLOR VANILLA/ACORN \u2022 Satchel \u2022 Logo-print canvas \u2022 89.4% coated canvas/9.6% polyester/1% polyurethane \u2022 Gold-tone hardware \u2022 11.25\u201dW \u00d7 8.25\u201dH \u00d7 5.5\u201dD \u2022 Handle drop : 4.5\u201d \u2022 Exterior details : back and front slip pockets \u2022 Interior details : back zip pocket, 2 front slip pockets \u2022 Lining : 100% polyester \u2022 Zip fastening",
        "categories": [
            "Fashion",
            "Bags, Luggage & Travel",
            "Bags",
            "Satchels & Messenger Bags"
        ],
        "sku_id": "986443",
        "price": "12,600.00 THB",
        "primary_image": "https://img.kingpowerclick.com/cdn-cgi/image/format=auto/kingpower-com/image/upload/w_640,h_640/v1703471118/prod/986443-L2.jpg",
        "images": [
            "https://img.kingpowerclick.com/cdn-cgi/image/format=auto/kingpower-com/image/upload/w_640,h_640/v1703471118/prod/986443-L1.jpg",
            "https://img.kingpowerclick.com/cdn-cgi/image/format=auto/kingpower-com/image/upload/w_640,h_640/v1703471118/prod/986443-L2.jpg",
            "https://img.kingpowerclick.com/cdn-cgi/image/format=auto/kingpower-com/image/upload/w_640,h_640/v1703471118/prod/986443-L3.jpg",
            "https://img.kingpowerclick.com/cdn-cgi/image/format=auto/kingpower-com/image/upload/w_640,h_640/v1703471118/prod/986443-L4.jpg",
            "https://img.kingpowerclick.com/cdn-cgi/image/format=auto/kingpower-com/image/upload/w_640,h_640/v1703471118/prod/986443-L5.jpg"
        ]
    },
    {
        "brand_name": "MICHAEL KORS",
        "brand_url": "https://www.kingpower.com/en/brand/michael-kors",
        "product_url": "https://www.kingpower.com/en/product/michael-kors-parker-medium-logo-shoulder-bag",
        "product_name": "MICHAEL KORS Parker Medium Logo Shoulder Bag - Black",
        "description": "COLOR BLACK \u2022 Shoulder bag \u2022 Logo-print canvas \u2022 89.4% coated canvas/9.6% polyester/1% polyurethane \u2022 Trim: 100% leather \u2022 Gold-tone hardware \u2022 10.75\"W \u00d7 6.25\"H \u00d7 4\"D \u2022 Handle drop : 8.5\u201d \u2022 Exterior details : back snap pocket \u2022 Interior details : back zip pocket, front slip pocket \u2022 Lining : 100% polyester \u2022 Snap fastening COLOR BLACK \u2022 Shoulder bag \u2022 Logo-print canvas \u2022 89.4% coated canvas/9.6% polyester/1% polyurethane \u2022 Trim: 100% leather \u2022 Gold-tone hardware \u2022 10.75\"W \u00d7 6.25\"H \u00d7 4\"D \u2022 Handle drop : 8.5\u201d \u2022 Exterior details : back snap pocket \u2022 Interior details : back zip pocket, front slip pocket \u2022 Lining : 100% polyester \u2022 Snap fastening",
        "categories": [
            "Fashion",
            "Bags, Luggage & Travel",
            "Bags",
            "Crossbody & Shoulder Bags"
        ],
        "sku_id": "986423",
        "price": "14,700.00 THB",
        "primary_image": "",
        "images": [
            "https://img.kingpowerclick.com/cdn-cgi/image/format=auto/kingpower-com/image/upload/w_640,h_640/v1703471118/prod/986423-L1.jpg"
        ]
    },
    {
        "brand_name": "MICHAEL KORS",
        "brand_url": "https://www.kingpower.com/en/brand/michael-kors",
        "product_url": "https://www.kingpower.com/en/product/michael-kors-mila-small-leather-shoulder-bag-1026605",
        "product_name": "MICHAEL KORS Mila Small Leather Shoulder Bag - Red",
        "description": "COLOR RED \u2022 Shoulder bag \u2022 Leather \u2022 100% leather \u2022 Gold-tone hardware \u2022 8.5\u201dW \u00d7 4.75\u201dH \u00d7 2.25\u201dD \u2022 Removeable strap : 18.5\u201d \u2022 Exterior details : back slip pocket \u2022 Interior details : 3 credit card pockets, front slip pocket \u2022 Lining : 100% polyester \u2022 Snap fastening COLOR RED \u2022 Shoulder bag \u2022 Leather \u2022 100% leather \u2022 Gold-tone hardware \u2022 8.5\u201dW \u00d7 4.75\u201dH \u00d7 2.25\u201dD \u2022 Removeable strap : 18.5\u201d \u2022 Exterior details : back slip pocket \u2022 Interior details : 3 credit card pockets, front slip pocket \u2022 Lining : 100% polyester \u2022 Snap fastening",
        "categories": [
            "Fashion",
            "Bags, Luggage & Travel",
            "Bags",
            "Crossbody & Shoulder Bags"
        ],
        "sku_id": "1026605",
        "price": "7,420.00 THB",
        "primary_image": "https://img.kingpowerclick.com/cdn-cgi/image/format=auto/kingpower-com/image/upload/w_640,h_640/v1703471118/prod/1026605-L2.jpg",
        "images": [
            "https://img.kingpowerclick.com/cdn-cgi/image/format=auto/kingpower-com/image/upload/w_640,h_640/v1703471116/prod/1026605-L1.jpg",
            "https://img.kingpowerclick.com/cdn-cgi/image/format=auto/kingpower-com/image/upload/w_640,h_640/v1703471118/prod/1026605-L2.jpg",
            "https://img.kingpowerclick.com/cdn-cgi/image/format=auto/kingpower-com/image/upload/w_640,h_640/v1703471118/prod/1026605-L3.jpg",
            "https://img.kingpowerclick.com/cdn-cgi/image/format=auto/kingpower-com/image/upload/w_640,h_640/v1703471118/prod/1026605-L4.jpg",
            "https://img.kingpowerclick.com/cdn-cgi/image/format=auto/kingpower-com/image/upload/w_640,h_640/v1703471118/prod/1026605-L5.jpg",
            "https://img.kingpowerclick.com/cdn-cgi/image/format=auto/kingpower-com/image/upload/w_640,h_640/v1703471118/prod/1026605-L6.jpg"
        ]
    },
    {
        "brand_name": "MICHAEL KORS",
        "brand_url": "https://www.kingpower.com/en/brand/michael-kors",
        "product_url": "https://www.kingpower.com/en/product/michael-kors-parker-medium-leather-shoulder-bag-975344",
        "product_name": "MICHAEL KORS Parker Medium Leather Shoulder Bag - Black",
        "description": "COLOR BLACK \u2022 Shoulder bag \u2022 Leather \u2022 100% leather from tanneries meeting the highest standards of environmental performance \u2022 Gold-tone hardware \u2022 10.75\"W \u00d7 6.25\"H \u00d7 4\"D \u2022 Handle drop : 8.5\u201d \u2022 Exterior details : back snap pocket \u2022 Interior details : back zip pocket, front slip pocket \u2022 Lining : 100% polyester \u2022 Snap fastening COLOR BLACK \u2022 Shoulder bag \u2022 Leather \u2022 100% leather from tanneries meeting the highest standards of environmental performance \u2022 Gold-tone hardware \u2022 10.75\"W \u00d7 6.25\"H \u00d7 4\"D \u2022 Handle drop : 8.5\u201d \u2022 Exterior details : back snap pocket \u2022 Interior details : back zip pocket, front slip pocket \u2022 Lining : 100% polyester \u2022 Snap fastening",
        "categories": [
            "Fashion",
            "Bags, Luggage & Travel",
            "Bags",
            "Crossbody & Shoulder Bags"
        ],
        "sku_id": "975344",
        "price": "7,500.00 THB",
        "primary_image": "https://img.kingpowerclick.com/cdn-cgi/image/format=auto/kingpower-com/image/upload/w_640,h_640/v1703471118/prod/975344-L2.jpg",
        "images": [
            "https://img.kingpowerclick.com/cdn-cgi/image/format=auto/kingpower-com/image/upload/w_640,h_640/v1703471118/prod/975344-L1.jpg",
            "https://img.kingpowerclick.com/cdn-cgi/image/format=auto/kingpower-com/image/upload/w_640,h_640/v1703471118/prod/975344-L2.jpg",
            "https://img.kingpowerclick.com/cdn-cgi/image/format=auto/kingpower-com/image/upload/w_640,h_640/v1703471119/prod/975344-L3.jpg"
        ]
    },
    {
        "brand_name": "MICHAEL KORS",
        "brand_url": "https://www.kingpower.com/en/brand/michael-kors",
        "product_url": "https://www.kingpower.com/en/product/michael-kors-parker-medium-logo-shoulder-bag-986424",
        "product_name": "MICHAEL KORS Parker Medium Logo Shoulder Bag - Brown/Acorn",
        "description": "COLOR BROWN/ACORN \u2022 Shoulder bag \u2022 Logo-print canvas \u2022 89.4% coated canvas/9.6% polyester/1% polyurethane \u2022 Trim: 100% leather \u2022 Gold-tone hardware \u2022 10.75\"W \u00d7 6.25\"H \u00d7 4\"D \u2022 Handle drop : 8.5\u201d \u2022 Exterior details : back snap pocket \u2022 Interior details : back zip pocket, front slip pocket \u2022 Lining : 100% polyester \u2022 Snap fastening COLOR BROWN/ACORN \u2022 Shoulder bag \u2022 Logo-print canvas \u2022 89.4% coated canvas/9.6% polyester/1% polyurethane \u2022 Trim: 100% leather \u2022 Gold-tone hardware \u2022 10.75\"W \u00d7 6.25\"H \u00d7 4\"D \u2022 Handle drop : 8.5\u201d \u2022 Exterior details : back snap pocket \u2022 Interior details : back zip pocket, front slip pocket \u2022 Lining : 100% polyester \u2022 Snap fastening",
        "categories": [
            "Fashion",
            "Bags, Luggage & Travel",
            "Bags",
            "Crossbody & Shoulder Bags"
        ],
        "sku_id": "986424",
        "price": "10,500.00 THB",
        "primary_image": "https://img.kingpowerclick.com/cdn-cgi/image/format=auto/kingpower-com/image/upload/w_640,h_640/v1703471118/prod/986424-L2.jpg",
        "images": [
            "https://img.kingpowerclick.com/cdn-cgi/image/format=auto/kingpower-com/image/upload/w_640,h_640/v1703471118/prod/986424-L1.jpg",
            "https://img.kingpowerclick.com/cdn-cgi/image/format=auto/kingpower-com/image/upload/w_640,h_640/v1703471118/prod/986424-L2.jpg",
            "https://img.kingpowerclick.com/cdn-cgi/image/format=auto/kingpower-com/image/upload/w_640,h_640/v1703471118/prod/986424-L3.jpg",
            "https://img.kingpowerclick.com/cdn-cgi/image/format=auto/kingpower-com/image/upload/w_640,h_640/v1703471118/prod/986424-L4.jpg"
        ]
    },
    {
        "brand_name": "MICHAEL KORS",
        "brand_url": "https://www.kingpower.com/en/brand/michael-kors",
        "product_url": "https://www.kingpower.com/en/product/michael-kors-mila-medium-leather-messenger-bag",
        "product_name": "MICHAEL KORS Mila Medium Leather Messenger Bag",
        "description": "COLOR BLACK \u2022 Messenger bag \u2022 Leather \u2022 100% leather \u2022 Gold-tone hardware \u2022 10.25\u201dW \u00d7 6\u201dH \u00d7 1.75\u201dD \u2022 Adjustable strap : 13\u201d-21.5\u201d \u2022 Exterior details : back slip pocket \u2022 Interior details : back slip pocket, back zip pocket, 2 front slip pockets \u2022 Lining : 100% polyester \u2022 Snap fastening COLOR BLACK \u2022 Messenger bag \u2022 Leather \u2022 100% leather \u2022 Gold-tone hardware \u2022 10.25\u201dW \u00d7 6\u201dH \u00d7 1.75\u201dD \u2022 Adjustable strap : 13\u201d-21.5\u201d \u2022 Exterior details : back slip pocket \u2022 Interior details : back slip pocket, back zip pocket, 2 front slip pockets \u2022 Lining : 100% polyester \u2022 Snap fastening",
        "categories": [
            "Fashion",
            "Bags, Luggage & Travel",
            "Bags",
            "Satchels & Messenger Bags"
        ],
        "sku_id": "998957",
        "price": "6,850.00 THB",
        "primary_image": "https://img.kingpowerclick.com/cdn-cgi/image/format=auto/kingpower-com/image/upload/w_640,h_640/v1703471116/prod/998957-L2.jpg",
        "images": [
            "https://img.kingpowerclick.com/cdn-cgi/image/format=auto/kingpower-com/image/upload/w_640,h_640/v1703471119/prod/998957-L1.jpg",
            "https://img.kingpowerclick.com/cdn-cgi/image/format=auto/kingpower-com/image/upload/w_640,h_640/v1703471116/prod/998957-L2.jpg",
            "https://img.kingpowerclick.com/cdn-cgi/image/format=auto/kingpower-com/image/upload/w_640,h_640/v1703471116/prod/998957-L3.jpg",
            "https://img.kingpowerclick.com/cdn-cgi/image/format=auto/kingpower-com/image/upload/w_640,h_640/v1703471116/prod/998957-L4.jpg"
        ]
    },
    {
        "brand_name": "MICHAEL KORS",
        "brand_url": "https://www.kingpower.com/en/brand/michael-kors",
        "product_url": "https://www.kingpower.com/en/product/michael-kors-mila-small-leather-shoulder-bag",
        "product_name": "MICHAEL KORS Mila Small Leather Shoulder Bag - Black",
        "description": "COLOR BLACK \u2022 Shoulder bag \u2022 Leather \u2022 100% leather \u2022 Gold-tone hardware \u2022 8.5\u201dW \u00d7 4.75\u201dH \u00d7 2.25\u201dD \u2022 Removeable strap : 18.5\u201d \u2022 Exterior details : back slip pocket \u2022 Interior details : 3 credit card pockets, front slip pocket \u2022 Lining : 100% polyester \u2022 Snap fastening COLOR BLACK \u2022 Shoulder bag \u2022 Leather \u2022 100% leather \u2022 Gold-tone hardware \u2022 8.5\u201dW \u00d7 4.75\u201dH \u00d7 2.25\u201dD \u2022 Removeable strap : 18.5\u201d \u2022 Exterior details : back slip pocket \u2022 Interior details : 3 credit card pockets, front slip pocket \u2022 Lining : 100% polyester \u2022 Snap fastening",
        "categories": [
            "Fashion",
            "Bags, Luggage & Travel",
            "Bags",
            "Crossbody & Shoulder Bags"
        ],
        "sku_id": "1017749",
        "price": "7,400.00 THB",
        "primary_image": "https://img.kingpowerclick.com/cdn-cgi/image/format=auto/kingpower-com/image/upload/w_640,h_640/v1703471116/prod/1017749-L2.jpg",
        "images": [
            "https://img.kingpowerclick.com/cdn-cgi/image/format=auto/kingpower-com/image/upload/w_640,h_640/v1703471118/prod/1017749-L1.jpg",
            "https://img.kingpowerclick.com/cdn-cgi/image/format=auto/kingpower-com/image/upload/w_640,h_640/v1703471116/prod/1017749-L2.jpg",
            "https://img.kingpowerclick.com/cdn-cgi/image/format=auto/kingpower-com/image/upload/w_640,h_640/v1703471118/prod/1017749-L3.jpg",
            "https://img.kingpowerclick.com/cdn-cgi/image/format=auto/kingpower-com/image/upload/w_640,h_640/v1703471116/prod/1017749-L4.jpg",
            "https://img.kingpowerclick.com/cdn-cgi/image/format=auto/kingpower-com/image/upload/w_640,h_640/v1703471118/prod/1017749-L5.jpg",
            "https://img.kingpowerclick.com/cdn-cgi/image/format=auto/kingpower-com/image/upload/w_640,h_640/v1703471118/prod/1017749-L6.jpg"
        ]
    },
    {
        "brand_name": "MICHAEL KORS",
        "brand_url": "https://www.kingpower.com/en/brand/michael-kors",
        "product_url": "https://www.kingpower.com/en/product/michael-kors-parker-medium-leather-shoulder-bag",
        "product_name": "MICHAEL KORS Parker Medium Leather Shoulder Bag - Luggage Brown",
        "description": "COLOR LUGGAGE BROWN \u2022 Shoulder bag \u2022 Leather \u2022 100% leather from tanneries meeting the highest standards of environmental performance \u2022 Gold-tone hardware \u2022 10.75\"W \u00d7 6.25\"H \u00d7 4\"D \u2022 Handle drop : 8.5\u201d \u2022 Exterior details : back snap pocket \u2022 Interior details : back zip pocket, front slip pocket \u2022 Lining : 100% polyester \u2022 Snap fastening COLOR LUGGAGE BROWN \u2022 Shoulder bag \u2022 Leather \u2022 100% leather from tanneries meeting the highest standards of environmental performance \u2022 Gold-tone hardware \u2022 10.75\"W \u00d7 6.25\"H \u00d7 4\"D \u2022 Handle drop : 8.5\u201d \u2022 Exterior details : back snap pocket \u2022 Interior details : back zip pocket, front slip pocket \u2022 Lining : 100% polyester \u2022 Snap fastening",
        "categories": [
            "Fashion",
            "Bags, Luggage & Travel",
            "Bags",
            "Crossbody & Shoulder Bags"
        ],
        "sku_id": "1026604",
        "price": "7,500.00 THB",
        "primary_image": "https://img.kingpowerclick.com/cdn-cgi/image/format=auto/kingpower-com/image/upload/w_640,h_640/v1703471116/prod/1026604-L2.jpg",
        "images": [
            "https://img.kingpowerclick.com/cdn-cgi/image/format=auto/kingpower-com/image/upload/w_640,h_640/v1703471118/prod/1026604-L1.jpg",
            "https://img.kingpowerclick.com/cdn-cgi/image/format=auto/kingpower-com/image/upload/w_640,h_640/v1703471116/prod/1026604-L2.jpg",
            "https://img.kingpowerclick.com/cdn-cgi/image/format=auto/kingpower-com/image/upload/w_640,h_640/v1703471118/prod/1026604-L3.jpg",
            "https://img.kingpowerclick.com/cdn-cgi/image/format=auto/kingpower-com/image/upload/w_640,h_640/v1703471117/prod/1026604-L4.jpg"
        ]
    },
    {
        "brand_name": "MICHAEL KORS",
        "brand_url": "https://www.kingpower.com/en/brand/michael-kors",
        "product_url": "https://www.kingpower.com/en/product/michael-kors-cynthia-medium-signature-logo-satchel-vanilla-cream",
        "product_name": "MICHAEL KORS Cynthia Medium Signature Logo Satchel - Vanilla/Cream",
        "description": "\u2022 Satchel \u2022 Logo-print canvas \u2022 Materials: 89.4% Coated Canvas / 9.6% Polyester / 1% Polyurethane \u2022 Gold-tone hardware \u2022 Dimensions: 12.75\u201dW X 9.25\u201dH X 5.25\u201dD \u2022 Handle drop: 6\u201d \u2022 Interior details: center zip pocket, 3 front card slots \u2022 Lining: 100% polyester \u2022 Snap fastening \u2022 Satchel \u2022 Logo-print canvas \u2022 Materials: 89.4% Coated Canvas / 9.6% Polyester / 1% Polyurethane \u2022 Gold-tone hardware \u2022 Dimensions: 12.75\u201dW X 9.25\u201dH X 5.25\u201dD \u2022 Handle drop: 6\u201d \u2022 Interior details: center zip pocket, 3 front card slots \u2022 Lining: 100% polyester \u2022 Snap fastening",
        "categories": [
            "Fashion",
            "Bags, Luggage & Travel",
            "Bags",
            "Satchels & Messenger Bags"
        ],
        "sku_id": "1048772",
        "price": "16,600.00 THB",
        "primary_image": "https://img.kingpowerclick.com/cdn-cgi/image/format=auto/kingpower-com/image/upload/w_640,h_640/v1728294302/prod/1048772-L2.jpg",
        "images": [
            "https://img.kingpowerclick.com/cdn-cgi/image/format=auto/kingpower-com/image/upload/w_640,h_640/v1728294302/prod/1048772-L1.jpg",
            "https://img.kingpowerclick.com/cdn-cgi/image/format=auto/kingpower-com/image/upload/w_640,h_640/v1728294302/prod/1048772-L2.jpg",
            "https://img.kingpowerclick.com/cdn-cgi/image/format=auto/kingpower-com/image/upload/w_640,h_640/v1728294302/prod/1048772-L3.jpg",
            "https://img.kingpowerclick.com/cdn-cgi/image/format=auto/kingpower-com/image/upload/w_640,h_640/v1728294302/prod/1048772-L4.jpg"
        ]
    },
    {
        "brand_name": "MICHAEL KORS",
        "brand_url": "https://www.kingpower.com/en/brand/michael-kors",
        "product_url": "https://www.kingpower.com/en/product/michael-kors-ruby-medium-saffiano-leather-messenger-bag",
        "product_name": "MICHAEL KORS Ruby Medium Saffiano Leather Messenger Bag",
        "description": "COLOR BLACK \u2022 Messenger bag \u2022 Saffiano leather \u2022 100% leather \u2022 Trim : 60% polyurethane/20% cotton/20% polyester \u2022 Gold-tone hardware \u2022 9\u201dW \u00d7 6.5\u201dH \u00d7 3.75\u201dD \u2022 Adjustable strap : 21.75\u201d-25\u201d \u2022 Interior details : back slip pocket, center zip compartment \u2022 Lining : 100% polyester \u2022 Snap/zip fastening COLOR BLACK \u2022 Messenger bag \u2022 Saffiano leather \u2022 100% leather \u2022 Trim : 60% polyurethane/20% cotton/20% polyester \u2022 Gold-tone hardware \u2022 9\u201dW \u00d7 6.5\u201dH \u00d7 3.75\u201dD \u2022 Adjustable strap : 21.75\u201d-25\u201d \u2022 Interior details : back slip pocket, center zip compartment \u2022 Lining : 100% polyester \u2022 Snap/zip fastening",
        "categories": [
            "Fashion",
            "Bags, Luggage & Travel",
            "Bags",
            "Satchels & Messenger Bags"
        ],
        "sku_id": "998960",
        "price": "8,100.00 THB",
        "primary_image": "https://img.kingpowerclick.com/cdn-cgi/image/format=auto/kingpower-com/image/upload/w_640,h_640/v1703471118/prod/998960-L2.jpg",
        "images": [
            "https://img.kingpowerclick.com/cdn-cgi/image/format=auto/kingpower-com/image/upload/w_640,h_640/v1703471118/prod/998960-L1.jpg",
            "https://img.kingpowerclick.com/cdn-cgi/image/format=auto/kingpower-com/image/upload/w_640,h_640/v1703471118/prod/998960-L2.jpg",
            "https://img.kingpowerclick.com/cdn-cgi/image/format=auto/kingpower-com/image/upload/w_640,h_640/v1703471118/prod/998960-L3.jpg"
        ]
    },
    {
        "brand_name": "MICHAEL KORS",
        "brand_url": "https://www.kingpower.com/en/brand/michael-kors",
        "product_url": "https://www.kingpower.com/en/product/michael-kors-cynthia-small-signature-logo-satchel-black",
        "product_name": "MICHAEL KORS Cynthia Small Signature Logo Satchel - Black",
        "description": "\u2022 Logo: Metallic \u2022 Material: Cowhide \u2022 Model: Hand \u2022 Closure: With magnetic buttons \u2022 Bottom: With protective feet at the bottom \u2022 Shape: Rectangular \u2022 Handle: Double \u2022 Dimensions: 25 x 18 x 11 cm \u2022 Shoulder strap: Adjustable and removable \u2022 Logo: Metallic \u2022 Material: Cowhide \u2022 Model: Hand \u2022 Closure: With magnetic buttons \u2022 Bottom: With protective feet at the bottom \u2022 Shape: Rectangular \u2022 Handle: Double \u2022 Dimensions: 25 x 18 x 11 cm \u2022 Shoulder strap: Adjustable and removable",
        "categories": [
            "Fashion",
            "Bags, Luggage & Travel",
            "Bags",
            "Satchels & Messenger Bags"
        ],
        "sku_id": "1048795",
        "price": "14,900.00 THB",
        "primary_image": "https://img.kingpowerclick.com/cdn-cgi/image/format=auto/kingpower-com/image/upload/w_640,h_640/v1728294304/prod/1048795-L2.jpg",
        "images": [
            "https://img.kingpowerclick.com/cdn-cgi/image/format=auto/kingpower-com/image/upload/w_640,h_640/v1728294303/prod/1048795-L1.jpg",
            "https://img.kingpowerclick.com/cdn-cgi/image/format=auto/kingpower-com/image/upload/w_640,h_640/v1728294304/prod/1048795-L2.jpg",
            "https://img.kingpowerclick.com/cdn-cgi/image/format=auto/kingpower-com/image/upload/w_640,h_640/v1728294302/prod/1048795-L3.jpg"
        ]
    },
    {
        "brand_name": "MICHAEL KORS",
        "brand_url": "https://www.kingpower.com/en/brand/michael-kors",
        "product_url": "https://www.kingpower.com/en/product/michael-kors-marilyn-medium-color-block-saffiano-leather-satchel-pale-peanut-luggage",
        "product_name": "MICHAEL KORS Marilyn Medium Color-Block Saffiano Leather Satchel - Pale Peanut/Luggage",
        "description": "\u2022 Satchel \u2022 Saffiano Leather \u2022 100% Leather \u2022 Gold-tone hardware \u2022 Dimensions: 11.25\u201dW X 8.25\u201dH X 5.5\u201dD \u2022 Handle drop: 4.5\u201d \u2022 Exterior details: back and front slip pockets \u2022 Interior details: back zip pocket, 2 front slip pockets \u2022 Lining: 100% polyester \u2022 Zip fastening \u2022 Satchel \u2022 Saffiano Leather \u2022 100% Leather \u2022 Gold-tone hardware \u2022 Dimensions: 11.25\u201dW X 8.25\u201dH X 5.5\u201dD \u2022 Handle drop: 4.5\u201d \u2022 Exterior details: back and front slip pockets \u2022 Interior details: back zip pocket, 2 front slip pockets \u2022 Lining: 100% polyester \u2022 Zip fastening",
        "categories": [
            "Fashion",
            "Bags, Luggage & Travel",
            "Bags",
            "Satchels & Messenger Bags"
        ],
        "sku_id": "1035687",
        "price": "8,680.00 THB",
        "primary_image": "https://img.kingpowerclick.com/cdn-cgi/image/format=auto/kingpower-com/image/upload/w_640,h_640/v1728294302/prod/1035687-L2.jpg",
        "images": [
            "https://img.kingpowerclick.com/cdn-cgi/image/format=auto/kingpower-com/image/upload/w_640,h_640/v1728294302/prod/1035687-L1.jpg",
            "https://img.kingpowerclick.com/cdn-cgi/image/format=auto/kingpower-com/image/upload/w_640,h_640/v1728294302/prod/1035687-L2.jpg",
            "https://img.kingpowerclick.com/cdn-cgi/image/format=auto/kingpower-com/image/upload/w_640,h_640/v1728294302/prod/1035687-L3.jpg"
        ]
    },
    {
        "brand_name": "MICHAEL KORS",
        "brand_url": "https://www.kingpower.com/en/brand/michael-kors",
        "product_url": "https://www.kingpower.com/en/product/michael-kors-small-mercer-pebbled-leather-coin-case",
        "product_name": "MICHAEL KORS Small Mercer Pebbled Leather Coin Case",
        "description": "COLOR LUGGAGE BROWN \u2022 Coin Purse \u2022 100% leather from tanneries meeting the highest standards of environmental performance from tanneries meeting the highest standards of environmental performance \u2022 Gold-Tone Hardware \u2022 5\"W \u00d7 3.5\"H \u00d7 0.5\"D \u2022 Exterior Details : Back Slit Pocket, 2 Card Slots, ID Window \u2022 Lining : 100% Polyester \u2022 Top-Zip Fastening \u2022 Dust bag not included COLOR LUGGAGE BROWN \u2022 Coin Purse \u2022 100% leather from tanneries meeting the highest standards of environmental performance from tanneries meeting the highest standards of environmental performance \u2022 Gold-Tone Hardware \u2022 5\"W \u00d7 3.5\"H \u00d7 0.5\"D \u2022 Exterior Details : Back Slit Pocket, 2 Card Slots, ID Window \u2022 Lining : 100% Polyester \u2022 Top-Zip Fastening \u2022 Dust bag not included",
        "categories": [
            "Fashion",
            "Bags, Luggage & Travel",
            "Bags",
            "Wallets & Purses"
        ],
        "sku_id": "999094",
        "price": "2,200.00 THB",
        "primary_image": "https://img.kingpowerclick.com/cdn-cgi/image/format=auto/kingpower-com/image/upload/w_640,h_640/v1703471116/prod/999094-L2.jpg",
        "images": [
            "https://img.kingpowerclick.com/cdn-cgi/image/format=auto/kingpower-com/image/upload/w_640,h_640/v1703471118/prod/999094-L1.jpg",
            "https://img.kingpowerclick.com/cdn-cgi/image/format=auto/kingpower-com/image/upload/w_640,h_640/v1703471116/prod/999094-L2.jpg",
            "https://img.kingpowerclick.com/cdn-cgi/image/format=auto/kingpower-com/image/upload/w_640,h_640/v1703471116/prod/999094-L3.jpg"
        ]
    },
    {
        "brand_name": "MICHAEL KORS",
        "brand_url": "https://www.kingpower.com/en/brand/michael-kors",
        "product_url": "https://www.kingpower.com/en/product/michael-kors-luisa-small-pebbled-leather-satchel-luggage",
        "product_name": "MICHAEL KORS Luisa Small Pebbled Leather Satchel - Luggage",
        "description": "\u2022 Satchel \u2022 Pebbled leather \u2022 100% Leather \u2022 Trim 1: 60% Polyurethane / 20% cotton / 20% Polyester \u2022 Trim 2: 99% Polyester / 1% Nylon \u2022 Gold-tone hardware \u2022 Dimensions: 11\u201dW X 7.5\u201dH X 4.25\u201dD \u2022 Handle drop: 3.5\u201d \u2022 Exterior details: back slip pocket \u2022 Interior details: back zip pocket \u2022 Lining: 100% Polyester \u2022 Snap fastening \u2022 Satchel \u2022 Pebbled leather \u2022 100% Leather \u2022 Trim 1: 60% Polyurethane / 20% cotton / 20% Polyester \u2022 Trim 2: 99% Polyester / 1% Nylon \u2022 Gold-tone hardware \u2022 Dimensions: 11\u201dW X 7.5\u201dH X 4.25\u201dD \u2022 Handle drop: 3.5\u201d \u2022 Exterior details: back slip pocket \u2022 Interior details: back zip pocket \u2022 Lining: 100% Polyester \u2022 Snap fastening",
        "categories": [
            "Fashion",
            "Bags, Luggage & Travel",
            "Bags",
            "Satchels & Messenger Bags"
        ],
        "sku_id": "1035698",
        "price": "8,960.00 THB",
        "primary_image": "https://img.kingpowerclick.com/cdn-cgi/image/format=auto/kingpower-com/image/upload/w_640,h_640/v1728294304/prod/1035698-L2.jpg",
        "images": [
            "https://img.kingpowerclick.com/cdn-cgi/image/format=auto/kingpower-com/image/upload/w_640,h_640/v1728294302/prod/1035698-L1.jpg",
            "https://img.kingpowerclick.com/cdn-cgi/image/format=auto/kingpower-com/image/upload/w_640,h_640/v1728294304/prod/1035698-L2.jpg",
            "https://img.kingpowerclick.com/cdn-cgi/image/format=auto/kingpower-com/image/upload/w_640,h_640/v1728294303/prod/1035698-L3.jpg",
            "https://img.kingpowerclick.com/cdn-cgi/image/format=auto/kingpower-com/image/upload/w_640,h_640/v1728294302/prod/1035698-L4.jpg"
        ]
    },
    {
        "brand_name": "MICHAEL KORS",
        "brand_url": "https://www.kingpower.com/en/brand/michael-kors",
        "product_url": "https://www.kingpower.com/en/product/michael-kors-s-24-cynthia-medium-satchel-optic-white",
        "product_name": "MICHAEL KORS S24 Cynthia Medium Satchel - Optic White",
        "description": "\u2022 Magnetic closure \u2022 Two leather handles \u2022 Removable shoulder strap \u2022 Detachable dangle \u2022 Logo polyester lining \u2022 Dimensions: 31 x 20.5 x 12 cm \u2022 Material: Leather \u2022 Colour: White \u2022 Magnetic closure \u2022 Two leather handles \u2022 Removable shoulder strap \u2022 Detachable dangle \u2022 Logo polyester lining \u2022 Dimensions: 31 x 20.5 x 12 cm \u2022 Material: Leather \u2022 Colour: White",
        "categories": [
            "Fashion",
            "Bags, Luggage & Travel",
            "Bags",
            "Satchels & Messenger Bags"
        ],
        "sku_id": "1048770",
        "price": "16,600.00 THB",
        "primary_image": "https://img.kingpowerclick.com/cdn-cgi/image/format=auto/kingpower-com/image/upload/w_640,h_640/v1728294302/prod/1048770-L2.jpg",
        "images": [
            "https://img.kingpowerclick.com/cdn-cgi/image/format=auto/kingpower-com/image/upload/w_640,h_640/v1728294302/prod/1048770-L1.jpg",
            "https://img.kingpowerclick.com/cdn-cgi/image/format=auto/kingpower-com/image/upload/w_640,h_640/v1728294302/prod/1048770-L2.jpg",
            "https://img.kingpowerclick.com/cdn-cgi/image/format=auto/kingpower-com/image/upload/w_640,h_640/v1728294304/prod/1048770-L3.jpg",
            "https://img.kingpowerclick.com/cdn-cgi/image/format=auto/kingpower-com/image/upload/w_640,h_640/v1728294302/prod/1048770-L4.jpg"
        ]
    },
    {
        "brand_name": "MICHAEL KORS",
        "brand_url": "https://www.kingpower.com/en/brand/michael-kors",
        "product_url": "https://www.kingpower.com/en/product/michael-kors-cynthia-satchel-pale-peanut",
        "product_name": "MICHAEL KORS Cynthia Satchel - Pale Peanut",
        "description": "\u2022 Colour: Pale Peanut \u2022 Material: Leather \u2022 Dimensions: L30 x H22 x D12 cm approx. \u2022 Care: Wipe clean with a dry, soft cloth \u2022 Colour: Pale Peanut \u2022 Material: Leather \u2022 Dimensions: L30 x H22 x D12 cm approx. \u2022 Care: Wipe clean with a dry, soft cloth",
        "categories": [
            "Fashion",
            "Bags, Luggage & Travel",
            "Bags",
            "Satchels & Messenger Bags"
        ],
        "sku_id": "1048771",
        "price": "11,620.00 THB",
        "primary_image": "https://img.kingpowerclick.com/cdn-cgi/image/format=auto/kingpower-com/image/upload/w_640,h_640/v1728294302/prod/1048771-L2.jpg",
        "images": [
            "https://img.kingpowerclick.com/cdn-cgi/image/format=auto/kingpower-com/image/upload/w_640,h_640/v1728294302/prod/1048771-L1.jpg",
            "https://img.kingpowerclick.com/cdn-cgi/image/format=auto/kingpower-com/image/upload/w_640,h_640/v1728294302/prod/1048771-L2.jpg",
            "https://img.kingpowerclick.com/cdn-cgi/image/format=auto/kingpower-com/image/upload/w_640,h_640/v1728294302/prod/1048771-L3.jpg"
        ]
    },
    {
        "brand_name": "MICHAEL KORS",
        "brand_url": "https://www.kingpower.com/en/brand/michael-kors",
        "product_url": "https://www.kingpower.com/en/product/michael-kors-ruby-medium-saffiano-leather-satchel-red",
        "product_name": "MICHAEL KORS Ruby Medium Saffiano Leather Satchel - Red",
        "description": "\u2022 100% leather from tanneries meeting the highest standards of environmental performance \u2022 Satchel \u2022 Saffiano leather \u2022 100% leather \u2022 Trim: 60% Polyurethane / 20% Cotton / 20% Polyester \u2022 Gold-tone hardware \u2022 Dimensions: 12\u201dW X 9\u201dH X 5.75\u201dD \u2022 Handle drop: 5\u201d \u2022 Adjustable strap: 21\u201d-23.5\u201d \u2022 Interior details: back zip pocket, center compartment, front slip pocket \u2022 Lining: 100% Polyester \u2022 Snap fastening \u2022 100% leather from tanneries meeting the highest standards of environmental performance \u2022 Satchel \u2022 Saffiano leather \u2022 100% leather \u2022 Trim: 60% Polyurethane / 20% Cotton / 20% Polyester \u2022 Gold-tone hardware \u2022 Dimensions: 12\u201dW X 9\u201dH X 5.75\u201dD \u2022 Handle drop: 5\u201d \u2022 Adjustable strap: 21\u201d-23.5\u201d \u2022 Interior details: back zip pocket, center compartment, front slip pocket \u2022 Lining: 100% Polyester \u2022 Snap fastening",
        "categories": [
            "Fashion",
            "Bags, Luggage & Travel",
            "Bags",
            "Satchels & Messenger Bags"
        ],
        "sku_id": "1026634",
        "price": "7,500.00 THB",
        "primary_image": "https://img.kingpowerclick.com/cdn-cgi/image/format=auto/kingpower-com/image/upload/w_640,h_640/v1728294303/prod/1026634-L2.jpg",
        "images": [
            "https://img.kingpowerclick.com/cdn-cgi/image/format=auto/kingpower-com/image/upload/w_640,h_640/v1728294303/prod/1026634-L1.jpg",
            "https://img.kingpowerclick.com/cdn-cgi/image/format=auto/kingpower-com/image/upload/w_640,h_640/v1728294303/prod/1026634-L2.jpg",
            "https://img.kingpowerclick.com/cdn-cgi/image/format=auto/kingpower-com/image/upload/w_640,h_640/v1728294304/prod/1026634-L3.jpg"
        ]
    },
    {
        "brand_name": "MICHAEL KORS",
        "brand_url": "https://www.kingpower.com/en/brand/michael-kors",
        "product_url": "https://www.kingpower.com/en/product/michael-kors-s-24-cynthia-medium-satchel-black",
        "product_name": "MICHAEL KORS S24 Cynthia Medium Satchel - Black",
        "description": "\u2022 Magnetic closure \u2022 Two leather handles \u2022 Removable shoulder strap \u2022 Detachable dangle \u2022 Logo polyester lining \u2022 Dimensions: 31 x 20.5 x 12 cm \u2022 Material: Leather \u2022 Colour: Black \u2022 Magnetic closure \u2022 Two leather handles \u2022 Removable shoulder strap \u2022 Detachable dangle \u2022 Logo polyester lining \u2022 Dimensions: 31 x 20.5 x 12 cm \u2022 Material: Leather \u2022 Colour: Black",
        "categories": [
            "Fashion",
            "Bags, Luggage & Travel",
            "Bags",
            "Satchels & Messenger Bags"
        ],
        "sku_id": "1048769",
        "price": "16,600.00 THB",
        "primary_image": "https://img.kingpowerclick.com/cdn-cgi/image/format=auto/kingpower-com/image/upload/w_640,h_640/v1728294302/prod/1048769-L2.jpg",
        "images": [
            "https://img.kingpowerclick.com/cdn-cgi/image/format=auto/kingpower-com/image/upload/w_640,h_640/v1728294302/prod/1048769-L1.jpg",
            "https://img.kingpowerclick.com/cdn-cgi/image/format=auto/kingpower-com/image/upload/w_640,h_640/v1728294302/prod/1048769-L2.jpg",
            "https://img.kingpowerclick.com/cdn-cgi/image/format=auto/kingpower-com/image/upload/w_640,h_640/v1728294302/prod/1048769-L3.jpg"
        ]
    },
    {
        "brand_name": "MIDO",
        "brand_url": "https://www.kingpower.com/en/brand/mido",
        "product_url": "https://www.kingpower.com/en/product/mido-baroncelli-iii-white-dial",
        "product_name": "MIDO Baroncelli III White dial",
        "description": "Automatic Mido 1192 (ETA 2892A2 base), Finely decorated elaborate movement with blued screws, oscillating weight decorated with Geneva stripes and Mido logo. Functions: HMSD. Adjusted on 4 different positions for high accuracy. 42 hours of power reserve.  Case Polished 316L stainless steel sapphire crystal with an anti-reflective treatment on both sides water-resistant up to a pressure of 3 bars (30 m / 100 ft). \u2022 Dial Color : White \u2022 Clock Face : Sapphire Crystal Anti-reflection treatment \u2022 Movement : Automatic Mido 1192 (Base ETA 2892A2) \u2022 Movement type : Automatic \u2022 Case Width approx : 39 mm \u2022 Case Thickness : 6.95 mm \u2022 Case Dimension : 20 x 6.95 mm \u2022 Case Materials : Stainless Steel \u2022 Strap Materials : Leather \u2022 Strap Color : Black \u2022 Clasp Type : Buckle Strap \u2022 Water Resistant : 30 meter \u2022 Packing :      - Warranty Card     - User's Manual \u2022 Gender :Unisex Automatic Mido 1192 (ETA 2892A2 base), Finely decorated elaborate movement with blued screws, oscillating weight decorated with Geneva stripes and Mido logo. Functions: HMSD. Adjusted on 4 different positions for high accuracy. 42 hours of power reserve.  Case Polished 316L stainless steel sapphire crystal with an anti-reflective treatment on both sides water-resistant up to a pressure of 3 bars (30 m / 100 ft). \u2022 Dial Color : White \u2022 Clock Face : Sapphire Crystal Anti-reflection treatment \u2022 Movement : Automatic Mido 1192 (Base ETA 2892A2) \u2022 Movement type : Automatic \u2022 Case Width approx : 39 mm \u2022 Case Thickness : 6.95 mm \u2022 Case Dimension : 20 x 6.95 mm \u2022 Case Materials : Stainless Steel \u2022 Strap Materials : Leather \u2022 Strap Color : Black \u2022 Clasp Type : Buckle Strap \u2022 Water Resistant : 30 meter \u2022 Packing :      - Warranty Card     - User's Manual \u2022 Gender :Unisex",
        "categories": [
            "Fashion",
            "Watches & Jewelry",
            "Watches"
        ],
        "sku_id": "682258",
        "price": "36,500.00 THB",
        "primary_image": "https://img.kingpowerclick.com/cdn-cgi/image/format=auto/kingpower-com/image/upload/w_640,h_640/v1544696668/prod/682258-L2.jpg",
        "images": [
            "https://img.kingpowerclick.com/cdn-cgi/image/format=auto/kingpower-com/image/upload/w_640,h_640/v1544696662/prod/682258-L1.jpg",
            "https://img.kingpowerclick.com/cdn-cgi/image/format=auto/kingpower-com/image/upload/w_640,h_640/v1544696668/prod/682258-L2.jpg",
            "https://img.kingpowerclick.com/cdn-cgi/image/format=auto/kingpower-com/image/upload/w_640,h_640/v1544696674/prod/682258-L3.jpg",
            "https://img.kingpowerclick.com/cdn-cgi/image/format=auto/kingpower-com/image/upload/w_640,h_640/v1544696680/prod/682258-L4.jpg",
            "https://img.kingpowerclick.com/cdn-cgi/image/format=auto/kingpower-com/image/upload/w_640,h_640/v1544696687/prod/682258-L5.jpg"
        ]
    },
    {
        "brand_name": "MICHAEL KORS",
        "brand_url": "https://www.kingpower.com/en/brand/michael-kors",
        "product_url": "https://www.kingpower.com/en/product/michael-kors-ruthie-small-signature-logo-satchel-brown-acorn",
        "product_name": "MICHAEL KORS Ruthie Small Signature Logo Satchel - Brown/Acorn",
        "description": "\u2022 Satchel \u2022 Logo-print canvas \u2022 Materials: 90% Coated Canvas / 9% Polyester / 1% Polyurethane \u2022 Trim: 60% Polyurethane / 20% Cotton/ 20% Polyester \u2022 Gold-tone hardware \u2022 Dimensions: 11.25\u201dW X 8\u201dH X 3.5\u201dD \u2022 Handle drop: 3.5\u201d \u2022 Adjustable strap: 19\u201d-22.5\u201d \u2022 Interior details: center zip compartment \u2022 Lining: 100% Polyester \u2022 Snap fastening \u2022 Satchel \u2022 Logo-print canvas \u2022 Materials: 90% Coated Canvas / 9% Polyester / 1% Polyurethane \u2022 Trim: 60% Polyurethane / 20% Cotton/ 20% Polyester \u2022 Gold-tone hardware \u2022 Dimensions: 11.25\u201dW X 8\u201dH X 3.5\u201dD \u2022 Handle drop: 3.5\u201d \u2022 Adjustable strap: 19\u201d-22.5\u201d \u2022 Interior details: center zip compartment \u2022 Lining: 100% Polyester \u2022 Snap fastening",
        "categories": [
            "Fashion",
            "Bags, Luggage & Travel",
            "Bags",
            "Satchels & Messenger Bags"
        ],
        "sku_id": "1048802",
        "price": "11,000.00 THB",
        "primary_image": "https://img.kingpowerclick.com/cdn-cgi/image/format=auto/kingpower-com/image/upload/w_640,h_640/v1728294302/prod/1048802-L2.jpg",
        "images": [
            "https://img.kingpowerclick.com/cdn-cgi/image/format=auto/kingpower-com/image/upload/w_640,h_640/v1728294304/prod/1048802-L1.jpg",
            "https://img.kingpowerclick.com/cdn-cgi/image/format=auto/kingpower-com/image/upload/w_640,h_640/v1728294302/prod/1048802-L2.jpg",
            "https://img.kingpowerclick.com/cdn-cgi/image/format=auto/kingpower-com/image/upload/w_640,h_640/v1728294302/prod/1048802-L3.jpg"
        ]
    },
    {
        "brand_name": "MICHAEL KORS",
        "brand_url": "https://www.kingpower.com/en/brand/michael-kors",
        "product_url": "https://www.kingpower.com/en/product/michael-kors-r-24-gigi-small-ew-messenger-bag-denim",
        "product_name": "MICHAEL KORS R24 Gigi Small EW Messenger Bag - Denim",
        "description": "\u2022 Messenger bag  \u2022 Logo jacquard  \u2022 Material: 90.3% coated canvas/ 9.7% polyester  \u2022 Trim 1: 60% Polyurethane / 20% Cotton / 20% Polyester  \u2022 Trim 2: 100% Cotton  \u2022 Gold-tone hardware  \u2022 Dimensions: 10\"W X 6.5\"H X 3.25\"D  \u2022 Handle drop: 3.25\u201d  \u2022 Exterior details: front slip pocket  \u2022 Interior details: back zip pocket, front slip pocket  \u2022 Zip fastening  \u2022 Lining: 100% Polyester \u2022 Messenger bag  \u2022 Logo jacquard  \u2022 Material: 90.3% coated canvas/ 9.7% polyester  \u2022 Trim 1: 60% Polyurethane / 20% Cotton / 20% Polyester  \u2022 Trim 2: 100% Cotton  \u2022 Gold-tone hardware  \u2022 Dimensions: 10\"W X 6.5\"H X 3.25\"D  \u2022 Handle drop: 3.25\u201d  \u2022 Exterior details: front slip pocket  \u2022 Interior details: back zip pocket, front slip pocket  \u2022 Zip fastening  \u2022 Lining: 100% Polyester",
        "categories": [
            "Fashion",
            "Bags, Luggage & Travel",
            "Bags",
            "Satchels & Messenger Bags"
        ],
        "sku_id": "1035690",
        "price": "8,330.00 THB",
        "primary_image": "https://img.kingpowerclick.com/cdn-cgi/image/format=auto/kingpower-com/image/upload/w_640,h_640/v1728294302/prod/1035690-L2.jpg",
        "images": [
            "https://img.kingpowerclick.com/cdn-cgi/image/format=auto/kingpower-com/image/upload/w_640,h_640/v1728294302/prod/1035690-L1.jpg",
            "https://img.kingpowerclick.com/cdn-cgi/image/format=auto/kingpower-com/image/upload/w_640,h_640/v1728294302/prod/1035690-L2.jpg",
            "https://img.kingpowerclick.com/cdn-cgi/image/format=auto/kingpower-com/image/upload/w_640,h_640/v1728294302/prod/1035690-L3.jpg"
        ]
    },
    {
        "brand_name": "MICHAEL KORS",
        "brand_url": "https://www.kingpower.com/en/brand/michael-kors",
        "product_url": "https://www.kingpower.com/en/product/michael-kors-s-24-cynthia-medium-satchel-brown-acorn",
        "product_name": "MICHAEL KORS S24 Cynthia Medium Satchel - Brown/Acorn",
        "description": "\u2022 Magnetic closure \u2022 Two leather handles \u2022 Removable shoulder strap \u2022 Detachable dangle \u2022 Logo polyester lining \u2022 Dimensions: 31 x 20.5 x 12 cm \u2022 Material: Canvas \u2022 Colour: Brown \u2022 Magnetic closure \u2022 Two leather handles \u2022 Removable shoulder strap \u2022 Detachable dangle \u2022 Logo polyester lining \u2022 Dimensions: 31 x 20.5 x 12 cm \u2022 Material: Canvas \u2022 Colour: Brown",
        "categories": [
            "Fashion",
            "Bags, Luggage & Travel",
            "Bags",
            "Satchels & Messenger Bags"
        ],
        "sku_id": "1048768",
        "price": "16,600.00 THB",
        "primary_image": "https://img.kingpowerclick.com/cdn-cgi/image/format=auto/kingpower-com/image/upload/w_640,h_640/v1728294302/prod/1048768-L2.jpg",
        "images": [
            "https://img.kingpowerclick.com/cdn-cgi/image/format=auto/kingpower-com/image/upload/w_640,h_640/v1728294302/prod/1048768-L1.jpg",
            "https://img.kingpowerclick.com/cdn-cgi/image/format=auto/kingpower-com/image/upload/w_640,h_640/v1728294302/prod/1048768-L2.jpg",
            "https://img.kingpowerclick.com/cdn-cgi/image/format=auto/kingpower-com/image/upload/w_640,h_640/v1728294302/prod/1048768-L3.jpg",
            "https://img.kingpowerclick.com/cdn-cgi/image/format=auto/kingpower-com/image/upload/w_640,h_640/v1728294302/prod/1048768-L4.jpg"
        ]
    },
    {
        "brand_name": "MIDO",
        "brand_url": "https://www.kingpower.com/en/brand/mido",
        "product_url": "https://www.kingpower.com/en/product/mido-baroncelli-bicolor-strap",
        "product_name": "MIDO Baroncelli Bicolor strap",
        "description": "Automatic Mido caliber 80 (Base ETAC07.611). Power reserve up to 80 hours. Case and Bracelet in Stainless steel with PVD coating. Sapphire crystal with double sided anti-reflection treatment. Water-resistance: 5 bar (50 m / 165 ft)  \u2022 Dial Color : White \u2022 Clock Face : Sapphire Crystal Anti-reflection treatment \u2022 Movement : Caliber 80 (Base ETA C07.611) \u2022 Movement type : Automatic \u2022 Case Width approx : 38 mm \u2022 Case Thickness : 9.1 mm \u2022 Case Dimension : 20 x 9.1 mm \u2022 Case Materials : Stainless Steel / PVD \u2022 Strap Materials : Stainless Steel / PVD \u2022 Strap Color : Bicolour \u2022 Clasp Type : Butterfly Buckle \u2022 Water Resistant : 50 meter \u2022 Packing :      - Warranty Card     - User's Manual \u2022 Gender :Men Automatic Mido caliber 80 (Base ETAC07.611). Power reserve up to 80 hours. Case and Bracelet in Stainless steel with PVD coating. Sapphire crystal with double sided anti-reflection treatment. Water-resistance: 5 bar (50 m / 165 ft)  \u2022 Dial Color : White \u2022 Clock Face : Sapphire Crystal Anti-reflection treatment \u2022 Movement : Caliber 80 (Base ETA C07.611) \u2022 Movement type : Automatic \u2022 Case Width approx : 38 mm \u2022 Case Thickness : 9.1 mm \u2022 Case Dimension : 20 x 9.1 mm \u2022 Case Materials : Stainless Steel / PVD \u2022 Strap Materials : Stainless Steel / PVD \u2022 Strap Color : Bicolour \u2022 Clasp Type : Butterfly Buckle \u2022 Water Resistant : 50 meter \u2022 Packing :      - Warranty Card     - User's Manual \u2022 Gender :Men",
        "categories": [
            "Fashion",
            "Watches & Jewelry",
            "Watches"
        ],
        "sku_id": "418234",
        "price": "34,500.00 THB",
        "primary_image": "https://img.kingpowerclick.com/cdn-cgi/image/format=auto/kingpower-com/image/upload/w_640,h_640/v1544696668/prod/418234-L2.jpg",
        "images": [
            "https://img.kingpowerclick.com/cdn-cgi/image/format=auto/kingpower-com/image/upload/w_640,h_640/v1544696662/prod/418234-L1.jpg",
            "https://img.kingpowerclick.com/cdn-cgi/image/format=auto/kingpower-com/image/upload/w_640,h_640/v1544696668/prod/418234-L2.jpg",
            "https://img.kingpowerclick.com/cdn-cgi/image/format=auto/kingpower-com/image/upload/w_640,h_640/v1544696675/prod/418234-L3.jpg"
        ]
    },
    {
        "brand_name": "MIDO",
        "brand_url": "https://www.kingpower.com/en/brand/mido",
        "product_url": "https://www.kingpower.com/en/product/mido-commander-ii-anthracite-dial",
        "product_name": "MIDO Commander II Anthracite dial",
        "description": "Mido Caliber 80 Automatic Movement (ETA C07.651 base),Finely decorated Elabor\u00e9-grade movement, oscillating weight decorated with Geneva stripes and Mido logo. Functions: HMS and instant large date aperture. Adjusted on 3 different positions for high accuracy. Up to 80 hours of power reserve. Case and Bracelet in Satin-finish 316L , sapphire crystal, screwed transparent case back revealing the finely decorated Elabor\u00e9-grade movement, water-resistant up to a pressure of 5 bars (50 m / 165 ft). \u2022 Dial Color : Anthracite \u2022 Clock Face : Sapphire Crystal \u2022 Movement : Caliber 80 (Base ETA C07.651) \u2022 Movement type : Automatic \u2022 Case Width approx : 42 mm \u2022 Case Thickness : 11.97 mm \u2022 Case Dimension : 22 x 11.97 mm \u2022 Case Materials : Stainless Steel \u2022 Strap Materials : Stainless Steel \u2022 Strap Color : Silver \u2022 Clasp Type : Butterfly Buckle \u2022 Water Resistant : 50 meter \u2022 Packing :      - Warranty Card     - User's Manual \u2022 Gender :Men Mido Caliber 80 Automatic Movement (ETA C07.651 base),Finely decorated Elabor\u00e9-grade movement, oscillating weight decorated with Geneva stripes and Mido logo. Functions: HMS and instant large date aperture. Adjusted on 3 different positions for high accuracy. Up to 80 hours of power reserve. Case and Bracelet in Satin-finish 316L , sapphire crystal, screwed transparent case back revealing the finely decorated Elabor\u00e9-grade movement, water-resistant up to a pressure of 5 bars (50 m / 165 ft). \u2022 Dial Color : Anthracite \u2022 Clock Face : Sapphire Crystal \u2022 Movement : Caliber 80 (Base ETA C07.651) \u2022 Movement type : Automatic \u2022 Case Width approx : 42 mm \u2022 Case Thickness : 11.97 mm \u2022 Case Dimension : 22 x 11.97 mm \u2022 Case Materials : Stainless Steel \u2022 Strap Materials : Stainless Steel \u2022 Strap Color : Silver \u2022 Clasp Type : Butterfly Buckle \u2022 Water Resistant : 50 meter \u2022 Packing :      - Warranty Card     - User's Manual \u2022 Gender :Men",
        "categories": [
            "Fashion",
            "Watches & Jewelry",
            "Watches"
        ],
        "sku_id": "803526",
        "price": "34,600.00 THB",
        "primary_image": "https://img.kingpowerclick.com/cdn-cgi/image/format=auto/kingpower-com/image/upload/w_640,h_640/v1544696668/prod/803526-L2.jpg",
        "images": [
            "https://img.kingpowerclick.com/cdn-cgi/image/format=auto/kingpower-com/image/upload/w_640,h_640/v1544696662/prod/803526-L1.jpg",
            "https://img.kingpowerclick.com/cdn-cgi/image/format=auto/kingpower-com/image/upload/w_640,h_640/v1544696668/prod/803526-L2.jpg",
            "https://img.kingpowerclick.com/cdn-cgi/image/format=auto/kingpower-com/image/upload/w_640,h_640/v1544696675/prod/803526-L3.jpg"
        ]
    },
    {
        "brand_name": "MIDO",
        "brand_url": "https://www.kingpower.com/en/brand/mido",
        "product_url": "https://www.kingpower.com/en/product/mido-baroncelli-black-dial",
        "product_name": "MIDO Baroncelli Black dial",
        "description": "Automatic Mido caliber 80 (Base ETAC07.611). Power reserve up to 80 hours. Case and Bracelet in Stainless steel. Sapphire crystal with double sided anti-reflection treatment. Water-resistance: 5 bar (50 m / 165 ft)  \u2022 Dial Color : Black \u2022 Clock Face : Sapphire Crystal Anti-reflection treatment \u2022 Movement : Caliber 80 (Base ETA C07.611) \u2022 Movement type : Automatic \u2022 Case Width approx : 38 mm \u2022 Case Thickness : 9.1 mm \u2022 Case Dimension : 20 x 9.1 mm \u2022 Case Materials : Stainless Steel \u2022 Strap Materials : Stainless Steel \u2022 Strap Color : Silver \u2022 Clasp Type : Butterfly Buckle \u2022 Water Resistant : 50 meter \u2022 Packing :      - Warranty Card     - User's Manual \u2022 Gender :Men Automatic Mido caliber 80 (Base ETAC07.611). Power reserve up to 80 hours. Case and Bracelet in Stainless steel. Sapphire crystal with double sided anti-reflection treatment. Water-resistance: 5 bar (50 m / 165 ft)  \u2022 Dial Color : Black \u2022 Clock Face : Sapphire Crystal Anti-reflection treatment \u2022 Movement : Caliber 80 (Base ETA C07.611) \u2022 Movement type : Automatic \u2022 Case Width approx : 38 mm \u2022 Case Thickness : 9.1 mm \u2022 Case Dimension : 20 x 9.1 mm \u2022 Case Materials : Stainless Steel \u2022 Strap Materials : Stainless Steel \u2022 Strap Color : Silver \u2022 Clasp Type : Butterfly Buckle \u2022 Water Resistant : 50 meter \u2022 Packing :      - Warranty Card     - User's Manual \u2022 Gender :Men",
        "categories": [
            "Fashion",
            "Watches & Jewelry",
            "Watches"
        ],
        "sku_id": "341937",
        "price": "29,300.00 THB",
        "primary_image": "https://img.kingpowerclick.com/cdn-cgi/image/format=auto/kingpower-com/image/upload/w_640,h_640/v1544696668/prod/341937-L2.jpg",
        "images": [
            "https://img.kingpowerclick.com/cdn-cgi/image/format=auto/kingpower-com/image/upload/w_640,h_640/v1544696662/prod/341937-L1.jpg",
            "https://img.kingpowerclick.com/cdn-cgi/image/format=auto/kingpower-com/image/upload/w_640,h_640/v1544696668/prod/341937-L2.jpg",
            "https://img.kingpowerclick.com/cdn-cgi/image/format=auto/kingpower-com/image/upload/w_640,h_640/v1544696674/prod/341937-L3.jpg",
            "https://img.kingpowerclick.com/cdn-cgi/image/format=auto/kingpower-com/image/upload/w_640,h_640/v1544696679/prod/341937-L4.jpg",
            "https://img.kingpowerclick.com/cdn-cgi/image/format=auto/kingpower-com/image/upload/w_640,h_640/v1544696685/prod/341937-L5.jpg"
        ]
    },
    {
        "brand_name": "MIDO",
        "brand_url": "https://www.kingpower.com/en/brand/mido",
        "product_url": "https://www.kingpower.com/en/product/mido-baroncelli-white-dial",
        "product_name": "MIDO Baroncelli white dial",
        "description": "Automatic Mido caliber 80 (Base ETAC07.611). Power reserve up to 80 hours. Case and Bracelet in Stainless steel. Sapphire crystal with double sided anti-reflection treatment. Water-resistance: 5 bar (50 m / 165 ft)  \u2022 Dial Color : White \u2022 Clock Face : Sapphire Crystal Anti-reflection treatment \u2022 Movement : Caliber 80 (Base ETA C07.611) \u2022 Movement type : Automatic \u2022 Case Width approx : 38 mm \u2022 Case Thickness : 9.1 mm \u2022 Case Dimension : 20 x 9.1 mm \u2022 Case Materials : Stainless Steel \u2022 Strap Materials : Stainless Steel \u2022 Strap Color : Silver \u2022 Clasp Type : Butterfly Buckle \u2022 Water Resistant : 50 meter \u2022 Packing :      - Warranty Card     - User's Manual \u2022 Gender :Men Automatic Mido caliber 80 (Base ETAC07.611). Power reserve up to 80 hours. Case and Bracelet in Stainless steel. Sapphire crystal with double sided anti-reflection treatment. Water-resistance: 5 bar (50 m / 165 ft)  \u2022 Dial Color : White \u2022 Clock Face : Sapphire Crystal Anti-reflection treatment \u2022 Movement : Caliber 80 (Base ETA C07.611) \u2022 Movement type : Automatic \u2022 Case Width approx : 38 mm \u2022 Case Thickness : 9.1 mm \u2022 Case Dimension : 20 x 9.1 mm \u2022 Case Materials : Stainless Steel \u2022 Strap Materials : Stainless Steel \u2022 Strap Color : Silver \u2022 Clasp Type : Butterfly Buckle \u2022 Water Resistant : 50 meter \u2022 Packing :      - Warranty Card     - User's Manual \u2022 Gender :Men",
        "categories": [
            "Fashion",
            "Watches & Jewelry",
            "Watches"
        ],
        "sku_id": "341940",
        "price": "29,300.00 THB",
        "primary_image": "https://img.kingpowerclick.com/cdn-cgi/image/format=auto/kingpower-com/image/upload/w_640,h_640/v1544696668/prod/341940-L2.jpg",
        "images": [
            "https://img.kingpowerclick.com/cdn-cgi/image/format=auto/kingpower-com/image/upload/w_640,h_640/v1544696662/prod/341940-L1.jpg",
            "https://img.kingpowerclick.com/cdn-cgi/image/format=auto/kingpower-com/image/upload/w_640,h_640/v1544696668/prod/341940-L2.jpg",
            "https://img.kingpowerclick.com/cdn-cgi/image/format=auto/kingpower-com/image/upload/w_640,h_640/v1544696674/prod/341940-L3.jpg",
            "https://img.kingpowerclick.com/cdn-cgi/image/format=auto/kingpower-com/image/upload/w_640,h_640/v1544696680/prod/341940-L4.jpg",
            "https://img.kingpowerclick.com/cdn-cgi/image/format=auto/kingpower-com/image/upload/w_640,h_640/v1544696686/prod/341940-L5.jpg"
        ]
    },
    {
        "brand_name": "MIDO",
        "brand_url": "https://www.kingpower.com/en/brand/mido",
        "product_url": "https://www.kingpower.com/en/product/mido-baroncelli-silver-dial-38-mm-black-strap",
        "product_name": "MIDO Baroncelli Silver dial 38mm (Black strap)",
        "description": "Automatic Mido caliber 80 (Base ETAC07.611). Power reserve up to 80 hours. Case in Stainless steel. Black leather strap. Sapphire crystal with double sided anti-reflection treatment. Water-resistance: 5 bar (50 m / 165 ft)  \u2022 Dial Color : Silver \u2022 Clock Face : Sapphire Crystal Anti-reflection treatment \u2022 Movement : Caliber 80 (Base ETA C07.611) \u2022 Movement type : Automatic \u2022 Case Width approx : 38 mm \u2022 Case Thickness : 9.1 mm \u2022 Case Dimension : 20 x 9.1 mm \u2022 Case Materials : Stainless Steel \u2022 Strap Materials : Leather \u2022 Strap Color : Black \u2022 Clasp Type : Butterfly Buckle \u2022 Water Resistant : 50 meter \u2022 Packing :      - Warranty Card     - User's Manual \u2022 Gender :Men Automatic Mido caliber 80 (Base ETAC07.611). Power reserve up to 80 hours. Case in Stainless steel. Black leather strap. Sapphire crystal with double sided anti-reflection treatment. Water-resistance: 5 bar (50 m / 165 ft)  \u2022 Dial Color : Silver \u2022 Clock Face : Sapphire Crystal Anti-reflection treatment \u2022 Movement : Caliber 80 (Base ETA C07.611) \u2022 Movement type : Automatic \u2022 Case Width approx : 38 mm \u2022 Case Thickness : 9.1 mm \u2022 Case Dimension : 20 x 9.1 mm \u2022 Case Materials : Stainless Steel \u2022 Strap Materials : Leather \u2022 Strap Color : Black \u2022 Clasp Type : Butterfly Buckle \u2022 Water Resistant : 50 meter \u2022 Packing :      - Warranty Card     - User's Manual \u2022 Gender :Men",
        "categories": [
            "Fashion",
            "Watches & Jewelry",
            "Watches"
        ],
        "sku_id": "491263",
        "price": "26,700.00 THB",
        "primary_image": "",
        "images": [
            "https://img.kingpowerclick.com/cdn-cgi/image/format=auto/kingpower-com/image/upload/w_640,h_640/v1544696662/prod/491263-L1.jpg"
        ]
    },
    {
        "brand_name": "MIDO",
        "brand_url": "https://www.kingpower.com/en/brand/mido",
        "product_url": "https://www.kingpower.com/en/product/mido-baroncelli-silver-dial-38-mm",
        "product_name": "MIDO Baroncelli Silver dial 38mm",
        "description": "Automatic Mido caliber 80 (Base ETAC07.611). Power reserve up to 80 hours. Case and Bracelet in Stainless steel. Sapphire crystal with double sided anti-reflection treatment. Water-resistance: 5 bar (50 m / 165 ft)  \u2022 Dial Color : Silver \u2022 Clock Face : Sapphire Crystal Anti-reflection treatment \u2022 Movement : Caliber 80 (Base ETA C07.611) \u2022 Movement type : Automatic \u2022 Case Width approx : 38 mm \u2022 Case Thickness : 9.1 mm \u2022 Case Dimension : 20 x 9.1 mm \u2022 Case Materials : Stainless Steel \u2022 Strap Materials : Stainless Steel \u2022 Strap Color : Silver \u2022 Clasp Type : Butterfly Buckle \u2022 Water Resistant : 50 meter \u2022 Packing :      - Warranty Card     - User's Manual \u2022 Gender :Men Automatic Mido caliber 80 (Base ETAC07.611). Power reserve up to 80 hours. Case and Bracelet in Stainless steel. Sapphire crystal with double sided anti-reflection treatment. Water-resistance: 5 bar (50 m / 165 ft)  \u2022 Dial Color : Silver \u2022 Clock Face : Sapphire Crystal Anti-reflection treatment \u2022 Movement : Caliber 80 (Base ETA C07.611) \u2022 Movement type : Automatic \u2022 Case Width approx : 38 mm \u2022 Case Thickness : 9.1 mm \u2022 Case Dimension : 20 x 9.1 mm \u2022 Case Materials : Stainless Steel \u2022 Strap Materials : Stainless Steel \u2022 Strap Color : Silver \u2022 Clasp Type : Butterfly Buckle \u2022 Water Resistant : 50 meter \u2022 Packing :      - Warranty Card     - User's Manual \u2022 Gender :Men",
        "categories": [
            "Fashion",
            "Watches & Jewelry",
            "Watches"
        ],
        "sku_id": "491262",
        "price": "29,300.00 THB",
        "primary_image": "https://img.kingpowerclick.com/cdn-cgi/image/format=auto/kingpower-com/image/upload/w_640,h_640/v1544696668/prod/491262-L2.jpg",
        "images": [
            "https://img.kingpowerclick.com/cdn-cgi/image/format=auto/kingpower-com/image/upload/w_640,h_640/v1544696662/prod/491262-L1.jpg",
            "https://img.kingpowerclick.com/cdn-cgi/image/format=auto/kingpower-com/image/upload/w_640,h_640/v1544696668/prod/491262-L2.jpg",
            "https://img.kingpowerclick.com/cdn-cgi/image/format=auto/kingpower-com/image/upload/w_640,h_640/v1544696674/prod/491262-L3.jpg",
            "https://img.kingpowerclick.com/cdn-cgi/image/format=auto/kingpower-com/image/upload/w_640,h_640/v1544696680/prod/491262-L4.jpg",
            "https://img.kingpowerclick.com/cdn-cgi/image/format=auto/kingpower-com/image/upload/w_640,h_640/v1544696686/prod/491262-L5.jpg"
        ]
    },
    {
        "brand_name": "MIDO",
        "brand_url": "https://www.kingpower.com/en/brand/mido",
        "product_url": "https://www.kingpower.com/en/product/mido-baroncelli-m-7600-4-67-1-29-mm",
        "product_name": "MIDO Baroncelli M7600.4.67.1 - 29 mm",
        "description": "The Baroncelli Tradition Swiss watch honours MIDO's watchmaking heritage in its most timeless form. The harmonious lines and subtle curves bestow both a rare sense of elegance and tradition on this classical collection. Fitted with latest-generation technology, the automatic movement can be admired through the transparent case back. SPECIFICATION: \u2022 Model: M7600.4.67.1 \u2022 Collection: Baroncelli Case \u2022 Shape: Round \u2022 Material:Stainless steel \u2022 Color : Silver \u2022 Back: See-through case back \u2022 Dimension: - Width : 29 mm - Thickness : 8.7 mm Dial and Hands \u2022 Color: Rhodium \u2022 Precious stones : Diamonds \u2022 Indexes : Applied indexes / Precious stones \u2022 Clock Face: Sapphire crystal with double sided anti-reflection treatment Movement and Functions \u2022 Movement Type: Automatic \u2022 Caliber: Automatic ETA 2671 \u2022 Functions : Date Strap \u2022 Strap Material: Stainless steel \u2022 Strap Color: Silver \u2022 Clasp Type : Folding clasp with push-buttons Other Features \u2022 Water Resistance: 5 bar (50 m / 165 ft) In the Box: \u2022 Watch Model : M7600.4.67.1 \u2022 Standard Watch Box \u2022 User's manual \u2022 Warranty Card  - Company reserves the right not to accept an exchange, a return or a refund after purchasing unless the defect or damage is caused by the manufacturing process or QC errors. The Baroncelli Tradition Swiss watch honours MIDO's watchmaking heritage in its most timeless form. The harmonious lines and subtle curves bestow both a rare sense of elegance and tradition on this classical collection. Fitted with latest-generation technology, the automatic movement can be admired through the transparent case back. SPECIFICATION: \u2022 Model: M7600.4.67.1 \u2022 Collection: Baroncelli Case \u2022 Shape: Round \u2022 Material:Stainless steel \u2022 Color : Silver \u2022 Back: See-through case back \u2022 Dimension: - Width : 29 mm - Thickness : 8.7 mm Dial and Hands \u2022 Color: Rhodium \u2022 Precious stones : Diamonds \u2022 Indexes : Applied indexes / Precious stones \u2022 Clock Face: Sapphire crystal with double sided anti-reflection treatment Movement and Functions \u2022 Movement Type: Automatic \u2022 Caliber: Automatic ETA 2671 \u2022 Functions : Date Strap \u2022 Strap Material: Stainless steel \u2022 Strap Color: Silver \u2022 Clasp Type : Folding clasp with push-buttons Other Features \u2022 Water Resistance: 5 bar (50 m / 165 ft) In the Box: \u2022 Watch Model : M7600.4.67.1 \u2022 Standard Watch Box \u2022 User's manual \u2022 Warranty Card  - Company reserves the right not to accept an exchange, a return or a refund after purchasing unless the defect or damage is caused by the manufacturing process or QC errors.",
        "categories": [
            "Fashion",
            "Watches & Jewelry",
            "Watches"
        ],
        "sku_id": "851882",
        "price": "37,900.00 THB",
        "primary_image": "",
        "images": [
            "https://img.kingpowerclick.com/cdn-cgi/image/format=auto/kingpower-com/image/upload/w_640,h_640/v1657774641/prod/851882-L1.jpg"
        ]
    },
    {
        "brand_name": "MIDO",
        "brand_url": "https://www.kingpower.com/en/brand/mido",
        "product_url": "https://www.kingpower.com/en/product/mido-baroncelli-lady-day-m-039-207-22-106-00-33-mm",
        "product_name": "MIDO Baroncelli Lady Day M039.207.22.106.00 - 33 mm",
        "description": "The classical Baroncelli Lady Day Swiss watch is an extremely feminine timepiece inspired by a historical model. With its harmonious lines, mother-of-pearl dial and diamonds, it is the final touch to a perfect day or night look. Its automatic movement furthermore offers a date function and up to 80 hours of power reserve. SPECIFICATION: \u2022 Model: M039.207.22.106.00 \u2022 Collection: Baroncelli Case \u2022 Shape: Round \u2022 Material: Stainless steel with rose gold PVD coating \u2022 Color : Rose Gold \u2022 Back: See-through case back \u2022 Dimension: - Width : 33 mm - Thickness: 9.9 mm Dial and Hands \u2022 Color: White mother-of-pearl \u2022 Precious stones : Diamonds \u2022 Indexes : Precious stones \u2022 Clock Face: Sapphire crystal with double sided anti-reflection treatment Movement and Functions \u2022 Movement Type: Automatic \u2022 Caliber: Automatic Mido Caliber 80 (base ETA C07.611) \u2022 Functions : Date Strap \u2022 Strap Material: Stainless steel \u2022 Strap Color: 2 tones (Silve & Rose Gold) \u2022 Clasp Type : Folding clasp with push-buttons Other Features \u2022 Water Resistance:  5 bar (50 m / 165 ft) In the Box: \u2022 Watch Model : M039.207.22.106.00 \u2022 Standard Watch Box \u2022 User's manual \u2022 Warranty Card  - Company reserves the right not to accept an exchange, a return or a refund after purchasing unless the defect or damage is caused by the manufacturing process or QC errors. The classical Baroncelli Lady Day Swiss watch is an extremely feminine timepiece inspired by a historical model. With its harmonious lines, mother-of-pearl dial and diamonds, it is the final touch to a perfect day or night look. Its automatic movement furthermore offers a date function and up to 80 hours of power reserve. SPECIFICATION: \u2022 Model: M039.207.22.106.00 \u2022 Collection: Baroncelli Case \u2022 Shape: Round \u2022 Material: Stainless steel with rose gold PVD coating \u2022 Color : Rose Gold \u2022 Back: See-through case back \u2022 Dimension: - Width : 33 mm - Thickness: 9.9 mm Dial and Hands \u2022 Color: White mother-of-pearl \u2022 Precious stones : Diamonds \u2022 Indexes : Precious stones \u2022 Clock Face: Sapphire crystal with double sided anti-reflection treatment Movement and Functions \u2022 Movement Type: Automatic \u2022 Caliber: Automatic Mido Caliber 80 (base ETA C07.611) \u2022 Functions : Date Strap \u2022 Strap Material: Stainless steel \u2022 Strap Color: 2 tones (Silve & Rose Gold) \u2022 Clasp Type : Folding clasp with push-buttons Other Features \u2022 Water Resistance:  5 bar (50 m / 165 ft) In the Box: \u2022 Watch Model : M039.207.22.106.00 \u2022 Standard Watch Box \u2022 User's manual \u2022 Warranty Card  - Company reserves the right not to accept an exchange, a return or a refund after purchasing unless the defect or damage is caused by the manufacturing process or QC errors.",
        "categories": [
            "Fashion",
            "Watches & Jewelry",
            "Watches"
        ],
        "sku_id": "812403",
        "price": "40,600.00 THB",
        "primary_image": "https://img.kingpowerclick.com/cdn-cgi/image/format=auto/kingpower-com/image/upload/w_640,h_640/v1657774641/prod/812403-L2.jpg",
        "images": [
            "https://img.kingpowerclick.com/cdn-cgi/image/format=auto/kingpower-com/image/upload/w_640,h_640/v1657774641/prod/812403-L1.jpg",
            "https://img.kingpowerclick.com/cdn-cgi/image/format=auto/kingpower-com/image/upload/w_640,h_640/v1657774641/prod/812403-L2.jpg",
            "https://img.kingpowerclick.com/cdn-cgi/image/format=auto/kingpower-com/image/upload/w_640,h_640/v1657774641/prod/812403-L3.jpg"
        ]
    },
    {
        "brand_name": "MIDO",
        "brand_url": "https://www.kingpower.com/en/brand/mido",
        "product_url": "https://www.kingpower.com/en/product/mido-baroncelli-lady-twenty-five-m-039-007-11-106-00-25-mm",
        "product_name": "MIDO Baroncelli Lady Twenty Five M039.007.11.106.00 - 25 mm",
        "description": "It may be small, but the Baroncelli Lady Twenty Five Swiss watch knows how to be the centre of attention. Everything is harmoniously incorporated inside the polished steel case, its 25 mm in diameter presenting graceful and balanced lines. Timelessly chic, this classic timepiece refuses to be confined by trends and is brought to life by an automatic movement enhanced with a Nivachron\u2122 balance-spring. SPECIFICATION: \u2022 Model: M039.007.11.106.00 \u2022 Collection: Baroncelli Case \u2022 Shape: Round \u2022 Material: Stainless steel \u2022 Color : Silver \u2022 Back: See-through case back \u2022 Dimension: - Width : 25 mm - Thickness: 9.1 mm Dial and Hands \u2022 Color: White mother-of-pearl \u2022 Precious stones : Diamonds \u2022 Indexes : Precious stones \u2022 Clock Face: Sapphire crystal with double sided anti-reflection treatment Movement and Functions \u2022 Movement Type: Automatic \u2022 Caliber: Automatic Mido Caliber 48 (base ETA C26.111) \u2022 Functions : Date Strap \u2022 Strap Material: Stainless steel \u2022 Strap Color: Silver \u2022 Clasp Type : Folding clasp with push-buttons Other Features \u2022 Water Resistance:  In the Box: \u2022 Watch Model : M039.007.11.106.00 \u2022 Standard Watch Box \u2022 User's manual \u2022 Warranty Card  - Company reserves the right not to accept an exchange, a return or a refund after purchasing unless the defect or damage is caused by the manufacturing process or QC errors. It may be small, but the Baroncelli Lady Twenty Five Swiss watch knows how to be the centre of attention. Everything is harmoniously incorporated inside the polished steel case, its 25 mm in diameter presenting graceful and balanced lines. Timelessly chic, this classic timepiece refuses to be confined by trends and is brought to life by an automatic movement enhanced with a Nivachron\u2122 balance-spring. SPECIFICATION: \u2022 Model: M039.007.11.106.00 \u2022 Collection: Baroncelli Case \u2022 Shape: Round \u2022 Material: Stainless steel \u2022 Color : Silver \u2022 Back: See-through case back \u2022 Dimension: - Width : 25 mm - Thickness: 9.1 mm Dial and Hands \u2022 Color: White mother-of-pearl \u2022 Precious stones : Diamonds \u2022 Indexes : Precious stones \u2022 Clock Face: Sapphire crystal with double sided anti-reflection treatment Movement and Functions \u2022 Movement Type: Automatic \u2022 Caliber: Automatic Mido Caliber 48 (base ETA C26.111) \u2022 Functions : Date Strap \u2022 Strap Material: Stainless steel \u2022 Strap Color: Silver \u2022 Clasp Type : Folding clasp with push-buttons Other Features \u2022 Water Resistance:  In the Box: \u2022 Watch Model : M039.007.11.106.00 \u2022 Standard Watch Box \u2022 User's manual \u2022 Warranty Card  - Company reserves the right not to accept an exchange, a return or a refund after purchasing unless the defect or damage is caused by the manufacturing process or QC errors.",
        "categories": [
            "Fashion",
            "Watches & Jewelry",
            "Watches"
        ],
        "sku_id": "872734",
        "price": "31,400.00 THB",
        "primary_image": "https://img.kingpowerclick.com/cdn-cgi/image/format=auto/kingpower-com/image/upload/w_640,h_640/v1657774641/prod/872734-L2.jpg",
        "images": [
            "https://img.kingpowerclick.com/cdn-cgi/image/format=auto/kingpower-com/image/upload/w_640,h_640/v1657774641/prod/872734-L1.jpg",
            "https://img.kingpowerclick.com/cdn-cgi/image/format=auto/kingpower-com/image/upload/w_640,h_640/v1657774641/prod/872734-L2.jpg",
            "https://img.kingpowerclick.com/cdn-cgi/image/format=auto/kingpower-com/image/upload/w_640,h_640/v1657774641/prod/872734-L3.jpg"
        ]
    },
    {
        "brand_name": "MIDO",
        "brand_url": "https://www.kingpower.com/en/brand/mido",
        "product_url": "https://www.kingpower.com/en/product/mido-baroncelli-lady-twenty-five-m-039-007-22-106-00-25-mm",
        "product_name": "MIDO Baroncelli Lady Twenty Five M039.007.22.106.00 - 25 mm",
        "description": "It may be small, but the Baroncelli Lady Twenty Five Swiss watch knows how to be the centre of attention. Everything is harmoniously incorporated inside the polished steel case, its 25 mm in diameter presenting graceful and balanced lines. Timelessly chic, this classic timepiece refuses to be confined by trends and is brought to life by an automatic movement enhanced with a Nivachron\u2122 balance-spring. SPECIFICATION: \u2022 Model: M039.007.22.106.00 \u2022 Collection: Baroncelli Case \u2022 Shape: Round \u2022 Material: Stainless steel with rose gold PVD coating \u2022 Color : Rose Gold \u2022 Back: See-through case back \u2022 Dimension: - Width : 25 mm - Thickness: 9.1 mm Dial and Hands \u2022 Color: White mother-of-pearl \u2022 Precious stones : Diamonds \u2022 Indexes : Precious stones \u2022 Clock Face: Sapphire crystal with double sided anti-reflection treatment Movement and Functions \u2022 Movement Type:  Automatic \u2022 Caliber: Automatic Mido Caliber 48 (base ETA C26.111) \u2022 Functions : Date Strap \u2022 Strap Material: \u2022 Strap Color:  Silver \u2022 Clasp Type : Folding clasp with push-buttons Other Features \u2022 Water Resistance:  5 bar (50 m / 165 ft) In the Box: \u2022 Watch Model : M039.007.22.106.00 \u2022 Standard Watch Box \u2022 User's manual \u2022 Warranty Card  - Company reserves the right not to accept an exchange, a return or a refund after purchasing unless the defect or damage is caused by the manufacturing process or QC errors. It may be small, but the Baroncelli Lady Twenty Five Swiss watch knows how to be the centre of attention. Everything is harmoniously incorporated inside the polished steel case, its 25 mm in diameter presenting graceful and balanced lines. Timelessly chic, this classic timepiece refuses to be confined by trends and is brought to life by an automatic movement enhanced with a Nivachron\u2122 balance-spring. SPECIFICATION: \u2022 Model: M039.007.22.106.00 \u2022 Collection: Baroncelli Case \u2022 Shape: Round \u2022 Material: Stainless steel with rose gold PVD coating \u2022 Color : Rose Gold \u2022 Back: See-through case back \u2022 Dimension: - Width : 25 mm - Thickness: 9.1 mm Dial and Hands \u2022 Color: White mother-of-pearl \u2022 Precious stones : Diamonds \u2022 Indexes : Precious stones \u2022 Clock Face: Sapphire crystal with double sided anti-reflection treatment Movement and Functions \u2022 Movement Type:  Automatic \u2022 Caliber: Automatic Mido Caliber 48 (base ETA C26.111) \u2022 Functions : Date Strap \u2022 Strap Material: \u2022 Strap Color:  Silver \u2022 Clasp Type : Folding clasp with push-buttons Other Features \u2022 Water Resistance:  5 bar (50 m / 165 ft) In the Box: \u2022 Watch Model : M039.007.22.106.00 \u2022 Standard Watch Box \u2022 User's manual \u2022 Warranty Card  - Company reserves the right not to accept an exchange, a return or a refund after purchasing unless the defect or damage is caused by the manufacturing process or QC errors.",
        "categories": [
            "Fashion",
            "Watches & Jewelry",
            "Watches"
        ],
        "sku_id": "872735",
        "price": "36,600.00 THB",
        "primary_image": "https://img.kingpowerclick.com/cdn-cgi/image/format=auto/kingpower-com/image/upload/w_640,h_640/v1657774641/prod/872735-L2.jpg",
        "images": [
            "https://img.kingpowerclick.com/cdn-cgi/image/format=auto/kingpower-com/image/upload/w_640,h_640/v1657774641/prod/872735-L1.jpg",
            "https://img.kingpowerclick.com/cdn-cgi/image/format=auto/kingpower-com/image/upload/w_640,h_640/v1657774641/prod/872735-L2.jpg",
            "https://img.kingpowerclick.com/cdn-cgi/image/format=auto/kingpower-com/image/upload/w_640,h_640/v1657774641/prod/872735-L3.jpg"
        ]
    },
    {
        "brand_name": "MIDO",
        "brand_url": "https://www.kingpower.com/en/brand/mido",
        "product_url": "https://www.kingpower.com/en/product/mido-baroncelli-m-027-407-11-010-00-39-mm",
        "product_name": "MIDO Baroncelli M027.407.11.010.00 - 39 mm",
        "description": "Designed as a pair, the Baroncelli Heritage Swiss watches are distinguished by their lightness, slimness and extremely pure lines provided by their double-sided hands and double gadroon. Fitted with an automatic movement, these classical and timeless timepieces are the perfect expression of Mido's expertise. SPECIFICATION: \u2022 Model: M027.407.11.010.00 \u2022 Collection: Baroncelli Case \u2022 Shape: Round \u2022 Material: Stainless steel \u2022 Color : Silver \u2022 Back: See-through case back \u2022 Dimension: - Width : 39 mm - Thickness : 7.3 mm Dial and Hands \u2022 Color: White \u2022 Indexes : Applied indexes \u2022 Clock Face: Sapphire crystal with double sided anti-reflection treatment Movement and Functions \u2022 Movement Type:  Automatic \u2022 Caliber: Automatic Mido 1192 (base ETA 2892A2) \u2022 Functions : Date Strap \u2022 Strap Material:Stainless steel \u2022 Strap Color: Silver \u2022 Clasp Type : Folding clasp with push-buttons Other Features \u2022 Water Resistance: 3 bar (30 m / 100 ft) In the Box: \u2022 Watch Model : M027.407.11.010.00 \u2022 Standard Watch Box \u2022 User's manual \u2022 Warranty Card  - Company reserves the right not to accept an exchange, a return or a refund after purchasing unless the defect or damage is caused by the manufacturing process or QC errors. Designed as a pair, the Baroncelli Heritage Swiss watches are distinguished by their lightness, slimness and extremely pure lines provided by their double-sided hands and double gadroon. Fitted with an automatic movement, these classical and timeless timepieces are the perfect expression of Mido's expertise. SPECIFICATION: \u2022 Model: M027.407.11.010.00 \u2022 Collection: Baroncelli Case \u2022 Shape: Round \u2022 Material: Stainless steel \u2022 Color : Silver \u2022 Back: See-through case back \u2022 Dimension: - Width : 39 mm - Thickness : 7.3 mm Dial and Hands \u2022 Color: White \u2022 Indexes : Applied indexes \u2022 Clock Face: Sapphire crystal with double sided anti-reflection treatment Movement and Functions \u2022 Movement Type:  Automatic \u2022 Caliber: Automatic Mido 1192 (base ETA 2892A2) \u2022 Functions : Date Strap \u2022 Strap Material:Stainless steel \u2022 Strap Color: Silver \u2022 Clasp Type : Folding clasp with push-buttons Other Features \u2022 Water Resistance: 3 bar (30 m / 100 ft) In the Box: \u2022 Watch Model : M027.407.11.010.00 \u2022 Standard Watch Box \u2022 User's manual \u2022 Warranty Card  - Company reserves the right not to accept an exchange, a return or a refund after purchasing unless the defect or damage is caused by the manufacturing process or QC errors.",
        "categories": [
            "Fashion",
            "Watches & Jewelry",
            "Watches"
        ],
        "sku_id": "851881",
        "price": "38,100.00 THB",
        "primary_image": "https://img.kingpowerclick.com/cdn-cgi/image/format=auto/kingpower-com/image/upload/w_640,h_640/v1657774641/prod/851881-L2.jpg",
        "images": [
            "https://img.kingpowerclick.com/cdn-cgi/image/format=auto/kingpower-com/image/upload/w_640,h_640/v1657774641/prod/851881-L1.jpg",
            "https://img.kingpowerclick.com/cdn-cgi/image/format=auto/kingpower-com/image/upload/w_640,h_640/v1657774641/prod/851881-L2.jpg",
            "https://img.kingpowerclick.com/cdn-cgi/image/format=auto/kingpower-com/image/upload/w_640,h_640/v1657774641/prod/851881-L3.jpg",
            "https://img.kingpowerclick.com/cdn-cgi/image/format=auto/kingpower-com/image/upload/w_640,h_640/v1657774641/prod/851881-L4.jpg",
            "https://img.kingpowerclick.com/cdn-cgi/image/format=auto/kingpower-com/image/upload/w_640,h_640/v1657774641/prod/851881-L5.jpg"
        ]
    },
    {
        "brand_name": "MIDO",
        "brand_url": "https://www.kingpower.com/en/brand/mido",
        "product_url": "https://www.kingpower.com/en/product/mido-baroncelli-midnight-blue-gent-m-8600-4-15-1-38-mm",
        "product_name": "MIDO Baroncelli Midnight Blue Gent M8600.4.15.1 - 38 mm",
        "description": "The Baroncelli Tradition Swiss watch honours MIDO's watchmaking heritage in its most timeless form. The harmonious lines and subtle curves bestow both a rare sense of elegance and tradition on this classical collection. Fitted with latest-generation technology, the automatic movement can be admired through the transparent case back. SPECIFICATION: \u2022 Model: M8600.4.15.1 \u2022 Collection: Baroncelli Case \u2022 Shape: Round \u2022 Material: Stainless steel \u2022 Color : Silver \u2022 Back: See-through case back \u2022 Dimension: - Width : 38 mm - Thickness: 9.1 mm Dial and Hands \u2022 Color: Blue \u2022 Indexes : Applied indexes \u2022 Clock Face: Sapphire crystal with double sided anti-reflection treatment Movement and Functions \u2022 Movement Type: Automatic \u2022 Caliber: Automatic Mido Caliber 80 (base ETA C07.611) \u2022 Functions : Date Strap \u2022 Strap Material: Stainless steel \u2022 Strap Color: Silver \u2022 Clasp Type : Folding clasp with push-buttons Other Features \u2022 Water Resistance:  In the Box: \u2022 Watch Model : M8600.4.15.1 \u2022 Standard Watch Box \u2022 User's manual \u2022 Warranty Card  - Company reserves the right not to accept an exchange, a return or a refund after purchasing unless the defect or damage is caused by the manufacturing process or QC errors. The Baroncelli Tradition Swiss watch honours MIDO's watchmaking heritage in its most timeless form. The harmonious lines and subtle curves bestow both a rare sense of elegance and tradition on this classical collection. Fitted with latest-generation technology, the automatic movement can be admired through the transparent case back. SPECIFICATION: \u2022 Model: M8600.4.15.1 \u2022 Collection: Baroncelli Case \u2022 Shape: Round \u2022 Material: Stainless steel \u2022 Color : Silver \u2022 Back: See-through case back \u2022 Dimension: - Width : 38 mm - Thickness: 9.1 mm Dial and Hands \u2022 Color: Blue \u2022 Indexes : Applied indexes \u2022 Clock Face: Sapphire crystal with double sided anti-reflection treatment Movement and Functions \u2022 Movement Type: Automatic \u2022 Caliber: Automatic Mido Caliber 80 (base ETA C07.611) \u2022 Functions : Date Strap \u2022 Strap Material: Stainless steel \u2022 Strap Color: Silver \u2022 Clasp Type : Folding clasp with push-buttons Other Features \u2022 Water Resistance:  In the Box: \u2022 Watch Model : M8600.4.15.1 \u2022 Standard Watch Box \u2022 User's manual \u2022 Warranty Card  - Company reserves the right not to accept an exchange, a return or a refund after purchasing unless the defect or damage is caused by the manufacturing process or QC errors.",
        "categories": [
            "Fashion",
            "Watches & Jewelry",
            "Watches"
        ],
        "sku_id": "872733",
        "price": "29,300.00 THB",
        "primary_image": "https://img.kingpowerclick.com/cdn-cgi/image/format=auto/kingpower-com/image/upload/w_640,h_640/v1657774641/prod/872733-L2.jpg",
        "images": [
            "https://img.kingpowerclick.com/cdn-cgi/image/format=auto/kingpower-com/image/upload/w_640,h_640/v1657774641/prod/872733-L1.jpg",
            "https://img.kingpowerclick.com/cdn-cgi/image/format=auto/kingpower-com/image/upload/w_640,h_640/v1657774641/prod/872733-L2.jpg"
        ]
    },
    {
        "brand_name": "MIDO",
        "brand_url": "https://www.kingpower.com/en/brand/mido",
        "product_url": "https://www.kingpower.com/en/product/mido-baroncelli-m-7600-9-67-1-29-mm",
        "product_name": "MIDO Baroncelli M7600.9.67.1 - 29 mm",
        "description": "The Baroncelli Tradition Swiss watch honors MIDO's watchmaking heritage in its most timeless form. The harmonious lines and subtle curves bestow both a rare sense of elegance and tradition on this classical collection. Fitted with latest-generation technology, the automatic movement can be admired through the transparent case back. SPECIFICATION: \u2022 Model: M7600.9.67.1 \u2022 Collection: Baroncelli Case \u2022 Shape: Round \u2022 Material: Stainless steel with rose gold PVD coating \u2022 Color : Rose Gold \u2022 Back: See-through case back \u2022 Dimension: - Width : 29 mm - Thickness: 8.7 mm Dial and Hands \u2022 Color: Bronze \u2022 Precious stones : Diamonds \u2022 Indexes : Applied indexes / Precious stones \u2022 Clock Face: Sapphire crystal with double sided anti-reflection treatment Movement and Functions \u2022 Movement Type: Automatic \u2022 Caliber: Automatic ETA 2671 \u2022 Functions : Date Strap \u2022 Strap Material: Stainless steel \u2022 Strap Color:  2 tones \u2022 Clasp Type : Folding clasp with push-buttons Other Features \u2022 Water Resistance: 5 bar (50 m / 165 ft) In the Box: \u2022 Watch Model : M7600.9.67.1 \u2022 Standard Watch Box \u2022 User's manual \u2022 Warranty Card  - Company reserves the right not to accept an exchange, a return or a refund after purchasing unless the defect or damage is caused by the manufacturing process or QC errors. The Baroncelli Tradition Swiss watch honors MIDO's watchmaking heritage in its most timeless form. The harmonious lines and subtle curves bestow both a rare sense of elegance and tradition on this classical collection. Fitted with latest-generation technology, the automatic movement can be admired through the transparent case back. SPECIFICATION: \u2022 Model: M7600.9.67.1 \u2022 Collection: Baroncelli Case \u2022 Shape: Round \u2022 Material: Stainless steel with rose gold PVD coating \u2022 Color : Rose Gold \u2022 Back: See-through case back \u2022 Dimension: - Width : 29 mm - Thickness: 8.7 mm Dial and Hands \u2022 Color: Bronze \u2022 Precious stones : Diamonds \u2022 Indexes : Applied indexes / Precious stones \u2022 Clock Face: Sapphire crystal with double sided anti-reflection treatment Movement and Functions \u2022 Movement Type: Automatic \u2022 Caliber: Automatic ETA 2671 \u2022 Functions : Date Strap \u2022 Strap Material: Stainless steel \u2022 Strap Color:  2 tones \u2022 Clasp Type : Folding clasp with push-buttons Other Features \u2022 Water Resistance: 5 bar (50 m / 165 ft) In the Box: \u2022 Watch Model : M7600.9.67.1 \u2022 Standard Watch Box \u2022 User's manual \u2022 Warranty Card  - Company reserves the right not to accept an exchange, a return or a refund after purchasing unless the defect or damage is caused by the manufacturing process or QC errors.",
        "categories": [
            "Fashion",
            "Watches & Jewelry",
            "Watches"
        ],
        "sku_id": "743555",
        "price": "43,100.00 THB",
        "primary_image": "",
        "images": [
            "https://img.kingpowerclick.com/cdn-cgi/image/format=auto/kingpower-com/image/upload/w_640,h_640/v1657774641/prod/743555-L1.jpg"
        ]
    },
    {
        "brand_name": "MIDO",
        "brand_url": "https://www.kingpower.com/en/brand/mido",
        "product_url": "https://www.kingpower.com/en/product/mido-baroncelli-m-7600-4-21-1-29-mm",
        "product_name": "MIDO Baroncelli M7600.4.21.1 - 29 mm",
        "description": "The Baroncelli Tradition Swiss watch honors MIDO's watchmaking heritage in its most timeless form. The harmonious lines and subtle curves bestow both a rare sense of elegance and tradition on this classical collection. Fitted with latest-generation technology, the automatic movement can be admired through the transparent case back. SPECIFICATION: \u2022 Model: M7600.4.21.1 \u2022 Collection: Baroncelli Case \u2022 Shape: Round \u2022 Material: Stainless steel \u2022 Color : Silver \u2022 Back: See-through case back \u2022 Dimension: - Width : 29 mm - Depth: 8.7 mm - Thickness: mm Dial and Hands \u2022 Color: Silver \u2022 Indexes : Roman numerals \u2022 Clock Face: Sapphire crystal with double sided anti-reflection treatment Movement and Functions \u2022 Movement Type: Automatic \u2022 Caliber: Automatic ETA 2671 \u2022 Functions : Date Strap \u2022 Strap Material: Stainless steel \u2022 Strap Color: Silver \u2022 Clasp Type : Folding clasp with push-buttons Other Features \u2022 Water Resistance: 5 bar (50 m / 165 ft) In the Box: \u2022 Watch Model : M7600.4.21.1 \u2022 Standard Watch Box \u2022 User's manual \u2022 Warranty Card  - Company reserves the right not to accept an exchange, a return or a refund after purchasing unless the defect or damage is caused by the manufacturing process or QC errors. The Baroncelli Tradition Swiss watch honors MIDO's watchmaking heritage in its most timeless form. The harmonious lines and subtle curves bestow both a rare sense of elegance and tradition on this classical collection. Fitted with latest-generation technology, the automatic movement can be admired through the transparent case back. SPECIFICATION: \u2022 Model: M7600.4.21.1 \u2022 Collection: Baroncelli Case \u2022 Shape: Round \u2022 Material: Stainless steel \u2022 Color : Silver \u2022 Back: See-through case back \u2022 Dimension: - Width : 29 mm - Depth: 8.7 mm - Thickness: mm Dial and Hands \u2022 Color: Silver \u2022 Indexes : Roman numerals \u2022 Clock Face: Sapphire crystal with double sided anti-reflection treatment Movement and Functions \u2022 Movement Type: Automatic \u2022 Caliber: Automatic ETA 2671 \u2022 Functions : Date Strap \u2022 Strap Material: Stainless steel \u2022 Strap Color: Silver \u2022 Clasp Type : Folding clasp with push-buttons Other Features \u2022 Water Resistance: 5 bar (50 m / 165 ft) In the Box: \u2022 Watch Model : M7600.4.21.1 \u2022 Standard Watch Box \u2022 User's manual \u2022 Warranty Card  - Company reserves the right not to accept an exchange, a return or a refund after purchasing unless the defect or damage is caused by the manufacturing process or QC errors.",
        "categories": [
            "Fashion",
            "Watches & Jewelry",
            "Watches"
        ],
        "sku_id": "491258",
        "price": "29,300.00 THB",
        "primary_image": "https://img.kingpowerclick.com/cdn-cgi/image/format=auto/kingpower-com/image/upload/w_640,h_640/v1657774641/prod/491258-L2.jpg",
        "images": [
            "https://img.kingpowerclick.com/cdn-cgi/image/format=auto/kingpower-com/image/upload/w_640,h_640/v1657774641/prod/491258-L1.jpg",
            "https://img.kingpowerclick.com/cdn-cgi/image/format=auto/kingpower-com/image/upload/w_640,h_640/v1657774641/prod/491258-L2.jpg",
            "https://img.kingpowerclick.com/cdn-cgi/image/format=auto/kingpower-com/image/upload/w_640,h_640/v1657774641/prod/491258-L3.jpg"
        ]
    },
    {
        "brand_name": "MIDO",
        "brand_url": "https://www.kingpower.com/en/brand/mido",
        "product_url": "https://www.kingpower.com/en/product/mido-commander-chronometer-m-021-431-11-061-00-40-mm",
        "product_name": "MIDO Commander Chronometer M021.431.11.061.00 - 40 mm",
        "description": "This Commander Swiss watch adapts the iconic piece to the modern codes. Featuring the latest MIDO logo and a graduated dial, it also has a sapphire bevelled glass. Its automatic movement is chronometer certified and offers up to 80 hours of power reserve. SPECIFICATION: \u2022 Model: M021.431.11.061.00 \u2022 Collection: Commander Case \u2022 Shape: Round \u2022 Material: Stainless steel \u2022 Color : Silver \u2022 Back: See-through case back \u2022 Dimension: - Width : 40 mm - Thickness: 11.3 mm Dial and Hands \u2022 Color: Anthracite \u2022 Indexes : Applied indexes \u2022 Clock Face: Sapphire crystal  Movement and Functions \u2022 Movement Type: Automatic Chronometer \u2022 Caliber: Automatic Mido Caliber 80 (base ETA C07.821) COSC \u2022 Functions : Date, Day, Silicon, Chronometer COSC Strap \u2022 Strap Material: Stainless steel \u2022 Strap Color: Silver \u2022 Clasp Type :Folding clasp with push-buttons Other Features \u2022 Water Resistance: 5 bar (50 m / 165 ft) In the Box: \u2022 Watch Model : M021.431.11.061.00 \u2022 Standard Watch Box \u2022 User's manual \u2022 Warranty Card  - Company reserves the right not to accept an exchange, a return or a refund after purchasing unless the defect or damage is caused by the manufacturing process or QC errors. This Commander Swiss watch adapts the iconic piece to the modern codes. Featuring the latest MIDO logo and a graduated dial, it also has a sapphire bevelled glass. Its automatic movement is chronometer certified and offers up to 80 hours of power reserve. SPECIFICATION: \u2022 Model: M021.431.11.061.00 \u2022 Collection: Commander Case \u2022 Shape: Round \u2022 Material: Stainless steel \u2022 Color : Silver \u2022 Back: See-through case back \u2022 Dimension: - Width : 40 mm - Thickness: 11.3 mm Dial and Hands \u2022 Color: Anthracite \u2022 Indexes : Applied indexes \u2022 Clock Face: Sapphire crystal  Movement and Functions \u2022 Movement Type: Automatic Chronometer \u2022 Caliber: Automatic Mido Caliber 80 (base ETA C07.821) COSC \u2022 Functions : Date, Day, Silicon, Chronometer COSC Strap \u2022 Strap Material: Stainless steel \u2022 Strap Color: Silver \u2022 Clasp Type :Folding clasp with push-buttons Other Features \u2022 Water Resistance: 5 bar (50 m / 165 ft) In the Box: \u2022 Watch Model : M021.431.11.061.00 \u2022 Standard Watch Box \u2022 User's manual \u2022 Warranty Card  - Company reserves the right not to accept an exchange, a return or a refund after purchasing unless the defect or damage is caused by the manufacturing process or QC errors.",
        "categories": [
            "Fashion",
            "Watches & Jewelry",
            "Watches"
        ],
        "sku_id": "708896",
        "price": "46,700.00 THB",
        "primary_image": "https://img.kingpowerclick.com/cdn-cgi/image/format=auto/kingpower-com/image/upload/w_640,h_640/v1657774641/prod/708896-L2.jpg",
        "images": [
            "https://img.kingpowerclick.com/cdn-cgi/image/format=auto/kingpower-com/image/upload/w_640,h_640/v1657774641/prod/708896-L1.jpg",
            "https://img.kingpowerclick.com/cdn-cgi/image/format=auto/kingpower-com/image/upload/w_640,h_640/v1657774641/prod/708896-L2.jpg",
            "https://img.kingpowerclick.com/cdn-cgi/image/format=auto/kingpower-com/image/upload/w_640,h_640/v1657774641/prod/708896-L3.jpg"
        ]
    },
    {
        "brand_name": "MIDO",
        "brand_url": "https://www.kingpower.com/en/brand/mido",
        "product_url": "https://www.kingpower.com/en/product/mido-commander-big-date-m-021-626-33-061-00-42-mm",
        "product_name": "MIDO Commander Big Date M021.626.33.061.00 - 42 mm",
        "description": "The Commander Big Date Swiss watch celebrated the 100th anniversary of the brand in 2018. Its large date aperture at 6 o'clock offers unrivalled date legibility. The sunray satin-finished dial is extremely pure and protected by an elegant round case in satin-finished stainless steel and enhanced by a polished bezel. This anthology and iconic piece is fitted with the Caliber 80, an automatic watch movement that offers up to 80 hours of power reserve. SPECIFICATION: \u2022 Model: M021.626.33.061.00 \u2022 Collection: Commander Case \u2022 Shape: Round \u2022 Material: Stainless steel with anthracite PVD coating \u2022 Back: See-through case back \u2022 Dimension: - Width : 42 mm - Thickness: 12 mm Dial and Hands \u2022 Color: Anthracite \u2022 Indexes : Applied indexes \u2022 Clock Face: Sapphire crystal Movement and Functions \u2022 Movement Type: Automatic \u2022 Caliber: Automatic Mido Caliber 80 (base ETA C07.651) \u2022 Functions : Big Date Strap \u2022 Strap Material: Stainless steel \u2022 Clasp Type : Folding clasp with push-buttons Other Features \u2022 Water Resistance: 5 bar (50 m / 165 ft) In the Box: \u2022 Watch Model : M021.626.33.061.00 \u2022 Standard Watch Box \u2022 User's manual \u2022 Warranty Card  - Company reserves the right not to accept an exchange, a return or a refund after purchasing unless the defect or damage is caused by the manufacturing process or QC errors. The Commander Big Date Swiss watch celebrated the 100th anniversary of the brand in 2018. Its large date aperture at 6 o'clock offers unrivalled date legibility. The sunray satin-finished dial is extremely pure and protected by an elegant round case in satin-finished stainless steel and enhanced by a polished bezel. This anthology and iconic piece is fitted with the Caliber 80, an automatic watch movement that offers up to 80 hours of power reserve. SPECIFICATION: \u2022 Model: M021.626.33.061.00 \u2022 Collection: Commander Case \u2022 Shape: Round \u2022 Material: Stainless steel with anthracite PVD coating \u2022 Back: See-through case back \u2022 Dimension: - Width : 42 mm - Thickness: 12 mm Dial and Hands \u2022 Color: Anthracite \u2022 Indexes : Applied indexes \u2022 Clock Face: Sapphire crystal Movement and Functions \u2022 Movement Type: Automatic \u2022 Caliber: Automatic Mido Caliber 80 (base ETA C07.651) \u2022 Functions : Big Date Strap \u2022 Strap Material: Stainless steel \u2022 Clasp Type : Folding clasp with push-buttons Other Features \u2022 Water Resistance: 5 bar (50 m / 165 ft) In the Box: \u2022 Watch Model : M021.626.33.061.00 \u2022 Standard Watch Box \u2022 User's manual \u2022 Warranty Card  - Company reserves the right not to accept an exchange, a return or a refund after purchasing unless the defect or damage is caused by the manufacturing process or QC errors.",
        "categories": [
            "Fashion",
            "Watches & Jewelry",
            "Watches"
        ],
        "sku_id": "872750",
        "price": "40,800.00 THB",
        "primary_image": "https://img.kingpowerclick.com/cdn-cgi/image/format=auto/kingpower-com/image/upload/w_640,h_640/v1657774641/prod/872750-L2.jpg",
        "images": [
            "https://img.kingpowerclick.com/cdn-cgi/image/format=auto/kingpower-com/image/upload/w_640,h_640/v1657774641/prod/872750-L1.jpg",
            "https://img.kingpowerclick.com/cdn-cgi/image/format=auto/kingpower-com/image/upload/w_640,h_640/v1657774641/prod/872750-L2.jpg",
            "https://img.kingpowerclick.com/cdn-cgi/image/format=auto/kingpower-com/image/upload/w_640,h_640/v1657774641/prod/872750-L3.jpg",
            "https://img.kingpowerclick.com/cdn-cgi/image/format=auto/kingpower-com/image/upload/w_640,h_640/v1657774641/prod/872750-L4.jpg",
            "https://img.kingpowerclick.com/cdn-cgi/image/format=auto/kingpower-com/image/upload/w_640,h_640/v1657774641/prod/872750-L5.jpg",
            "https://img.kingpowerclick.com/cdn-cgi/image/format=auto/kingpower-com/image/upload/w_640,h_640/v1657774641/prod/872750-L6.jpg"
        ]
    },
    {
        "brand_name": "MIDO",
        "brand_url": "https://www.kingpower.com/en/brand/mido",
        "product_url": "https://www.kingpower.com/en/product/mido-commander-big-date-m-021-626-11-031-00-42-mm",
        "product_name": "MIDO Commander Big Date M021.626.11.031.00 - 42 mm",
        "description": "The Commander Big Date Swiss watch celebrated the 100th anniversary of the brand in 2018. Its large date aperture at 6 o'clock offers unrivalled date legibility. The sunray satin-finished dial is extremely pure and protected by an elegant round case in satin-finished stainless steel and enhanced by a polished bezel. This anthology and iconic piece is fitted with the Caliber 80, an automatic watch movement that offers up to 80 hours of power reserve. SPECIFICATION: \u2022 Model: M021.626.11.031.00 \u2022 Collection: Commander Case \u2022 Shape: Round \u2022 Material: Stainless steel \u2022 Color : Silver \u2022 Back: See-through case back \u2022 Dimension: - Width : 42 mm - Thickness: 12 mm Dial and Hands \u2022 Color: Silver \u2022 Indexes : Applied indexes \u2022 Clock Face: Sapphire crystal Movement and Functions \u2022 Movement Type: Automatic \u2022 Caliber: Automatic MIDO Caliber 80 (base ETA C07.651) \u2022 Functions : Big Date Strap \u2022 Strap Material: Stainless steel \u2022 Strap Color: Silver \u2022 Clasp Type : Folding clasp with push-buttons Other Features \u2022 Water Resistance: 5 bar (50 m / 165 ft) In the Box: \u2022 Watch Model : M021.626.11.031.00 \u2022 Standard Watch Box \u2022 User's manual \u2022 Warranty Card  - Company reserves the right not to accept an exchange, a return or a refund after purchasing unless the defect or damage is caused by the manufacturing process or QC errors. The Commander Big Date Swiss watch celebrated the 100th anniversary of the brand in 2018. Its large date aperture at 6 o'clock offers unrivalled date legibility. The sunray satin-finished dial is extremely pure and protected by an elegant round case in satin-finished stainless steel and enhanced by a polished bezel. This anthology and iconic piece is fitted with the Caliber 80, an automatic watch movement that offers up to 80 hours of power reserve. SPECIFICATION: \u2022 Model: M021.626.11.031.00 \u2022 Collection: Commander Case \u2022 Shape: Round \u2022 Material: Stainless steel \u2022 Color : Silver \u2022 Back: See-through case back \u2022 Dimension: - Width : 42 mm - Thickness: 12 mm Dial and Hands \u2022 Color: Silver \u2022 Indexes : Applied indexes \u2022 Clock Face: Sapphire crystal Movement and Functions \u2022 Movement Type: Automatic \u2022 Caliber: Automatic MIDO Caliber 80 (base ETA C07.651) \u2022 Functions : Big Date Strap \u2022 Strap Material: Stainless steel \u2022 Strap Color: Silver \u2022 Clasp Type : Folding clasp with push-buttons Other Features \u2022 Water Resistance: 5 bar (50 m / 165 ft) In the Box: \u2022 Watch Model : M021.626.11.031.00 \u2022 Standard Watch Box \u2022 User's manual \u2022 Warranty Card  - Company reserves the right not to accept an exchange, a return or a refund after purchasing unless the defect or damage is caused by the manufacturing process or QC errors.",
        "categories": [
            "Fashion",
            "Watches & Jewelry",
            "Watches"
        ],
        "sku_id": "803525",
        "price": "34,600.00 THB",
        "primary_image": "https://img.kingpowerclick.com/cdn-cgi/image/format=auto/kingpower-com/image/upload/w_640,h_640/v1657774639/prod/803525-L2.jpg",
        "images": [
            "https://img.kingpowerclick.com/cdn-cgi/image/format=auto/kingpower-com/image/upload/w_640,h_640/v1657774641/prod/803525-L1.jpg",
            "https://img.kingpowerclick.com/cdn-cgi/image/format=auto/kingpower-com/image/upload/w_640,h_640/v1657774639/prod/803525-L2.jpg",
            "https://img.kingpowerclick.com/cdn-cgi/image/format=auto/kingpower-com/image/upload/w_640,h_640/v1657774641/prod/803525-L3.jpg",
            "https://img.kingpowerclick.com/cdn-cgi/image/format=auto/kingpower-com/image/upload/w_640,h_640/v1657774641/prod/803525-L4.jpg",
            "https://img.kingpowerclick.com/cdn-cgi/image/format=auto/kingpower-com/image/upload/w_640,h_640/v1657774641/prod/803525-L5.jpg"
        ]
    },
    {
        "brand_name": "MIDO",
        "brand_url": "https://www.kingpower.com/en/brand/mido",
        "product_url": "https://www.kingpower.com/en/product/mido-multifort-chronometer-1-m-038-431-37-051-00-42-mm",
        "product_name": "MIDO Multifort Chronometer 1 - M038.431.37.051.00 - 42 mm",
        "description": "The strong design of the Multifort Chronometer Swiss Watch features the Geneva Stripes that are specific to the collection. The sporty timepiece is equipped with a Caliber 80 SI exclusive automatic movement that is enhanced with a silicon balance spring for an even more remarkably accuracy and resistance. SPECIFICATION: \u2022 Model: M038.431.37.051.00 \u2022 Collection: Multifort Case \u2022 Shape: Round \u2022 Material: Stainless steel with black PVD coating \u2022 Color : Black \u2022 Back: See-through case back, Screw-down crown \u2022 Dimension: - Width : 42 mm - Thickness: 12 mm Dial and Hands \u2022 Color: Black \u2022 Indexes : Applied indexes  \u2022 Clock Face: Sapphire crystal with double sided anti-reflection treatment Movement and Functions \u2022 Movement Type: Automatic \u2022 Caliber: Automatic Mido Caliber 80 (base ETA C07.821) COSC \u2022 Functions : Date, Day, Silicon, Chronometer COSC Strap \u2022 Strap Material: Fabric \u2022 Strap Color: Black \u2022 Clasp Type : Pin buckle Other Features \u2022 Water Resistance: 10 bar (100 m / 330 ft) with screwed crown In the Box: \u2022 Watch Model : M038.431.37.051.00 \u2022 Standard Watch Box \u2022 User's manual \u2022 Warranty Card  - Company reserves the right not to accept an exchange, a return or a refund after purchasing unless the defect or damage is caused by the manufacturing process or QC errors. The strong design of the Multifort Chronometer Swiss Watch features the Geneva Stripes that are specific to the collection. The sporty timepiece is equipped with a Caliber 80 SI exclusive automatic movement that is enhanced with a silicon balance spring for an even more remarkably accuracy and resistance. SPECIFICATION: \u2022 Model: M038.431.37.051.00 \u2022 Collection: Multifort Case \u2022 Shape: Round \u2022 Material: Stainless steel with black PVD coating \u2022 Color : Black \u2022 Back: See-through case back, Screw-down crown \u2022 Dimension: - Width : 42 mm - Thickness: 12 mm Dial and Hands \u2022 Color: Black \u2022 Indexes : Applied indexes  \u2022 Clock Face: Sapphire crystal with double sided anti-reflection treatment Movement and Functions \u2022 Movement Type: Automatic \u2022 Caliber: Automatic Mido Caliber 80 (base ETA C07.821) COSC \u2022 Functions : Date, Day, Silicon, Chronometer COSC Strap \u2022 Strap Material: Fabric \u2022 Strap Color: Black \u2022 Clasp Type : Pin buckle Other Features \u2022 Water Resistance: 10 bar (100 m / 330 ft) with screwed crown In the Box: \u2022 Watch Model : M038.431.37.051.00 \u2022 Standard Watch Box \u2022 User's manual \u2022 Warranty Card  - Company reserves the right not to accept an exchange, a return or a refund after purchasing unless the defect or damage is caused by the manufacturing process or QC errors.",
        "categories": [
            "Fashion",
            "Watches & Jewelry",
            "Watches"
        ],
        "sku_id": "872757",
        "price": "50,400.00 THB",
        "primary_image": "https://img.kingpowerclick.com/cdn-cgi/image/format=auto/kingpower-com/image/upload/w_640,h_640/v1657774641/prod/872757-L2.jpg",
        "images": [
            "https://img.kingpowerclick.com/cdn-cgi/image/format=auto/kingpower-com/image/upload/w_640,h_640/v1657774641/prod/872757-L1.jpg",
            "https://img.kingpowerclick.com/cdn-cgi/image/format=auto/kingpower-com/image/upload/w_640,h_640/v1657774641/prod/872757-L2.jpg",
            "https://img.kingpowerclick.com/cdn-cgi/image/format=auto/kingpower-com/image/upload/w_640,h_640/v1657774641/prod/872757-L3.jpg",
            "https://img.kingpowerclick.com/cdn-cgi/image/format=auto/kingpower-com/image/upload/w_640,h_640/v1657774641/prod/872757-L4.jpg",
            "https://img.kingpowerclick.com/cdn-cgi/image/format=auto/kingpower-com/image/upload/w_640,h_640/v1657774641/prod/872757-L5.jpg",
            "https://img.kingpowerclick.com/cdn-cgi/image/format=auto/kingpower-com/image/upload/w_640,h_640/v1657774641/prod/872757-L6.jpg"
        ]
    },
    {
        "brand_name": "MIDO",
        "brand_url": "https://www.kingpower.com/en/brand/mido",
        "product_url": "https://www.kingpower.com/en/product/mido-ocean-star-200-m-026-430-11-041-00-42-5-mm",
        "product_name": "MIDO Ocean Star 200 M026.430.11.041.00 - 42.5 mm",
        "description": "The dial of the Ocean Star 200 diving watch offers indexes filled with Super-Luminova\u00ae and skeletonised hands. The indexes at 6 and 12 O'clock feature two points for easier readability in the water. This sporty Swiss watch is water resistant up to 20 bar (200 m/656 ft), with the case shape providing extra protection for the screw down crown. The screw down case back is engraved with the Ocean Star logo. Furthermore, the housed automatic movement has an autonomy of up to 80 hours. SPECIFICATION: \u2022 Model: M026.430.11.041.00 \u2022 Collection: Ocean Star Case \u2022 Shape: Round \u2022 Material: Stainless steel \u2022 Case options : Screw-down crown \u2022 Dimension: - Width : 42.5 mm - Depth: 11.8 mm - Thickness: mm Dial and Hands \u2022 Color: Blue \u2022 Indexes : Applied indexes  \u2022 Clock Face: Sapphire crystal with double sided anti-reflection treatment Movement and Functions \u2022 Movement Type: Automatic \u2022 Caliber: Automatic MIDO Caliber 80 (base ETA C07.621) \u2022 Functions : Date, Day Strap \u2022 Strap Material: Stainless steel \u2022 Strap Color: Silver \u2022 Clasp Type : Folding clasp with diving extension Other Features \u2022 Water Resistance: 20 bar (200 m / 660 ft) with screwed crown In the Box: \u2022 Watch Model : M026.430.11.041.00 \u2022 Standard Watch Box \u2022 User's manual \u2022 Warranty Card  - Company reserves the right not to accept an exchange, a return or a refund after purchasing unless the defect or damage is caused by the manufacturing process or QC errors. The dial of the Ocean Star 200 diving watch offers indexes filled with Super-Luminova\u00ae and skeletonised hands. The indexes at 6 and 12 O'clock feature two points for easier readability in the water. This sporty Swiss watch is water resistant up to 20 bar (200 m/656 ft), with the case shape providing extra protection for the screw down crown. The screw down case back is engraved with the Ocean Star logo. Furthermore, the housed automatic movement has an autonomy of up to 80 hours. SPECIFICATION: \u2022 Model: M026.430.11.041.00 \u2022 Collection: Ocean Star Case \u2022 Shape: Round \u2022 Material: Stainless steel \u2022 Case options : Screw-down crown \u2022 Dimension: - Width : 42.5 mm - Depth: 11.8 mm - Thickness: mm Dial and Hands \u2022 Color: Blue \u2022 Indexes : Applied indexes  \u2022 Clock Face: Sapphire crystal with double sided anti-reflection treatment Movement and Functions \u2022 Movement Type: Automatic \u2022 Caliber: Automatic MIDO Caliber 80 (base ETA C07.621) \u2022 Functions : Date, Day Strap \u2022 Strap Material: Stainless steel \u2022 Strap Color: Silver \u2022 Clasp Type : Folding clasp with diving extension Other Features \u2022 Water Resistance: 20 bar (200 m / 660 ft) with screwed crown In the Box: \u2022 Watch Model : M026.430.11.041.00 \u2022 Standard Watch Box \u2022 User's manual \u2022 Warranty Card  - Company reserves the right not to accept an exchange, a return or a refund after purchasing unless the defect or damage is caused by the manufacturing process or QC errors.",
        "categories": [
            "Fashion",
            "Watches & Jewelry",
            "Watches"
        ],
        "sku_id": "708899",
        "price": "33,600.00 THB",
        "primary_image": "https://img.kingpowerclick.com/cdn-cgi/image/format=auto/kingpower-com/image/upload/w_640,h_640/v1657774641/prod/708899-L2.jpg",
        "images": [
            "https://img.kingpowerclick.com/cdn-cgi/image/format=auto/kingpower-com/image/upload/w_640,h_640/v1657774639/prod/708899-L1.jpg",
            "https://img.kingpowerclick.com/cdn-cgi/image/format=auto/kingpower-com/image/upload/w_640,h_640/v1657774641/prod/708899-L2.jpg",
            "https://img.kingpowerclick.com/cdn-cgi/image/format=auto/kingpower-com/image/upload/w_640,h_640/v1657774641/prod/708899-L3.jpg",
            "https://img.kingpowerclick.com/cdn-cgi/image/format=auto/kingpower-com/image/upload/w_640,h_640/v1657774641/prod/708899-L4.jpg"
        ]
    },
    {
        "brand_name": "MIDO",
        "brand_url": "https://www.kingpower.com/en/brand/mido",
        "product_url": "https://www.kingpower.com/en/product/mido-ocean-star-200-m-026-430-11-051-00-42-5-mm",
        "product_name": "MIDO Ocean Star 200 M026.430.11.051.00 - 42.5 mm",
        "description": "The dial of the Ocean Star 200 diving watch offers indexes filled with Super-Luminova\u00ae and skeletonised hands. The indexes at 6 and 12 O'clock feature two points for easier readability in the water. This sporty Swiss watch is water resistant up to 20 bar (200 m/656 ft), with the case shape providing extra protection for the screw down crown. The screw down case back is engraved with the Ocean Star logo. Furthermore, the housed automatic movement has an autonomy of up to 80 hours. SPECIFICATION: \u2022 Model: M026.430.11.051.00 \u2022 Collection: Ocean Star Case \u2022 Shape: Round \u2022 Material: Stainless steel \u2022 Case options: Screw-down crown \u2022 Dimension: - Width : 42.5 mm - Thickness: 11.8 mm Dial and Hands \u2022 Color: Black \u2022 Indexes : Applied indexes \u2022 Clock Face: Sapphire crystal with double sided anti-reflection treatment Movement and Functions \u2022 Movement Type: Automatic \u2022 Caliber: Automatic MIDO Caliber 80 (base ETA C07.621) \u2022 Functions : Date, Day Strap \u2022 Strap Material: Stainless steel \u2022 Strap Color: Silver \u2022 Clasp Type : Folding clasp with diving extension Other Features \u2022 Water Resistance: 20 bar (200 m / 660 ft) with screwed crown In the Box: \u2022 Watch Model : M026.430.11.051.00 \u2022 Standard Watch Box \u2022 User's manual \u2022 Warranty Card  - Company reserves the right not to accept an exchange, a return or a refund after purchasing unless the defect or damage is caused by the manufacturing process or QC errors. The dial of the Ocean Star 200 diving watch offers indexes filled with Super-Luminova\u00ae and skeletonised hands. The indexes at 6 and 12 O'clock feature two points for easier readability in the water. This sporty Swiss watch is water resistant up to 20 bar (200 m/656 ft), with the case shape providing extra protection for the screw down crown. The screw down case back is engraved with the Ocean Star logo. Furthermore, the housed automatic movement has an autonomy of up to 80 hours. SPECIFICATION: \u2022 Model: M026.430.11.051.00 \u2022 Collection: Ocean Star Case \u2022 Shape: Round \u2022 Material: Stainless steel \u2022 Case options: Screw-down crown \u2022 Dimension: - Width : 42.5 mm - Thickness: 11.8 mm Dial and Hands \u2022 Color: Black \u2022 Indexes : Applied indexes \u2022 Clock Face: Sapphire crystal with double sided anti-reflection treatment Movement and Functions \u2022 Movement Type: Automatic \u2022 Caliber: Automatic MIDO Caliber 80 (base ETA C07.621) \u2022 Functions : Date, Day Strap \u2022 Strap Material: Stainless steel \u2022 Strap Color: Silver \u2022 Clasp Type : Folding clasp with diving extension Other Features \u2022 Water Resistance: 20 bar (200 m / 660 ft) with screwed crown In the Box: \u2022 Watch Model : M026.430.11.051.00 \u2022 Standard Watch Box \u2022 User's manual \u2022 Warranty Card  - Company reserves the right not to accept an exchange, a return or a refund after purchasing unless the defect or damage is caused by the manufacturing process or QC errors.",
        "categories": [
            "Fashion",
            "Watches & Jewelry",
            "Watches"
        ],
        "sku_id": "682266",
        "price": "33,600.00 THB",
        "primary_image": "https://img.kingpowerclick.com/cdn-cgi/image/format=auto/kingpower-com/image/upload/w_640,h_640/v1657774641/prod/682266-L2.jpg",
        "images": [
            "https://img.kingpowerclick.com/cdn-cgi/image/format=auto/kingpower-com/image/upload/w_640,h_640/v1657774641/prod/682266-L1.jpg",
            "https://img.kingpowerclick.com/cdn-cgi/image/format=auto/kingpower-com/image/upload/w_640,h_640/v1657774641/prod/682266-L2.jpg",
            "https://img.kingpowerclick.com/cdn-cgi/image/format=auto/kingpower-com/image/upload/w_640,h_640/v1657774641/prod/682266-L3.jpg"
        ]
    },
    {
        "brand_name": "MIDO",
        "brand_url": "https://www.kingpower.com/en/brand/mido",
        "product_url": "https://www.kingpower.com/en/product/mido-baroncelli-lady-necklace-33-mm",
        "product_name": "MIDO Baroncelli Lady Necklace - 33 mm",
        "description": "The luxurious and elegant Baroncelli Lady Necklace is resplendent with a ring diamonds framing its gentle mother-of-pearl face. Mido has chosen to fit this rounded and refined automatic Swiss watch with the Calibre 80, which is renowned for its remarkable power reserve of up to 80 hours. Every hour becomes a precious treasure. SPECIFICATION:  \u2022 Model: M0378073603101 \u2022 Collection: Baroncelli Case \u2022 Shape: Round \u2022 Material: Stainless steel \u2022 Color :  Rose gold \u2022 Back: See-through case back \u2022 Width :33 mm \u2022 Thickness :9.9 mm Dial and Hands \u2022 Color: White mother-of-pearl \u2022 Dial Type: White mother-of-pearl \u2022 Clock Face: Sapphire crystal with double sided anti-reflection treatment Movement and Functions \u2022 Movement Type: Autometic \u2022 Caliber: Automatic Mido Caliber 80 (base ETA C07.611) \u2022 Movement Description: Power reserve up to 80 hours  \u2022 Functions:  Date Strap \u2022 Strap Material: Leather \u2022 Strap Color: Red \u2022 Strap Type: Bracelet \u2022 Clasp Type :Folding clasp with push-buttons Othes Features \u2022 Water Resistance: Water resistane to 5 bar (50 m / 165 ft) In the Box: \u2022 Watch Model : M0378073603101 \u2022 Stand Watch box \u2022 Waranty Card \u2022 Instruction manual The luxurious and elegant Baroncelli Lady Necklace is resplendent with a ring diamonds framing its gentle mother-of-pearl face. Mido has chosen to fit this rounded and refined automatic Swiss watch with the Calibre 80, which is renowned for its remarkable power reserve of up to 80 hours. Every hour becomes a precious treasure. SPECIFICATION:  \u2022 Model: M0378073603101 \u2022 Collection: Baroncelli Case \u2022 Shape: Round \u2022 Material: Stainless steel \u2022 Color :  Rose gold \u2022 Back: See-through case back \u2022 Width :33 mm \u2022 Thickness :9.9 mm Dial and Hands \u2022 Color: White mother-of-pearl \u2022 Dial Type: White mother-of-pearl \u2022 Clock Face: Sapphire crystal with double sided anti-reflection treatment Movement and Functions \u2022 Movement Type: Autometic \u2022 Caliber: Automatic Mido Caliber 80 (base ETA C07.611) \u2022 Movement Description: Power reserve up to 80 hours  \u2022 Functions:  Date Strap \u2022 Strap Material: Leather \u2022 Strap Color: Red \u2022 Strap Type: Bracelet \u2022 Clasp Type :Folding clasp with push-buttons Othes Features \u2022 Water Resistance: Water resistane to 5 bar (50 m / 165 ft) In the Box: \u2022 Watch Model : M0378073603101 \u2022 Stand Watch box \u2022 Waranty Card \u2022 Instruction manual",
        "categories": [
            "Fashion",
            "Watches & Jewelry",
            "Watches"
        ],
        "sku_id": "1000607",
        "price": "47,000.00 THB",
        "primary_image": "",
        "images": [
            "https://img.kingpowerclick.com/cdn-cgi/image/format=auto/kingpower-com/image/upload/w_640,h_640/v1686769451/prod/1000607-L1.jpg"
        ]
    },
    {
        "brand_name": "MIDO",
        "brand_url": "https://www.kingpower.com/en/brand/mido",
        "product_url": "https://www.kingpower.com/en/product/mido-multifort-powerwind-40-mm-1000610",
        "product_name": "MIDO Multifort Powerwind - 40 mm",
        "description": "With its retro look and extreme reliability, the Multifort Powerwind  marks a major milestone in Mido's history and its lifelong watchmaking expertise. This model is named after the revolutionary \u201cPowerwind\u201d model released in 1954, which was Mido\u2019s most precise and reliable movement at the time. SPECIFICATION:  \u2022 Model: M0404073302700 \u2022 Collection: MULTIFORT Case \u2022 Shape: Round \u2022 Material: Stainless steel \u2022 Color :  Gold \u2022 Back: See-through case back \u2022 Width :40 mm \u2022 Thickness :12.05 mm Dial and Hands \u2022 Color: Gold \u2022 Dial Type: Gold \u2022 Clock Face: Sapphire crystal Movement and Functions \u2022 Movement Type: Autometic \u2022 Caliber: Automatic Mido Caliber 80 (base ETA C07.621) \u2022 Movement Description: Power reserve up to 80 hours  \u2022 Functions:  Date Strap \u2022 Strap Material: Stainless steel \u2022 Strap Color: Gold \u2022 Strap Type: Bracelet \u2022 Clasp Type :Folding clasp with push-buttons Othes Features \u2022 Water Resistance: Water resistane to 5 bar (50 m / 165 ft) In the Box: \u2022 Watch Model : M0378073603101 \u2022 Stand Watch box \u2022 Waranty Card \u2022 Instruction manual With its retro look and extreme reliability, the Multifort Powerwind  marks a major milestone in Mido's history and its lifelong watchmaking expertise. This model is named after the revolutionary \u201cPowerwind\u201d model released in 1954, which was Mido\u2019s most precise and reliable movement at the time. SPECIFICATION:  \u2022 Model: M0404073302700 \u2022 Collection: MULTIFORT Case \u2022 Shape: Round \u2022 Material: Stainless steel \u2022 Color :  Gold \u2022 Back: See-through case back \u2022 Width :40 mm \u2022 Thickness :12.05 mm Dial and Hands \u2022 Color: Gold \u2022 Dial Type: Gold \u2022 Clock Face: Sapphire crystal Movement and Functions \u2022 Movement Type: Autometic \u2022 Caliber: Automatic Mido Caliber 80 (base ETA C07.621) \u2022 Movement Description: Power reserve up to 80 hours  \u2022 Functions:  Date Strap \u2022 Strap Material: Stainless steel \u2022 Strap Color: Gold \u2022 Strap Type: Bracelet \u2022 Clasp Type :Folding clasp with push-buttons Othes Features \u2022 Water Resistance: Water resistane to 5 bar (50 m / 165 ft) In the Box: \u2022 Watch Model : M0378073603101 \u2022 Stand Watch box \u2022 Waranty Card \u2022 Instruction manual",
        "categories": [
            "Fashion",
            "Watches & Jewelry",
            "Watches"
        ],
        "sku_id": "1000610",
        "price": "38,400.00 THB",
        "primary_image": "",
        "images": [
            "https://img.kingpowerclick.com/cdn-cgi/image/format=auto/kingpower-com/image/upload/w_640,h_640/v1686769451/prod/1000610-L1.jpg"
        ]
    },
    {
        "brand_name": "MIDO",
        "brand_url": "https://www.kingpower.com/en/brand/mido",
        "product_url": "https://www.kingpower.com/en/product/mido-multifort-powerwind-40-mm",
        "product_name": "MIDO Multifort Powerwind - 40 mm",
        "description": "With its retro look and extreme reliability, the Multifort Powerwind  marks a major milestone in Mido's history and its lifelong watchmaking expertise. This model is named after the revolutionary \u201cPowerwind\u201d model released in 1954, which was Mido\u2019s most precise and reliable movement at the time. SPECIFICATION:  \u2022 Model: M0404071105700 \u2022 Collection: MULTIFORT Case \u2022 Shape: Round \u2022 Material: Stainless steel \u2022 Color :  Silver \u2022 Back: See-through case back \u2022 Width :40 mm \u2022 Thickness :12.05 mm Dial and Hands \u2022 Color: Black \u2022 Dial Type: Black \u2022 Clock Face: Sapphire crystal Movement and Functions \u2022 Movement Type: Autometic \u2022 Caliber: Automatic Mido Caliber 80 (base ETA C07.621) \u2022 Movement Description: Power reserve up to 80 hours  \u2022 Functions:  Date Strap \u2022 Strap Material: Stainless steel \u2022 Strap Color: Grey \u2022 Strap Type: Bracelet \u2022 Clasp Type :Folding clasp with push-buttons Othes Features \u2022 Water Resistance: Water resistane to 5 bar (50 m / 165 ft) In the Box: \u2022 Watch Model : M0404071105700 \u2022 Stand Watch box \u2022 Waranty Card \u2022 Instruction manual With its retro look and extreme reliability, the Multifort Powerwind  marks a major milestone in Mido's history and its lifelong watchmaking expertise. This model is named after the revolutionary \u201cPowerwind\u201d model released in 1954, which was Mido\u2019s most precise and reliable movement at the time. SPECIFICATION:  \u2022 Model: M0404071105700 \u2022 Collection: MULTIFORT Case \u2022 Shape: Round \u2022 Material: Stainless steel \u2022 Color :  Silver \u2022 Back: See-through case back \u2022 Width :40 mm \u2022 Thickness :12.05 mm Dial and Hands \u2022 Color: Black \u2022 Dial Type: Black \u2022 Clock Face: Sapphire crystal Movement and Functions \u2022 Movement Type: Autometic \u2022 Caliber: Automatic Mido Caliber 80 (base ETA C07.621) \u2022 Movement Description: Power reserve up to 80 hours  \u2022 Functions:  Date Strap \u2022 Strap Material: Stainless steel \u2022 Strap Color: Grey \u2022 Strap Type: Bracelet \u2022 Clasp Type :Folding clasp with push-buttons Othes Features \u2022 Water Resistance: Water resistane to 5 bar (50 m / 165 ft) In the Box: \u2022 Watch Model : M0404071105700 \u2022 Stand Watch box \u2022 Waranty Card \u2022 Instruction manual",
        "categories": [
            "Fashion",
            "Watches & Jewelry",
            "Watches"
        ],
        "sku_id": "1000609",
        "price": "34,500.00 THB",
        "primary_image": "",
        "images": [
            "https://img.kingpowerclick.com/cdn-cgi/image/format=auto/kingpower-com/image/upload/w_640,h_640/v1686769450/prod/1000609-L1.jpg"
        ]
    },
    {
        "brand_name": "MIDO",
        "brand_url": "https://www.kingpower.com/en/brand/mido",
        "product_url": "https://www.kingpower.com/en/product/mido-ocean-star-decompression-worldtimer-40-5-mm-1000614",
        "product_name": "MIDO Ocean Star Decompression Worldtimer - 40.5 mm",
        "description": "Irresistible neo-vintage style, bright colours and cutting-edge technology: the new Ocean Star Decompression Worldtimer retains this vintage charm, and the addition of an additional time zone display propels it towards new horizons. Mido has used the latest technologies in their continual quest for excellence: Super-LumiNova\u00ae, a glassbox-style sapphire crystal, the formidable Calibre 80 with Nivachron\u2122 balance-spring and GMT function, as well an easy change additional strap. A starfish is engraved on the screw-down case back of this new model, which is water-resistant up to a pressure of 20 bar (200 m/660 ft). SPECIFICATION:  \u2022 Model: M0268291705100 \u2022 Collection: OCEAN STAR Case \u2022 Shape: Round \u2022 Material: Stainless steel \u2022 Color :  Silver \u2022 Back: Stainless steel \u2022 Width :40.5 mm \u2022 Thickness :13.43 mm Dial and Hands \u2022 Color: Black \u2022 Dial Type: Black \u2022 Clock Face: Sapphire crystal Movement and Functions \u2022 Movement Type: Autometic \u2022 Caliber: Automatic Mido Caliber 80 (base ETA C07.661) \u2022 Movement Description: Power reserve up to 80 hours  \u2022 Functions:  Date, GMT Strap \u2022 Strap Material: Rubber \u2022 Strap Color: Black \u2022 Strap Type: Bracelet \u2022 Clasp Type :Pin buckle Othes Features \u2022 Water Resistance: 20 bar (200 m / 660 ft) with screwed crown In the Box: \u2022 Watch Model : M0266291104100 \u2022 1 EXTRA STRAP \u2022 Stand Watch box \u2022 Waranty Card \u2022 Instruction manual Irresistible neo-vintage style, bright colours and cutting-edge technology: the new Ocean Star Decompression Worldtimer retains this vintage charm, and the addition of an additional time zone display propels it towards new horizons. Mido has used the latest technologies in their continual quest for excellence: Super-LumiNova\u00ae, a glassbox-style sapphire crystal, the formidable Calibre 80 with Nivachron\u2122 balance-spring and GMT function, as well an easy change additional strap. A starfish is engraved on the screw-down case back of this new model, which is water-resistant up to a pressure of 20 bar (200 m/660 ft). SPECIFICATION:  \u2022 Model: M0268291705100 \u2022 Collection: OCEAN STAR Case \u2022 Shape: Round \u2022 Material: Stainless steel \u2022 Color :  Silver \u2022 Back: Stainless steel \u2022 Width :40.5 mm \u2022 Thickness :13.43 mm Dial and Hands \u2022 Color: Black \u2022 Dial Type: Black \u2022 Clock Face: Sapphire crystal Movement and Functions \u2022 Movement Type: Autometic \u2022 Caliber: Automatic Mido Caliber 80 (base ETA C07.661) \u2022 Movement Description: Power reserve up to 80 hours  \u2022 Functions:  Date, GMT Strap \u2022 Strap Material: Rubber \u2022 Strap Color: Black \u2022 Strap Type: Bracelet \u2022 Clasp Type :Pin buckle Othes Features \u2022 Water Resistance: 20 bar (200 m / 660 ft) with screwed crown In the Box: \u2022 Watch Model : M0266291104100 \u2022 1 EXTRA STRAP \u2022 Stand Watch box \u2022 Waranty Card \u2022 Instruction manual",
        "categories": [
            "Fashion",
            "Watches & Jewelry",
            "Watches"
        ],
        "sku_id": "1000614",
        "price": "43,100.00 THB",
        "primary_image": "",
        "images": [
            "https://img.kingpowerclick.com/cdn-cgi/image/format=auto/kingpower-com/image/upload/w_640,h_640/v1686769450/prod/1000614-L1.jpg"
        ]
    },
    {
        "brand_name": "MIDO",
        "brand_url": "https://www.kingpower.com/en/brand/mido",
        "product_url": "https://www.kingpower.com/en/product/mido-ocean-star-decompression-worldtimer-40-5-mm",
        "product_name": "MIDO Ocean Star Decompression Worldtimer - 40.5 mm",
        "description": "Irresistible neo-vintage style, bright colours and cutting-edge technology: the new Ocean Star Decompression Worldtimer retains this vintage charm, and the addition of an additional time zone display propels it towards new horizons. Mido has used the latest technologies in their continual quest for excellence: Super-LumiNova\u00ae, a glassbox-style sapphire crystal, the formidable Calibre 80 with Nivachron\u2122 balance-spring and GMT function, as well an easy change additional strap. A starfish is engraved on the screw-down case back of this new model, which is water-resistant up to a pressure of 20 bar (200 m/660 ft). SPECIFICATION:  \u2022 Model: M0268291704100 \u2022 Collection: OCEAN STAR Case \u2022 Shape: Round \u2022 Material: Stainless steel \u2022 Color :  Silver \u2022 Back: Stainless steel \u2022 Width :40.5 mm \u2022 Thickness :13.43 mm Dial and Hands \u2022 Color: Blue \u2022 Dial Type: Blue \u2022 Clock Face: Sapphire crystal Movement and Functions \u2022 Movement Type: Autometic \u2022 Caliber: Automatic Mido Caliber 80 (base ETA C07.661) \u2022 Movement Description: Power reserve up to 80 hours  \u2022 Functions:  Date, GMT Strap \u2022 Strap Material: Rubber \u2022 Strap Color: Blue \u2022 Strap Type: Bracelet \u2022 Clasp Type :Pin buckle Othes Features \u2022 Water Resistance: 20 bar (200 m / 660 ft) with screwed crown In the Box: \u2022 Watch Model : M0266291104100 \u2022 1 EXTRA STRAP \u2022 Stand Watch box \u2022 Waranty Card \u2022 Instruction manual Irresistible neo-vintage style, bright colours and cutting-edge technology: the new Ocean Star Decompression Worldtimer retains this vintage charm, and the addition of an additional time zone display propels it towards new horizons. Mido has used the latest technologies in their continual quest for excellence: Super-LumiNova\u00ae, a glassbox-style sapphire crystal, the formidable Calibre 80 with Nivachron\u2122 balance-spring and GMT function, as well an easy change additional strap. A starfish is engraved on the screw-down case back of this new model, which is water-resistant up to a pressure of 20 bar (200 m/660 ft). SPECIFICATION:  \u2022 Model: M0268291704100 \u2022 Collection: OCEAN STAR Case \u2022 Shape: Round \u2022 Material: Stainless steel \u2022 Color :  Silver \u2022 Back: Stainless steel \u2022 Width :40.5 mm \u2022 Thickness :13.43 mm Dial and Hands \u2022 Color: Blue \u2022 Dial Type: Blue \u2022 Clock Face: Sapphire crystal Movement and Functions \u2022 Movement Type: Autometic \u2022 Caliber: Automatic Mido Caliber 80 (base ETA C07.661) \u2022 Movement Description: Power reserve up to 80 hours  \u2022 Functions:  Date, GMT Strap \u2022 Strap Material: Rubber \u2022 Strap Color: Blue \u2022 Strap Type: Bracelet \u2022 Clasp Type :Pin buckle Othes Features \u2022 Water Resistance: 20 bar (200 m / 660 ft) with screwed crown In the Box: \u2022 Watch Model : M0266291104100 \u2022 1 EXTRA STRAP \u2022 Stand Watch box \u2022 Waranty Card \u2022 Instruction manual",
        "categories": [
            "Fashion",
            "Watches & Jewelry",
            "Watches"
        ],
        "sku_id": "1000613",
        "price": "43,100.00 THB",
        "primary_image": "",
        "images": [
            "https://img.kingpowerclick.com/cdn-cgi/image/format=auto/kingpower-com/image/upload/w_640,h_640/v1686769450/prod/1000613-L1.jpg"
        ]
    },
    {
        "brand_name": "MIDO",
        "brand_url": "https://www.kingpower.com/en/brand/mido",
        "product_url": "https://www.kingpower.com/en/product/mido-multifort-powerwind-40-mm-1000608",
        "product_name": "MIDO Multifort Powerwind - 40 mm",
        "description": "With its retro look and extreme reliability, the Multifort Powerwind  marks a major milestone in Mido's history and its lifelong watchmaking expertise. This model is named after the revolutionary \u201cPowerwind\u201d model released in 1954, which was Mido\u2019s most precise and reliable movement at the time. SPECIFICATION:  \u2022 Model: M0404071104700 \u2022 Collection: MULTIFORT Case \u2022 Shape: Round \u2022 Material: Stainless steel \u2022 Color :  Silver \u2022 Back: See-through case back \u2022 Width :40 mm \u2022 Thickness :12.05 mm Dial and Hands \u2022 Color: Blue \u2022 Dial Type: Blue \u2022 Clock Face: Sapphire crystal Movement and Functions \u2022 Movement Type: Autometic \u2022 Caliber: Automatic Mido Caliber 80 (base ETA C07.621) \u2022 Movement Description: Power reserve up to 80 hours  \u2022 Functions:  Date Strap \u2022 Strap Material: Stainless steel \u2022 Strap Color: Grey \u2022 Strap Type: Bracelet \u2022 Clasp Type :Folding clasp with push-buttons Othes Features \u2022 Water Resistance: Water resistane to 5 bar (50 m / 165 ft) In the Box: \u2022 Watch Model : M0404071104700 \u2022 Stand Watch box \u2022 Waranty Card \u2022 Instruction manual With its retro look and extreme reliability, the Multifort Powerwind  marks a major milestone in Mido's history and its lifelong watchmaking expertise. This model is named after the revolutionary \u201cPowerwind\u201d model released in 1954, which was Mido\u2019s most precise and reliable movement at the time. SPECIFICATION:  \u2022 Model: M0404071104700 \u2022 Collection: MULTIFORT Case \u2022 Shape: Round \u2022 Material: Stainless steel \u2022 Color :  Silver \u2022 Back: See-through case back \u2022 Width :40 mm \u2022 Thickness :12.05 mm Dial and Hands \u2022 Color: Blue \u2022 Dial Type: Blue \u2022 Clock Face: Sapphire crystal Movement and Functions \u2022 Movement Type: Autometic \u2022 Caliber: Automatic Mido Caliber 80 (base ETA C07.621) \u2022 Movement Description: Power reserve up to 80 hours  \u2022 Functions:  Date Strap \u2022 Strap Material: Stainless steel \u2022 Strap Color: Grey \u2022 Strap Type: Bracelet \u2022 Clasp Type :Folding clasp with push-buttons Othes Features \u2022 Water Resistance: Water resistane to 5 bar (50 m / 165 ft) In the Box: \u2022 Watch Model : M0404071104700 \u2022 Stand Watch box \u2022 Waranty Card \u2022 Instruction manual",
        "categories": [
            "Fashion",
            "Watches & Jewelry",
            "Watches"
        ],
        "sku_id": "1000608",
        "price": "34,500.00 THB",
        "primary_image": "",
        "images": [
            "https://img.kingpowerclick.com/cdn-cgi/image/format=auto/kingpower-com/image/upload/w_640,h_640/v1686769450/prod/1000608-L1.jpg"
        ]
    },
    {
        "brand_name": "MIDO",
        "brand_url": "https://www.kingpower.com/en/brand/mido",
        "product_url": "https://www.kingpower.com/en/product/mido-ocean-star-gmt-44-mm",
        "product_name": "MIDO Ocean Star Gmt - 44 mm",
        "description": "MIDO is enriching its Ocean Star diving watches collection with a version equipped with the highly practical GMT function. It clearly displays the time in two different time zones: home time and local time. On the back of the sporty Swiss watch - fitted with the Caliber 80 automatic movement , which offers a power reserve of up to 80\u00a0hours - MIDO has engraved the time-zone indications. The extremely easy-to-use GMT function offers twice as much freedom for those who are either by the ocean or on an adrenalin-fuelled adventure. SPECIFICATION:  \u2022 Model: M0266291104100 \u2022 Collection: OCEAN STAR Case \u2022 Shape: Round \u2022 Material: Stainless steel \u2022 Color :  Silver \u2022 Back: Stainless steel \u2022 Width :44 mm \u2022 Thickness :13.38 mm Dial and Hands \u2022 Color: Blue \u2022 Dial Type: Blue \u2022 Clock Face: Sapphire crystal with double sided anti-reflection treatment Movement and Functions \u2022 Movement Type: Autometic \u2022 Caliber: \u0e2d\u0e2d\u0e42\u0e15\u0e40\u0e21\u0e15\u0e34\u0e01 Mido Caliber 80 (\u0e40\u0e04\u0e23\u0e37\u0e48\u0e2d\u0e07 ETA C07.661) \u2022 Movement Description: Power reserve up to 80 hours  \u2022 Functions:  Date, GMT Strap \u2022 Strap Material: Stainless steel \u2022 Strap Color: Grey \u2022 Strap Type: Bracelet \u2022 Clasp Type :Folding clasp with diving extension Othes Features \u2022 Water Resistance: 20 bar (200 m / 660 ft) with screwed crown In the Box: \u2022 Watch Model : M0266291104100 \u2022 1 EXTRA STRAP \u2022 Stand Watch box \u2022 Waranty Card \u2022 Instruction manual MIDO is enriching its Ocean Star diving watches collection with a version equipped with the highly practical GMT function. It clearly displays the time in two different time zones: home time and local time. On the back of the sporty Swiss watch - fitted with the Caliber 80 automatic movement , which offers a power reserve of up to 80\u00a0hours - MIDO has engraved the time-zone indications. The extremely easy-to-use GMT function offers twice as much freedom for those who are either by the ocean or on an adrenalin-fuelled adventure. SPECIFICATION:  \u2022 Model: M0266291104100 \u2022 Collection: OCEAN STAR Case \u2022 Shape: Round \u2022 Material: Stainless steel \u2022 Color :  Silver \u2022 Back: Stainless steel \u2022 Width :44 mm \u2022 Thickness :13.38 mm Dial and Hands \u2022 Color: Blue \u2022 Dial Type: Blue \u2022 Clock Face: Sapphire crystal with double sided anti-reflection treatment Movement and Functions \u2022 Movement Type: Autometic \u2022 Caliber: \u0e2d\u0e2d\u0e42\u0e15\u0e40\u0e21\u0e15\u0e34\u0e01 Mido Caliber 80 (\u0e40\u0e04\u0e23\u0e37\u0e48\u0e2d\u0e07 ETA C07.661) \u2022 Movement Description: Power reserve up to 80 hours  \u2022 Functions:  Date, GMT Strap \u2022 Strap Material: Stainless steel \u2022 Strap Color: Grey \u2022 Strap Type: Bracelet \u2022 Clasp Type :Folding clasp with diving extension Othes Features \u2022 Water Resistance: 20 bar (200 m / 660 ft) with screwed crown In the Box: \u2022 Watch Model : M0266291104100 \u2022 1 EXTRA STRAP \u2022 Stand Watch box \u2022 Waranty Card \u2022 Instruction manual",
        "categories": [
            "Fashion",
            "Watches & Jewelry",
            "Watches"
        ],
        "sku_id": "1000611",
        "price": "46,700.00 THB",
        "primary_image": "",
        "images": [
            "https://img.kingpowerclick.com/cdn-cgi/image/format=auto/kingpower-com/image/upload/w_640,h_640/v1686769450/prod/1000611-L1.jpg"
        ]
    },
    {
        "brand_name": "MIDO",
        "brand_url": "https://www.kingpower.com/en/brand/mido",
        "product_url": "https://www.kingpower.com/en/product/mido-ocean-star-tribute-40-5-mm",
        "product_name": "MIDO Ocean Star Tribute - 40.5 mm",
        "description": "Mido pays tribute to the Ocean Star collection. In subtle reference to the past, the Ocean Star Tribute Swiss watch reinterprets the aesthetic codes of the diving models from the 1960s. It is fitted with the Caliber 80 automatic movement with up to 80 hours of power reserve, is water-resistant up to a pressure of 20 bar (200 m/656 ft) and features a unique strap offering maximum comfort. SPECIFICATION:  \u2022 Model: M0268071104101 \u2022 Collection: OCEAN STAR Case \u2022 Shape: Round \u2022 Material: Stainless steel \u2022 Color :  Silver \u2022 Back: Stainless steel \u2022 Width :40.5 mm \u2022 Thickness :13.43 mm Dial and Hands \u2022 Color: Blue gradient \u2022 Dial Type: Blue gradient \u2022 Clock Face: Sapphire crystal Movement and Functions \u2022 Movement Type: Autometic \u2022 Caliber: Automatic Mido Caliber 80 (base ETA C07.621) \u2022 Movement Description: Power reserve up to 80 hours  \u2022 Functions:  Date Strap \u2022 Strap Material: Stainless steel \u2022 Strap Color: Grey \u2022 Strap Type: Bracelet \u2022 Clasp Type :Pin buckle Othes Features \u2022 Water Resistance: 20 bar (200 m / 660 ft) with screwed crown In the Box: \u2022 Watch Model : M0266291104100 \u2022 1 EXTRA STRAP \u2022 Stand Watch box \u2022 Waranty Card \u2022 Instruction manual Mido pays tribute to the Ocean Star collection. In subtle reference to the past, the Ocean Star Tribute Swiss watch reinterprets the aesthetic codes of the diving models from the 1960s. It is fitted with the Caliber 80 automatic movement with up to 80 hours of power reserve, is water-resistant up to a pressure of 20 bar (200 m/656 ft) and features a unique strap offering maximum comfort. SPECIFICATION:  \u2022 Model: M0268071104101 \u2022 Collection: OCEAN STAR Case \u2022 Shape: Round \u2022 Material: Stainless steel \u2022 Color :  Silver \u2022 Back: Stainless steel \u2022 Width :40.5 mm \u2022 Thickness :13.43 mm Dial and Hands \u2022 Color: Blue gradient \u2022 Dial Type: Blue gradient \u2022 Clock Face: Sapphire crystal Movement and Functions \u2022 Movement Type: Autometic \u2022 Caliber: Automatic Mido Caliber 80 (base ETA C07.621) \u2022 Movement Description: Power reserve up to 80 hours  \u2022 Functions:  Date Strap \u2022 Strap Material: Stainless steel \u2022 Strap Color: Grey \u2022 Strap Type: Bracelet \u2022 Clasp Type :Pin buckle Othes Features \u2022 Water Resistance: 20 bar (200 m / 660 ft) with screwed crown In the Box: \u2022 Watch Model : M0266291104100 \u2022 1 EXTRA STRAP \u2022 Stand Watch box \u2022 Waranty Card \u2022 Instruction manual",
        "categories": [
            "Fashion",
            "Watches & Jewelry",
            "Watches"
        ],
        "sku_id": "1000612",
        "price": "37,600.00 THB",
        "primary_image": "",
        "images": [
            "https://img.kingpowerclick.com/cdn-cgi/image/format=auto/kingpower-com/image/upload/w_640,h_640/v1686769451/prod/1000612-L1.jpg"
        ]
    },
    {
        "brand_name": "MIDO",
        "brand_url": "https://www.kingpower.com/en/brand/mido",
        "product_url": "https://www.kingpower.com/en/product/mido-rainflower-34-mm",
        "product_name": "MIDO Rainflower - 34 mm",
        "description": "Refined and understated, the new Rainflower Swiss watch is exclusively devoted to women. Thanks to its soft, rounded forms, it offers a supremely delicate style. Whether discreet or sparkling, the dials of the various watches are all subtly decorated or engraved with a lotus flower. Equipped with the Caliber 80, a latest-generation automatic movement, the Rainflower offers exceptional autonomy of up to 80 hours of power reserve. SPECIFICATION:  \u2022 Model: M0432073611800 \u2022 Collection: RAINFLOWER Case \u2022 Shape: Round \u2022 Material: Stainless steel \u2022 Color :  Rose gold \u2022 Back: See-through case back \u2022 Width :34 mm \u2022 Thickness :9.76 mm Dial and Hands \u2022 Color: White mother-of-pearl \u2022 Dial Type: White mother-of-pearl \u2022 Clock Face: Sapphire crystal with double sided anti-reflection treatment Movement and Functions \u2022 Movement Type: Autometic \u2022 Caliber: Automatic Mido Caliber 80 (base ETA C07.611) \u2022 Movement Description: Power reserve up to 80 hours  \u2022 Functions:  Date Strap \u2022 Strap Material: Leather \u2022 Strap Color: Red \u2022 Strap Type: Bracelet \u2022 Clasp Type :Folding clasp Othes Features \u2022 Water Resistance: Water resistane to 5 bar (50 m / 165 ft) In the Box: \u2022 Watch Model : M0378073603101 \u2022 Stand Watch box \u2022 Waranty Card \u2022 Instruction manual Refined and understated, the new Rainflower Swiss watch is exclusively devoted to women. Thanks to its soft, rounded forms, it offers a supremely delicate style. Whether discreet or sparkling, the dials of the various watches are all subtly decorated or engraved with a lotus flower. Equipped with the Caliber 80, a latest-generation automatic movement, the Rainflower offers exceptional autonomy of up to 80 hours of power reserve. SPECIFICATION:  \u2022 Model: M0432073611800 \u2022 Collection: RAINFLOWER Case \u2022 Shape: Round \u2022 Material: Stainless steel \u2022 Color :  Rose gold \u2022 Back: See-through case back \u2022 Width :34 mm \u2022 Thickness :9.76 mm Dial and Hands \u2022 Color: White mother-of-pearl \u2022 Dial Type: White mother-of-pearl \u2022 Clock Face: Sapphire crystal with double sided anti-reflection treatment Movement and Functions \u2022 Movement Type: Autometic \u2022 Caliber: Automatic Mido Caliber 80 (base ETA C07.611) \u2022 Movement Description: Power reserve up to 80 hours  \u2022 Functions:  Date Strap \u2022 Strap Material: Leather \u2022 Strap Color: Red \u2022 Strap Type: Bracelet \u2022 Clasp Type :Folding clasp Othes Features \u2022 Water Resistance: Water resistane to 5 bar (50 m / 165 ft) In the Box: \u2022 Watch Model : M0378073603101 \u2022 Stand Watch box \u2022 Waranty Card \u2022 Instruction manual",
        "categories": [
            "Fashion",
            "Watches & Jewelry",
            "Watches"
        ],
        "sku_id": "1000615",
        "price": "38,400.00 THB",
        "primary_image": "",
        "images": [
            "https://img.kingpowerclick.com/cdn-cgi/image/format=auto/kingpower-com/image/upload/w_640,h_640/v1686769450/prod/1000615-L1.jpg"
        ]
    },
    {
        "brand_name": "MENTOS",
        "brand_url": "https://www.kingpower.com/en/brand/mentos",
        "product_url": "https://www.kingpower.com/en/product/mentos-berry-mix-jumbo-296-g",
        "product_name": "MENTOS Berry Mix Jumbo 296 g",
        "description": "Each roll contains a mixture of raspberry, blackcurrant and cherry flavoured candies. The perfect addition to our classic fruit mix. Each Jumboroll contains 8 single rolls. * Product has more than 1 month of lifetime before its expiry date. ** Kindly check expiry date of the product before purchasing. Items are non-exchangeable and non-refundable. *** Storage recommendation: Recommend storing product at a temperature of 15 - 25 Celcius and avoid exposing to sunlight or heat. **** Chocolate will be delivered within 7 - 10 working day which separate to deliver from other products. \u200b \u200b Each roll contains a mixture of raspberry, blackcurrant and cherry flavoured candies. The perfect addition to our classic fruit mix. Each Jumboroll contains 8 single rolls. * Product has more than 1 month of lifetime before its expiry date. ** Kindly check expiry date of the product before purchasing. Items are non-exchangeable and non-refundable. *** Storage recommendation: Recommend storing product at a temperature of 15 - 25 Celcius and avoid exposing to sunlight or heat. **** Chocolate will be delivered within 7 - 10 working day which separate to deliver from other products. \u200b \u200b",
        "categories": [
            "Foods & Beverages",
            "Chocolate, Snacks & Confectionary",
            "Snacks & Confectionary",
            "Candy & Gum"
        ],
        "sku_id": "642821",
        "price": "370.00 THB",
        "primary_image": "",
        "images": [
            "https://img.kingpowerclick.com/cdn-cgi/image/format=auto/kingpower-com/image/upload/w_640,h_640/v1609146852/prod/642821-L1.jpg"
        ]
    },
    {
        "brand_name": "MENTOS",
        "brand_url": "https://www.kingpower.com/en/brand/mentos",
        "product_url": "https://www.kingpower.com/en/product/mentos-gum-juice-burst-120-g",
        "product_name": "MENTOS Gum Juice Burst 120 g",
        "description": "\u200b \u200b Liquid filled chewing gum in a delightful mix of fruity flavours: red fruit & lime, raspberry & kiwi, orange & lemon. Each bottle contains 60 pieces of gum. * Product has more than 1 month of lifetime before its expiry date. ** Kindly check expiry date of the product before purchasing. Items are non-exchangeable and non-refundable. *** Storage recommendation: Recommend storing product at a temperature of 15 - 25 Celcius and avoid exposing to sunlight or heat. **** Chocolate will be delivered within 7 - 10 working day which separate to deliver from other products. \u200b \u200b Liquid filled chewing gum in a delightful mix of fruity flavours: red fruit & lime, raspberry & kiwi, orange & lemon. Each bottle contains 60 pieces of gum. * Product has more than 1 month of lifetime before its expiry date. ** Kindly check expiry date of the product before purchasing. Items are non-exchangeable and non-refundable. *** Storage recommendation: Recommend storing product at a temperature of 15 - 25 Celcius and avoid exposing to sunlight or heat. **** Chocolate will be delivered within 7 - 10 working day which separate to deliver from other products.",
        "categories": [
            "Foods & Beverages",
            "Chocolate, Snacks & Confectionary",
            "Chocolates"
        ],
        "sku_id": "380685",
        "price": "220.00 THB",
        "primary_image": "",
        "images": [
            "https://img.kingpowerclick.com/cdn-cgi/image/format=auto/kingpower-com/image/upload/w_640,h_640/v1591353819/prod/380685-L1.jpg"
        ]
    },
    {
        "brand_name": "MIDO",
        "brand_url": "https://www.kingpower.com/en/brand/mido",
        "product_url": "https://www.kingpower.com/en/product/mido-rainflower-blossom-34-mm",
        "product_name": "MIDO Rainflower Blossom - 34 mm",
        "description": "For the first time, Mido has created a skeleton Swiss watch especially dedicated to women. The new and audacious Rainflower Blossom features delicate lines, directly inspired by the lotus flower shape of Singapore\u2019s contemporary ArtScience Museum. Resolutely feminine petals are interlaced along the edges. Adorned with an openwork flower, the captivating dial reveals at its centre the Caliber 80 \u2013 the latest-generation automatic movement, whose mainplate has been specially skeletonised and decorated. It invites the wearer to marvel at the passing of time with audacityand elegance. SPECIFICATION:  \u2022 Model: M0432363610100 \u2022 Collection: RAINFLOWER Case \u2022 Shape: Round \u2022 Material: Stainless steel \u2022 Color :  Rose gold \u2022 Back: See-through case back \u2022 Width :34 mm \u2022 Thickness :9.76 mm Dial and Hands \u2022 Color: White mother-of-pearl \u2022 Dial Type: White mother-of-pearl \u2022 Clock Face: Sapphire crystal with double sided anti-reflection treatment Movement and Functions \u2022 Movement Type: Autometic \u2022 Caliber: Automatic Mido Calibre 80 (base ETA C07.631) \u2022 Movement Description: Power reserve up to 80 hours  \u2022 Functions:  - Strap \u2022 Strap Material: Leather \u2022 Strap Color: Black \u2022 Strap Type: Bracelet \u2022 Clasp Type :Folding clasp Othes Features \u2022 Water Resistance: Water resistane to 5 bar (50 m / 165 ft) In the Box: \u2022 Watch Model : M0378073603101 \u2022 Stand Watch box \u2022 Waranty Card \u2022 Instruction manual For the first time, Mido has created a skeleton Swiss watch especially dedicated to women. The new and audacious Rainflower Blossom features delicate lines, directly inspired by the lotus flower shape of Singapore\u2019s contemporary ArtScience Museum. Resolutely feminine petals are interlaced along the edges. Adorned with an openwork flower, the captivating dial reveals at its centre the Caliber 80 \u2013 the latest-generation automatic movement, whose mainplate has been specially skeletonised and decorated. It invites the wearer to marvel at the passing of time with audacityand elegance. SPECIFICATION:  \u2022 Model: M0432363610100 \u2022 Collection: RAINFLOWER Case \u2022 Shape: Round \u2022 Material: Stainless steel \u2022 Color :  Rose gold \u2022 Back: See-through case back \u2022 Width :34 mm \u2022 Thickness :9.76 mm Dial and Hands \u2022 Color: White mother-of-pearl \u2022 Dial Type: White mother-of-pearl \u2022 Clock Face: Sapphire crystal with double sided anti-reflection treatment Movement and Functions \u2022 Movement Type: Autometic \u2022 Caliber: Automatic Mido Calibre 80 (base ETA C07.631) \u2022 Movement Description: Power reserve up to 80 hours  \u2022 Functions:  - Strap \u2022 Strap Material: Leather \u2022 Strap Color: Black \u2022 Strap Type: Bracelet \u2022 Clasp Type :Folding clasp Othes Features \u2022 Water Resistance: Water resistane to 5 bar (50 m / 165 ft) In the Box: \u2022 Watch Model : M0378073603101 \u2022 Stand Watch box \u2022 Waranty Card \u2022 Instruction manual",
        "categories": [
            "Fashion",
            "Watches & Jewelry",
            "Watches"
        ],
        "sku_id": "1000617",
        "price": "43,200.00 THB",
        "primary_image": "",
        "images": [
            "https://img.kingpowerclick.com/cdn-cgi/image/format=auto/kingpower-com/image/upload/w_640,h_640/v1686769450/prod/1000617-L1.jpg"
        ]
    },
    {
        "brand_name": "MIDO",
        "brand_url": "https://www.kingpower.com/en/brand/mido",
        "product_url": "https://www.kingpower.com/en/product/mido-rainflower-blossom-34-mm-1000616",
        "product_name": "MIDO Rainflower Blossom - 34 mm",
        "description": "For the first time, Mido has created a skeleton Swiss watch especially dedicated to women. The new and audacious Rainflower Blossom features delicate lines, directly inspired by the lotus flower shape of Singapore\u2019s contemporary ArtScience Museum. Resolutely feminine petals are interlaced along the edges. Adorned with an openwork flower, the captivating dial reveals at its centre the Caliber 80 \u2013 the latest-generation automatic movement, whose mainplate has been specially skeletonised and decorated. It invites the wearer to marvel at the passing of time with audacityand elegance. SPECIFICATION:  \u2022 Model: M0432361110100 \u2022 Collection: RAINFLOWER Case \u2022 Shape: Round \u2022 Material: Stainless steel \u2022 Color :  Silver \u2022 Back: See-through case back \u2022 Width :34 mm \u2022 Thickness :9.76 mm Dial and Hands \u2022 Color: White mother-of-pearl \u2022 Dial Type: White mother-of-pearl \u2022 Clock Face: Sapphire crystal with double sided anti-reflection treatment Movement and Functions \u2022 Movement Type: Autometic \u2022 Caliber: Automatic Mido Calibre 80 (base ETA C07.631) \u2022 Movement Description: Power reserve up to 80 hours  \u2022 Functions:  - Strap \u2022 Strap Material: Stainless steel \u2022 Strap Color: Grey \u2022 Strap Type: Bracelet \u2022 Clasp Type :Folding clasp with push-buttons Othes Features \u2022 Water Resistance: Water resistane to 5 bar (50 m / 165 ft) In the Box: \u2022 Watch Model : M0378073603101 \u2022 Stand Watch box \u2022 Waranty Card \u2022 Instruction manual For the first time, Mido has created a skeleton Swiss watch especially dedicated to women. The new and audacious Rainflower Blossom features delicate lines, directly inspired by the lotus flower shape of Singapore\u2019s contemporary ArtScience Museum. Resolutely feminine petals are interlaced along the edges. Adorned with an openwork flower, the captivating dial reveals at its centre the Caliber 80 \u2013 the latest-generation automatic movement, whose mainplate has been specially skeletonised and decorated. It invites the wearer to marvel at the passing of time with audacityand elegance. SPECIFICATION:  \u2022 Model: M0432361110100 \u2022 Collection: RAINFLOWER Case \u2022 Shape: Round \u2022 Material: Stainless steel \u2022 Color :  Silver \u2022 Back: See-through case back \u2022 Width :34 mm \u2022 Thickness :9.76 mm Dial and Hands \u2022 Color: White mother-of-pearl \u2022 Dial Type: White mother-of-pearl \u2022 Clock Face: Sapphire crystal with double sided anti-reflection treatment Movement and Functions \u2022 Movement Type: Autometic \u2022 Caliber: Automatic Mido Calibre 80 (base ETA C07.631) \u2022 Movement Description: Power reserve up to 80 hours  \u2022 Functions:  - Strap \u2022 Strap Material: Stainless steel \u2022 Strap Color: Grey \u2022 Strap Type: Bracelet \u2022 Clasp Type :Folding clasp with push-buttons Othes Features \u2022 Water Resistance: Water resistane to 5 bar (50 m / 165 ft) In the Box: \u2022 Watch Model : M0378073603101 \u2022 Stand Watch box \u2022 Waranty Card \u2022 Instruction manual",
        "categories": [
            "Fashion",
            "Watches & Jewelry",
            "Watches"
        ],
        "sku_id": "1000616",
        "price": "43,000.00 THB",
        "primary_image": "",
        "images": [
            "https://img.kingpowerclick.com/cdn-cgi/image/format=auto/kingpower-com/image/upload/w_640,h_640/v1686769451/prod/1000616-L1.jpg"
        ]
    },
    {
        "brand_name": "MENTOS",
        "brand_url": "https://www.kingpower.com/en/brand/mentos",
        "product_url": "https://www.kingpower.com/en/product/mentos-cola-jumbo-296-g",
        "product_name": "MENTOS Cola Jumbo 296G",
        "description": "World\u2019s most famous soda drink, in combination with world\u2019s most favourite candy. Each Jumboroll contains 8 single rolls. * Product has more than 1 month of lifetime before its expiry date. ** Kindly check expiry date of the product before purchasing. Items are non-exchangeable and non-refundable. *** Storage recommendation: Recommend storing product at a temperature of 15 - 25 Celcius and avoid exposing to sunlight or heat. **** Chocolate will be delivered within 7 - 10 working day which separate to deliver from other products. \u200b \u200b World\u2019s most famous soda drink, in combination with world\u2019s most favourite candy. Each Jumboroll contains 8 single rolls. * Product has more than 1 month of lifetime before its expiry date. ** Kindly check expiry date of the product before purchasing. Items are non-exchangeable and non-refundable. *** Storage recommendation: Recommend storing product at a temperature of 15 - 25 Celcius and avoid exposing to sunlight or heat. **** Chocolate will be delivered within 7 - 10 working day which separate to deliver from other products. \u200b \u200b",
        "categories": [
            "Foods & Beverages",
            "Chocolate, Snacks & Confectionary",
            "Snacks & Confectionary",
            "Candy & Gum"
        ],
        "sku_id": "642819",
        "price": "370.00 THB",
        "primary_image": "",
        "images": [
            "https://img.kingpowerclick.com/cdn-cgi/image/format=auto/kingpower-com/image/upload/w_640,h_640/v1609146854/prod/642819-L1.jpg"
        ]
    },
    {
        "brand_name": "MENTOS",
        "brand_url": "https://www.kingpower.com/en/brand/mentos",
        "product_url": "https://www.kingpower.com/en/product/mentos-fruit-jumbo-296-g",
        "product_name": "MENTOS Fruit Jumbo 296 g",
        "description": "This roll contains a mixture of strawberry, orange and lemon flavoured dragees. Each Jumboroll contains 8 single rolls. * Product has more than 1 month of lifetime before its expiry date. ** Kindly check expiry date of the product before purchasing. Items are non-exchangeable and non-refundable. *** Storage recommendation: Recommend storing product at a temperature of 15 - 25 Celcius and avoid exposing to sunlight or heat. **** Chocolate will be delivered within 7 - 10 working day which separate to deliver from other products. \u200b \u200b This roll contains a mixture of strawberry, orange and lemon flavoured dragees. Each Jumboroll contains 8 single rolls. * Product has more than 1 month of lifetime before its expiry date. ** Kindly check expiry date of the product before purchasing. Items are non-exchangeable and non-refundable. *** Storage recommendation: Recommend storing product at a temperature of 15 - 25 Celcius and avoid exposing to sunlight or heat. **** Chocolate will be delivered within 7 - 10 working day which separate to deliver from other products. \u200b \u200b",
        "categories": [
            "Foods & Beverages",
            "Chocolate, Snacks & Confectionary",
            "Snacks & Confectionary",
            "Candy & Gum"
        ],
        "sku_id": "642817",
        "price": "370.00 THB",
        "primary_image": "",
        "images": [
            "https://img.kingpowerclick.com/cdn-cgi/image/format=auto/kingpower-com/image/upload/w_640,h_640/v1609146854/prod/642817-L1.jpg"
        ]
    },
    {
        "brand_name": "MENTOS",
        "brand_url": "https://www.kingpower.com/en/brand/mentos",
        "product_url": "https://www.kingpower.com/en/product/mentos-jumboroll-fanta-300-g",
        "product_name": "MENTOS Jumboroll Fanta - 300 g",
        "description": "The one-of a kind Mentos chewy candy meets the unique bold & fruity taste of a Fanta orange drink. The drink you can chew! A new Jumboroll has been added to the range, the Mentos Jumboroll Fanta. Each roll contains the well known Fanta orange flavour. This Jumboroll consists of 8 individual rolls. The one-of a kind Mentos chewy candy meets the unique bold & fruity taste of a Fanta orange drink. The drink you can chew! A new Jumboroll has been added to the range, the Mentos Jumboroll Fanta. Each roll contains the well known Fanta orange flavour. This Jumboroll consists of 8 individual rolls.",
        "categories": [
            "Foods & Beverages",
            "Chocolate, Snacks & Confectionary",
            "Snacks & Confectionary",
            "Candy & Gum"
        ],
        "sku_id": "993116",
        "price": "370.00 THB",
        "primary_image": "",
        "images": [
            "https://img.kingpowerclick.com/cdn-cgi/image/format=auto/kingpower-com/image/upload/w_640,h_640/v1727238669/prod/993116-L1.jpg"
        ]
    },
    {
        "brand_name": "MCM (PERFUME)",
        "brand_url": "https://www.kingpower.com/en/brand/mcm-perfume",
        "product_url": "https://www.kingpower.com/en/product/mcm-onyx-edp",
        "product_name": "MCM Onyx EDP - 50 ml",
        "description": "MCM\u2019s first fragrance for men transcends physical limits and borders, featuring sustainably-sourced vegan ingredients from across the globe. Hand-picked Nigerian ginger and spices set the tone with smooth and earthy accords. At the heart of the scent lies French lavender, blurring the lines between fresh and floral. Dry-down notes of clean woods and Haitian vetiver express modern masculinity: fiery warmth with a touch of sweetness. Inspired by its dark stone muse, ONYX reimagines the award-winning Stark Backpack bottle in black Visetos with gunmetal accents. \u2022 Fragrance family: Woody Foug\u00e8re \u2022 Top Notes: Hand-picked Nigerian ginger, Pink Pepper, Grapefruit \u2022 Middle Notes: Violet Leaf, Basil, French Lavender \u2022 Base Notes: Clearwood\u00ae, Haitian Vetiver, Tonka MCM\u2019s first fragrance for men transcends physical limits and borders, featuring sustainably-sourced vegan ingredients from across the globe. Hand-picked Nigerian ginger and spices set the tone with smooth and earthy accords. At the heart of the scent lies French lavender, blurring the lines between fresh and floral. Dry-down notes of clean woods and Haitian vetiver express modern masculinity: fiery warmth with a touch of sweetness. Inspired by its dark stone muse, ONYX reimagines the award-winning Stark Backpack bottle in black Visetos with gunmetal accents. \u2022 Fragrance family: Woody Foug\u00e8re \u2022 Top Notes: Hand-picked Nigerian ginger, Pink Pepper, Grapefruit \u2022 Middle Notes: Violet Leaf, Basil, French Lavender \u2022 Base Notes: Clearwood\u00ae, Haitian Vetiver, Tonka",
        "categories": [
            "Beauty",
            "Perfumes & Fragrances",
            "Eau De Parfume"
        ],
        "sku_id": "1006277",
        "price": "3,330.00 THB",
        "primary_image": "",
        "images": [
            "https://img.kingpowerclick.com/cdn-cgi/image/format=auto/kingpower-com/image/upload/w_640,h_640/v1738750319/prod/1006277-L1.jpg"
        ]
    },
    {
        "brand_name": "MCM (PERFUME)",
        "brand_url": "https://www.kingpower.com/en/brand/mcm-perfume",
        "product_url": "https://www.kingpower.com/en/product/mcm-edp-75-ml",
        "product_name": "MCM EDP 75ml",
        "description": "Fragrance deconstructed. Remixing classic perfumery with new technologies, MCM offers a transformative new scent expression. Hyper-real raspberry, natural hand-picked jasmine, clean textured woods and sheer Ambrox come together for a boundary pushing, universal fragrance. Fragrance deconstructed. Remixing classic perfumery with new technologies, MCM offers a transformative new scent expression. Hyper-real raspberry, natural hand-picked jasmine, clean textured woods and sheer Ambrox come together for a boundary pushing, universal fragrance.",
        "categories": [
            "Beauty",
            "Perfumes & Fragrances",
            "Eau De Parfume"
        ],
        "sku_id": "941479",
        "price": "3,970.00 THB",
        "primary_image": "",
        "images": [
            "https://img.kingpowerclick.com/cdn-cgi/image/format=auto/kingpower-com/image/upload/w_640,h_640/v1619752548/prod/941479-L1.jpg"
        ]
    },
    {
        "brand_name": "MONTBLANC",
        "brand_url": "https://www.kingpower.com/en/brand/montblanc",
        "product_url": "https://www.kingpower.com/en/product/montblanc-meisterstuck-business-card-holder-with-gusset",
        "product_name": "MONTBLANC Meisterst\u00fcck Business Card Holder with Gusset",
        "description": "Business card holder with gusset, made of black European full-grain cowhide with unique Montblanc deep shine, jacquard lining with Montblanc brand name, and a Montblanc emblem with palladium-coated ring, with spacious gusset for business cards, 2 pockets for credit cards, 2 additional pockets, back pocket. Dimensions: 7 x 10.5 cm Business card holder with gusset, made of black European full-grain cowhide with unique Montblanc deep shine, jacquard lining with Montblanc brand name, and a Montblanc emblem with palladium-coated ring, with spacious gusset for business cards, 2 pockets for credit cards, 2 additional pockets, back pocket. Dimensions: 7 x 10.5 cm",
        "categories": [
            "Fashion",
            "Bags, Luggage & Travel",
            "Bags",
            "Card Cases & Other Bags"
        ],
        "sku_id": "59067",
        "price": "9,600.00 THB",
        "primary_image": "",
        "images": [
            "https://img.kingpowerclick.com/cdn-cgi/image/format=auto/kingpower-com/image/upload/w_640,h_640/v1511364260/prod/59067-l1.jpg"
        ]
    },
    {
        "brand_name": "MCM (PERFUME)",
        "brand_url": "https://www.kingpower.com/en/brand/mcm-perfume",
        "product_url": "https://www.kingpower.com/en/product/mcm-ultra-edp-75-ml",
        "product_name": "MCM Ultra EDP - 75 ml",
        "description": "MCM Ultra Eau de Parfum challenges traditional ideals of femininity through unapologetic notes rooted in sustainably sourced ingredients. Senses are awakened with a burst of black currant and Lady Pink Apple \u2014 followed closely by a spicy-sweet rush of fresh pink pepper. Perennial youth is then evoked through the floral duet of tuberose and jasmine. The olfactory orchestra concludes with a harmonious symphony of warm cedarwood, tonka, moss, and golden amber. Clad in Berlin Gold Visetos, the signature Stark backpack bottle epitomizes the precious nature of this ultramodern scent. \u2022 Fragrance family: Playful woody floral \u2022 Top Notes: Black Currant, Pink Pepper, Pink Lady Apple \u2022 Middle Notes: Apricot Nectar, Tuberose, Jasmine Sambac \u2022 Base Notes: Cedarwood, Golden Amber, Tonka Bean, Moss MCM Ultra Eau de Parfum challenges traditional ideals of femininity through unapologetic notes rooted in sustainably sourced ingredients. Senses are awakened with a burst of black currant and Lady Pink Apple \u2014 followed closely by a spicy-sweet rush of fresh pink pepper. Perennial youth is then evoked through the floral duet of tuberose and jasmine. The olfactory orchestra concludes with a harmonious symphony of warm cedarwood, tonka, moss, and golden amber. Clad in Berlin Gold Visetos, the signature Stark backpack bottle epitomizes the precious nature of this ultramodern scent. \u2022 Fragrance family: Playful woody floral \u2022 Top Notes: Black Currant, Pink Pepper, Pink Lady Apple \u2022 Middle Notes: Apricot Nectar, Tuberose, Jasmine Sambac \u2022 Base Notes: Cedarwood, Golden Amber, Tonka Bean, Moss",
        "categories": [
            "Beauty",
            "Perfumes & Fragrances",
            "Eau De Parfume"
        ],
        "sku_id": "966344",
        "price": "4,015.00 THB",
        "primary_image": "",
        "images": [
            "https://img.kingpowerclick.com/cdn-cgi/image/format=auto/kingpower-com/image/upload/w_640,h_640/v1738750318/prod/966344-L1.jpg"
        ]
    },
    {
        "brand_name": "MONTBLANC",
        "brand_url": "https://www.kingpower.com/en/brand/montblanc",
        "product_url": "https://www.kingpower.com/en/product/montblanc-star-walker-doue-ballpoint-pen",
        "product_name": "MONTBLANC StarWalker Dou\u00e9 Ballpoint Pen",
        "description": "The new StarWalker is about walking amid the stars. It's about exploring the cosmos and foreign galaxies, about being part of one of the most mysterious and powerful of human kind\u2019s adventures: space exploration. The collection's new design celebrates the immense emotion, described by all space travelers, of seeing our blue planet floating in the vast expanse of space. The unique StarWalker emblem technology features a blue translucent dome beneath the Montblanc emblem, reminiscent of the Earth emerging above the lunar horizon. The StarWalker Dou\u00e9 comes with a platinum-coated forepart and fittings and a black precious resin barrel. Collection : StarWalker Model No.: MB118873 Main material : Precious Resin Writing System : Ballpoint Pen  - Set includes product and packaging (excludes Montblanc gift bag)   - Company reserves the right not to accept an exchange, a return or a refund after purchasing unless the defect or damage is caused by the manufacturing process or QC errors. The new StarWalker is about walking amid the stars. It's about exploring the cosmos and foreign galaxies, about being part of one of the most mysterious and powerful of human kind\u2019s adventures: space exploration. The collection's new design celebrates the immense emotion, described by all space travelers, of seeing our blue planet floating in the vast expanse of space. The unique StarWalker emblem technology features a blue translucent dome beneath the Montblanc emblem, reminiscent of the Earth emerging above the lunar horizon. The StarWalker Dou\u00e9 comes with a platinum-coated forepart and fittings and a black precious resin barrel. Collection : StarWalker Model No.: MB118873 Main material : Precious Resin Writing System : Ballpoint Pen  - Set includes product and packaging (excludes Montblanc gift bag)   - Company reserves the right not to accept an exchange, a return or a refund after purchasing unless the defect or damage is caused by the manufacturing process or QC errors.",
        "categories": [
            "Home & Living",
            "Stationery & Office Supplies",
            "Writing Instruments"
        ],
        "sku_id": "870277",
        "price": "16,900.00 THB",
        "primary_image": "https://img.kingpowerclick.com/cdn-cgi/image/format=auto/kingpower-com/image/upload/w_640,h_640/v1666665649/prod/870277-L2.jpg",
        "images": [
            "https://img.kingpowerclick.com/cdn-cgi/image/format=auto/kingpower-com/image/upload/w_640,h_640/v1666665651/prod/870277-L1.jpg",
            "https://img.kingpowerclick.com/cdn-cgi/image/format=auto/kingpower-com/image/upload/w_640,h_640/v1666665649/prod/870277-L2.jpg",
            "https://img.kingpowerclick.com/cdn-cgi/image/format=auto/kingpower-com/image/upload/w_640,h_640/v1666665651/prod/870277-L3.jpg",
            "https://img.kingpowerclick.com/cdn-cgi/image/format=auto/kingpower-com/image/upload/w_640,h_640/v1666665651/prod/870277-L4.jpg",
            "https://img.kingpowerclick.com/cdn-cgi/image/format=auto/kingpower-com/image/upload/w_640,h_640/v1666665651/prod/870277-L5.jpg",
            "https://img.kingpowerclick.com/cdn-cgi/image/format=auto/kingpower-com/image/upload/w_640,h_640/v1666665651/prod/870277-L6.jpg"
        ]
    },
    {
        "brand_name": "MONTBLANC",
        "brand_url": "https://www.kingpower.com/en/brand/montblanc",
        "product_url": "https://www.kingpower.com/en/product/montblanc-extreme-3-0-backpack-with-m-lock-4810-buckle-black",
        "product_name": "MONTBLANC Extreme 3.0 Backpack with M LOCK 4810 Buckle - Black",
        "description": "Versatile and dynamic, this backpack has been designed to offer a trendy look without compromising on functionality or practicality. The embossed full-grain bovine leather featuring the Montblanc Extreme 3.0 motif lends a distinctive style, alongside the M LOCK 4810 buckle inspired by the world of climbing. This backpack is a convenient companion for young urban explorers intensely living their daily life, thanks to a padded compartment for laptops measuring up to 13\", several pockets and two writing instrument loops. Collection: Extreme 3.0  Model No: MB129965 Material : Cowhide Leather : Eco-friendly full-grain bovine leather with CO2 neutral tanning process Strap : 2 adjustable shoulder straps Lining : Recycled fabric Closure : Zip Dimension : 11.81 x 5.12 x 16.14 inches  - Set includes product and packaging (excludes Montblanc gift bag)   - Company reserves the right not to accept an exchange, a return or a refund after purchasing unless the defect or damage is caused by the manufacturing process or QC errors. Versatile and dynamic, this backpack has been designed to offer a trendy look without compromising on functionality or practicality. The embossed full-grain bovine leather featuring the Montblanc Extreme 3.0 motif lends a distinctive style, alongside the M LOCK 4810 buckle inspired by the world of climbing. This backpack is a convenient companion for young urban explorers intensely living their daily life, thanks to a padded compartment for laptops measuring up to 13\", several pockets and two writing instrument loops. Collection: Extreme 3.0  Model No: MB129965 Material : Cowhide Leather : Eco-friendly full-grain bovine leather with CO2 neutral tanning process Strap : 2 adjustable shoulder straps Lining : Recycled fabric Closure : Zip Dimension : 11.81 x 5.12 x 16.14 inches  - Set includes product and packaging (excludes Montblanc gift bag)   - Company reserves the right not to accept an exchange, a return or a refund after purchasing unless the defect or damage is caused by the manufacturing process or QC errors.",
        "categories": [
            "Fashion",
            "Bags, Luggage & Travel",
            "Bags",
            "Backpacks"
        ],
        "sku_id": "973396",
        "price": "59,000.00 THB",
        "primary_image": "https://img.kingpowerclick.com/cdn-cgi/image/format=auto/kingpower-com/image/upload/w_640,h_640/v1666837969/prod/973396-L2.jpg",
        "images": [
            "https://img.kingpowerclick.com/cdn-cgi/image/format=auto/kingpower-com/image/upload/w_640,h_640/v1666837969/prod/973396-L1.jpg",
            "https://img.kingpowerclick.com/cdn-cgi/image/format=auto/kingpower-com/image/upload/w_640,h_640/v1666837969/prod/973396-L2.jpg",
            "https://img.kingpowerclick.com/cdn-cgi/image/format=auto/kingpower-com/image/upload/w_640,h_640/v1666837969/prod/973396-L3.jpg",
            "https://img.kingpowerclick.com/cdn-cgi/image/format=auto/kingpower-com/image/upload/w_640,h_640/v1666837971/prod/973396-L4.jpg",
            "https://img.kingpowerclick.com/cdn-cgi/image/format=auto/kingpower-com/image/upload/w_640,h_640/v1666837969/prod/973396-L5.jpg",
            "https://img.kingpowerclick.com/cdn-cgi/image/format=auto/kingpower-com/image/upload/w_640,h_640/v1666837969/prod/973396-L6.jpg"
        ]
    },
    {
        "brand_name": "MONTBLANC",
        "brand_url": "https://www.kingpower.com/en/brand/montblanc",
        "product_url": "https://www.kingpower.com/en/product/montblanc-montblanc-belt-587753",
        "product_name": "MONTBLANC Montblanc Belt",
        "description": "Shiny palladium-coated revolving rounded horseshoe pin buckle with Montblanc emblem. Self-adjustable, 3 cm x 120 cm, reversible black & brown leather strap. Shiny palladium-coated revolving rounded horseshoe pin buckle with Montblanc emblem. Self-adjustable, 3 cm x 120 cm, reversible black & brown leather strap.",
        "categories": [
            "Fashion",
            "Clothing",
            "Clothing Accessories",
            "Belts"
        ],
        "sku_id": "587753",
        "price": "12,900.00 THB",
        "primary_image": "",
        "images": [
            "https://img.kingpowerclick.com/cdn-cgi/image/format=auto/kingpower-com/image/upload/w_640,h_640/v1511364260/prod/587753-l1.jpg"
        ]
    },
    {
        "brand_name": "MONTBLANC",
        "brand_url": "https://www.kingpower.com/en/brand/montblanc",
        "product_url": "https://www.kingpower.com/en/product/montblanc-star-walker-space-blue-resin-fineliner-pen",
        "product_name": "MONTBLANC StarWalker SpaceBlue Resin Fineliner Pen",
        "description": "StarWalker SpaceBlue looks beyond planet earth and turns towards the stars and the galaxy. This new Starwalker collection brings a new look for resin cap and barrel, with a design that recalls the intricate structures of the Widmanst\u00e4tten Pattern, one of nature's most hypnotic creations. All metal parts are coated in dark ruthenium, accompanied by a deep space blue tone for the matte precious resin, recalling the hues of a starry sky. Also the subdome on the cap top, over which the Montblanc emblem floats, comes in a deep space blue colour. Writing System: Fineliner Barrel & Cap: Design that recalls the intricate structures of the Widmanst\u00e4tten Pattern Trim & Clip: Coated in dark ruthenium, with a dark blue tone for the matte precious resin StarWalker SpaceBlue looks beyond planet earth and turns towards the stars and the galaxy. This new Starwalker collection brings a new look for resin cap and barrel, with a design that recalls the intricate structures of the Widmanst\u00e4tten Pattern, one of nature's most hypnotic creations. All metal parts are coated in dark ruthenium, accompanied by a deep space blue tone for the matte precious resin, recalling the hues of a starry sky. Also the subdome on the cap top, over which the Montblanc emblem floats, comes in a deep space blue colour. Writing System: Fineliner Barrel & Cap: Design that recalls the intricate structures of the Widmanst\u00e4tten Pattern Trim & Clip: Coated in dark ruthenium, with a dark blue tone for the matte precious resin",
        "categories": [
            "Home & Living",
            "Stationery & Office Supplies",
            "Writing Instruments"
        ],
        "sku_id": "1027454",
        "price": "16,900.00 THB",
        "primary_image": "https://img.kingpowerclick.com/cdn-cgi/image/format=auto/kingpower-com/image/upload/w_640,h_640/v1695863811/prod/1027454-L2.jpg",
        "images": [
            "https://img.kingpowerclick.com/cdn-cgi/image/format=auto/kingpower-com/image/upload/w_640,h_640/v1695863811/prod/1027454-L1.jpg",
            "https://img.kingpowerclick.com/cdn-cgi/image/format=auto/kingpower-com/image/upload/w_640,h_640/v1695863811/prod/1027454-L2.jpg",
            "https://img.kingpowerclick.com/cdn-cgi/image/format=auto/kingpower-com/image/upload/w_640,h_640/v1695863812/prod/1027454-L3.jpg",
            "https://img.kingpowerclick.com/cdn-cgi/image/format=auto/kingpower-com/image/upload/w_640,h_640/v1695863812/prod/1027454-L4.jpg",
            "https://img.kingpowerclick.com/cdn-cgi/image/format=auto/kingpower-com/image/upload/w_640,h_640/v1695863811/prod/1027454-L5.jpg",
            "https://img.kingpowerclick.com/cdn-cgi/image/format=auto/kingpower-com/image/upload/w_640,h_640/v1695863812/prod/1027454-L6.jpg"
        ]
    },
    {
        "brand_name": "MONTBLANC",
        "brand_url": "https://www.kingpower.com/en/brand/montblanc",
        "product_url": "https://www.kingpower.com/en/product/montblanc-extreme-3-0-thin-document-case-black",
        "product_name": "MONTBLANC Extreme 3.0 Thin Document Case - Black",
        "description": "A contemporary bag designed to offer functionality and practicality to the modern city dweller. The embossed full-grain bovine leather featuring the Montblanc Extreme 3.0 motif lends an unmistakable style, alongside the black metal fittings. The perfect everyday match for any kind of meeting, it provides internal space for A4-sized documents, writing instruments and other essentials thanks to a zipped pocket and two pen loops. Collection: Extreme 3.0  Model No: MB129962 Material : Cowhide Leather : Eco-friendly full-grain bovine leather with CO2 neutral tanning process Strap : Adjustable and detachable leather shoulder strap Lining : Recycled fabric Closure : Zip Dimension : 14.57 x 2.36 x 11.02 inches - Set includes product and packaging (excludes Montblanc gift bag) - Company reserves the right not to accept an exchange, a return or a refund after purchasing unless the defect or damage is caused by the manufacturing process or QC errors. A contemporary bag designed to offer functionality and practicality to the modern city dweller. The embossed full-grain bovine leather featuring the Montblanc Extreme 3.0 motif lends an unmistakable style, alongside the black metal fittings. The perfect everyday match for any kind of meeting, it provides internal space for A4-sized documents, writing instruments and other essentials thanks to a zipped pocket and two pen loops. Collection: Extreme 3.0  Model No: MB129962 Material : Cowhide Leather : Eco-friendly full-grain bovine leather with CO2 neutral tanning process Strap : Adjustable and detachable leather shoulder strap Lining : Recycled fabric Closure : Zip Dimension : 14.57 x 2.36 x 11.02 inches - Set includes product and packaging (excludes Montblanc gift bag) - Company reserves the right not to accept an exchange, a return or a refund after purchasing unless the defect or damage is caused by the manufacturing process or QC errors.",
        "categories": [
            "Fashion",
            "Bags, Luggage & Travel",
            "Bags",
            "Satchels & Messenger Bags"
        ],
        "sku_id": "973394",
        "price": "49,800.00 THB",
        "primary_image": "https://img.kingpowerclick.com/cdn-cgi/image/format=auto/kingpower-com/image/upload/w_640,h_640/v1666837969/prod/973394-L2.jpg",
        "images": [
            "https://img.kingpowerclick.com/cdn-cgi/image/format=auto/kingpower-com/image/upload/w_640,h_640/v1666837971/prod/973394-L1.jpg",
            "https://img.kingpowerclick.com/cdn-cgi/image/format=auto/kingpower-com/image/upload/w_640,h_640/v1666837969/prod/973394-L2.jpg",
            "https://img.kingpowerclick.com/cdn-cgi/image/format=auto/kingpower-com/image/upload/w_640,h_640/v1666837969/prod/973394-L3.jpg",
            "https://img.kingpowerclick.com/cdn-cgi/image/format=auto/kingpower-com/image/upload/w_640,h_640/v1666837969/prod/973394-L4.jpg",
            "https://img.kingpowerclick.com/cdn-cgi/image/format=auto/kingpower-com/image/upload/w_640,h_640/v1666837969/prod/973394-L5.jpg",
            "https://img.kingpowerclick.com/cdn-cgi/image/format=auto/kingpower-com/image/upload/w_640,h_640/v1666837969/prod/973394-L6.jpg"
        ]
    },
    {
        "brand_name": "MONTBLANC",
        "brand_url": "https://www.kingpower.com/en/brand/montblanc",
        "product_url": "https://www.kingpower.com/en/product/montblanc-horseshoe-buckle-30-mm-reversible-leather-belt-black-brown",
        "product_name": "MONTBLANC Horseshoe Buckle 30mm Reversible Leather Belt -  Black/Brown",
        "description": "Shiny palladium-finish horseshoe pin buckle with engraved Montblanc brand name on the sides and Montblanc emblem. Self-adjustable, reversible black/brown leather strap. Refined and understated, for any kind of look. Buckle Shape : Horseshoe Material : Solid brass and stainless steel  Coating : Palladium finish Mechanism : Easy-to-open mechanism to adjust strap length Emblem : Montblanc emblem on the metal loop Strap Material : Strap Reversible black and brown cowhide leather Strap length and width : 120 \u00d7 0.5 \u00d7 3 cm Shiny palladium-finish horseshoe pin buckle with engraved Montblanc brand name on the sides and Montblanc emblem. Self-adjustable, reversible black/brown leather strap. Refined and understated, for any kind of look. Buckle Shape : Horseshoe Material : Solid brass and stainless steel  Coating : Palladium finish Mechanism : Easy-to-open mechanism to adjust strap length Emblem : Montblanc emblem on the metal loop Strap Material : Strap Reversible black and brown cowhide leather Strap length and width : 120 \u00d7 0.5 \u00d7 3 cm",
        "categories": [
            "Fashion",
            "Clothing",
            "Clothing Accessories",
            "Belts"
        ],
        "sku_id": "993963",
        "price": "10,700.00 THB",
        "primary_image": "https://img.kingpowerclick.com/cdn-cgi/image/format=auto/kingpower-com/image/upload/w_640,h_640/v1695865161/prod/993963-L2.jpg",
        "images": [
            "https://img.kingpowerclick.com/cdn-cgi/image/format=auto/kingpower-com/image/upload/w_640,h_640/v1695865161/prod/993963-L1.jpg",
            "https://img.kingpowerclick.com/cdn-cgi/image/format=auto/kingpower-com/image/upload/w_640,h_640/v1695865161/prod/993963-L2.jpg",
            "https://img.kingpowerclick.com/cdn-cgi/image/format=auto/kingpower-com/image/upload/w_640,h_640/v1695865161/prod/993963-L3.jpg",
            "https://img.kingpowerclick.com/cdn-cgi/image/format=auto/kingpower-com/image/upload/w_640,h_640/v1695865161/prod/993963-L4.jpg"
        ]
    },
    {
        "brand_name": "MONTBLANC",
        "brand_url": "https://www.kingpower.com/en/brand/montblanc",
        "product_url": "https://www.kingpower.com/en/product/montblanc-horseshoe-buckle-35-mm-leather-belt-brown",
        "product_name": "MONTBLANC Horseshoe Buckle 35mm Leather Belt - Brown",
        "description": "Horseshoe shiny & matte stainless steel pin buckle. Self-adjustable, brown plain leather strap featuring the unique patina of hand-painted leather with a delicate gradation of colors. Buckle Shape : Horseshoe Material : Stainless steel Finish : Shiny and Matte Mechanism : Easy-to-open mechanism to adjust strap length Emblem : Montblanc emblem on the metal loop Strap Material : Sfumato leather strap Strap length and width : 120 \u00d7 0.5 \u00d7 3 cm Horseshoe shiny & matte stainless steel pin buckle. Self-adjustable, brown plain leather strap featuring the unique patina of hand-painted leather with a delicate gradation of colors. Buckle Shape : Horseshoe Material : Stainless steel Finish : Shiny and Matte Mechanism : Easy-to-open mechanism to adjust strap length Emblem : Montblanc emblem on the metal loop Strap Material : Sfumato leather strap Strap length and width : 120 \u00d7 0.5 \u00d7 3 cm",
        "categories": [
            "Fashion",
            "Clothing",
            "Clothing Accessories",
            "Belts"
        ],
        "sku_id": "812883",
        "price": "15,500.00 THB",
        "primary_image": "https://img.kingpowerclick.com/cdn-cgi/image/format=auto/kingpower-com/image/upload/w_640,h_640/v1695865161/prod/812883-L2.jpg",
        "images": [
            "https://img.kingpowerclick.com/cdn-cgi/image/format=auto/kingpower-com/image/upload/w_640,h_640/v1695865161/prod/812883-L1.jpg",
            "https://img.kingpowerclick.com/cdn-cgi/image/format=auto/kingpower-com/image/upload/w_640,h_640/v1695865161/prod/812883-L2.jpg",
            "https://img.kingpowerclick.com/cdn-cgi/image/format=auto/kingpower-com/image/upload/w_640,h_640/v1695865161/prod/812883-L3.jpg",
            "https://img.kingpowerclick.com/cdn-cgi/image/format=auto/kingpower-com/image/upload/w_640,h_640/v1695865161/prod/812883-L4.jpg"
        ]
    },
    {
        "brand_name": "MONTBLANC",
        "brand_url": "https://www.kingpower.com/en/brand/montblanc",
        "product_url": "https://www.kingpower.com/en/product/montblanc-extreme-3-0-card-holder-8-cc-with-zipped-pocket-black",
        "product_name": "MONTBLANC Extreme 3.0 Card Holder 8cc with Zipped Pocket - Black",
        "description": "The Montblanc Extreme 3.0 card holder features 8 card slots and a practical zipped pocket. The embossed full-grain bovine leather featuring the Montblanc Extreme 3.0 motif lends an unmistakable style, alongside the black metal fittings. Thanks to a side ring on the back, you can attach the card holder to a hook or neck strap to keep all your belongings close at hand. Neck strap sold separately. Material Leather / Leather colour : Full-grain bovine leather with unmistakable Extreme 3.0 embossed pattern\u0094/ Black Lining / Lining colour : Recycled fabric/ Black Fittings / Emblem : Montblanc emblem with palladium finish ring Features Closure/Lock : Zip Interior organisation : 8 credit card slots, 4 additional pockets, zipped pocket Additional characteristics : D-ring Dimensions : 8.5 \u00d7 13.5 \u00d7 0.5 cm The Montblanc Extreme 3.0 card holder features 8 card slots and a practical zipped pocket. The embossed full-grain bovine leather featuring the Montblanc Extreme 3.0 motif lends an unmistakable style, alongside the black metal fittings. Thanks to a side ring on the back, you can attach the card holder to a hook or neck strap to keep all your belongings close at hand. Neck strap sold separately. Material Leather / Leather colour : Full-grain bovine leather with unmistakable Extreme 3.0 embossed pattern\u0094/ Black Lining / Lining colour : Recycled fabric/ Black Fittings / Emblem : Montblanc emblem with palladium finish ring Features Closure/Lock : Zip Interior organisation : 8 credit card slots, 4 additional pockets, zipped pocket Additional characteristics : D-ring Dimensions : 8.5 \u00d7 13.5 \u00d7 0.5 cm",
        "categories": [
            "Fashion",
            "Bags, Luggage & Travel",
            "Bags",
            "Card Cases & Other Bags"
        ],
        "sku_id": "973406",
        "price": "10,300.00 THB",
        "primary_image": "https://img.kingpowerclick.com/cdn-cgi/image/format=auto/kingpower-com/image/upload/w_640,h_640/v1695865161/prod/973406-L2.jpg",
        "images": [
            "https://img.kingpowerclick.com/cdn-cgi/image/format=auto/kingpower-com/image/upload/w_640,h_640/v1695865161/prod/973406-L1.jpg",
            "https://img.kingpowerclick.com/cdn-cgi/image/format=auto/kingpower-com/image/upload/w_640,h_640/v1695865161/prod/973406-L2.jpg",
            "https://img.kingpowerclick.com/cdn-cgi/image/format=auto/kingpower-com/image/upload/w_640,h_640/v1695865159/prod/973406-L3.jpg",
            "https://img.kingpowerclick.com/cdn-cgi/image/format=auto/kingpower-com/image/upload/w_640,h_640/v1695865161/prod/973406-L4.jpg",
            "https://img.kingpowerclick.com/cdn-cgi/image/format=auto/kingpower-com/image/upload/w_640,h_640/v1695865161/prod/973406-L5.jpg",
            "https://img.kingpowerclick.com/cdn-cgi/image/format=auto/kingpower-com/image/upload/w_640,h_640/v1695865161/prod/973406-L6.jpg"
        ]
    },
    {
        "brand_name": "MONTBLANC",
        "brand_url": "https://www.kingpower.com/en/brand/montblanc",
        "product_url": "https://www.kingpower.com/en/product/montblanc-horseshoe-buckle-black-brown-30-mm-reversible-leather-belt",
        "product_name": "MONTBLANC Horseshoe Buckle Black/Brown 30mm Reversible Leather Belt",
        "description": "Shiny stainless steel horseshoe pin buckle with Montblanc emblem. Self-adjustable, reversible saffiano-printed black & brown leather strap. Buckle Shape : Horseshoe Material : Stainless steel Finish : Shiny  Mechanism : Easy-to-open mechanism to adjust strap length Emblem : Montblanc emblem  Strap Material : Reversible black/brown Saffiano-printed leather strap Strap length and width : 120 \u00d7 0.5 \u00d7 3 cm Shiny stainless steel horseshoe pin buckle with Montblanc emblem. Self-adjustable, reversible saffiano-printed black & brown leather strap. Buckle Shape : Horseshoe Material : Stainless steel Finish : Shiny  Mechanism : Easy-to-open mechanism to adjust strap length Emblem : Montblanc emblem  Strap Material : Reversible black/brown Saffiano-printed leather strap Strap length and width : 120 \u00d7 0.5 \u00d7 3 cm",
        "categories": [
            "Fashion",
            "Clothing",
            "Clothing Accessories",
            "Belts"
        ],
        "sku_id": "611325",
        "price": "10,700.00 THB",
        "primary_image": "https://img.kingpowerclick.com/cdn-cgi/image/format=auto/kingpower-com/image/upload/w_640,h_640/v1695865161/prod/611325-L2.jpg",
        "images": [
            "https://img.kingpowerclick.com/cdn-cgi/image/format=auto/kingpower-com/image/upload/w_640,h_640/v1695865161/prod/611325-L1.jpg",
            "https://img.kingpowerclick.com/cdn-cgi/image/format=auto/kingpower-com/image/upload/w_640,h_640/v1695865161/prod/611325-L2.jpg"
        ]
    },
    {
        "brand_name": "MONTBLANC",
        "brand_url": "https://www.kingpower.com/en/brand/montblanc",
        "product_url": "https://www.kingpower.com/en/product/montblanc-meisterstuck-pocket-holder-6-cc-black",
        "product_name": "MONTBLANC Meisterst\u00fcck Pocket Holder 6cc - Black",
        "description": "The Meisterst\u00fcck Pocket 6cc is made of black full-grain calfskin and black jacquard lining with Montblanc brand name. As part of the legendary Meisterst\u00fcck collection, this black pocket holder stands for long traditions of crafting products with first-class material and the finest-skilled artisans. Offering 6 pockets for credit or business cards and an additional pocket it is the perfect companion for everyday life. Material Leather / Leather colour : Full-grain cowhide with Montblanc deep shine, chrome-tanned, dyed through\u0094/ Black Lining / Lining colour : Jacquard lining with Montblanc brand name\u0094/ Black Fittings / Emblem : Montblanc emblem with palladium finish ring Features Interior organisation : 6 pockets for credit cards, additional pocket Dimensions : 10 \u00d7 8 \u00d7 0.5 cm The Meisterst\u00fcck Pocket 6cc is made of black full-grain calfskin and black jacquard lining with Montblanc brand name. As part of the legendary Meisterst\u00fcck collection, this black pocket holder stands for long traditions of crafting products with first-class material and the finest-skilled artisans. Offering 6 pockets for credit or business cards and an additional pocket it is the perfect companion for everyday life. Material Leather / Leather colour : Full-grain cowhide with Montblanc deep shine, chrome-tanned, dyed through\u0094/ Black Lining / Lining colour : Jacquard lining with Montblanc brand name\u0094/ Black Fittings / Emblem : Montblanc emblem with palladium finish ring Features Interior organisation : 6 pockets for credit cards, additional pocket Dimensions : 10 \u00d7 8 \u00d7 0.5 cm",
        "categories": [
            "Fashion",
            "Bags, Luggage & Travel",
            "Bags",
            "Card Cases & Other Bags"
        ],
        "sku_id": "799502",
        "price": "8,200.00 THB",
        "primary_image": "https://img.kingpowerclick.com/cdn-cgi/image/format=auto/kingpower-com/image/upload/w_640,h_640/v1695865161/prod/799502-L2.jpg",
        "images": [
            "https://img.kingpowerclick.com/cdn-cgi/image/format=auto/kingpower-com/image/upload/w_640,h_640/v1695865161/prod/799502-L1.jpg",
            "https://img.kingpowerclick.com/cdn-cgi/image/format=auto/kingpower-com/image/upload/w_640,h_640/v1695865161/prod/799502-L2.jpg",
            "https://img.kingpowerclick.com/cdn-cgi/image/format=auto/kingpower-com/image/upload/w_640,h_640/v1695865161/prod/799502-L3.jpg",
            "https://img.kingpowerclick.com/cdn-cgi/image/format=auto/kingpower-com/image/upload/w_640,h_640/v1695865162/prod/799502-L4.jpg",
            "https://img.kingpowerclick.com/cdn-cgi/image/format=auto/kingpower-com/image/upload/w_640,h_640/v1695865161/prod/799502-L5.jpg"
        ]
    },
    {
        "brand_name": "MONTBLANC",
        "brand_url": "https://www.kingpower.com/en/brand/montblanc",
        "product_url": "https://www.kingpower.com/en/product/montblanc-sartorial-wallet-6-cc-black",
        "product_name": "MONTBLANC Sartorial Wallet 6cc - Black",
        "description": "A must-have that easily fits into most pockets. Crafted in Saffiano-printed leather, the wallet comes with slots for up to six credit cards. There are two compartments for banknotes as well as two additional pockets for small items. Material Leather / Leather colour : Saffiano printed full-grain bovine leather\u0094/ Black Lining / Lining colour : Cotton and polyamid lining\u0094/ Black Fittings / Emblem : Montblanc emblem with palladium finish ring Features Interior organisation : 6 credit card slots, 2 compartments for banknotes, 2 additional pockets  Dimensions : 11.5 \u00d7 9 \u00d7 0.5 cm A must-have that easily fits into most pockets. Crafted in Saffiano-printed leather, the wallet comes with slots for up to six credit cards. There are two compartments for banknotes as well as two additional pockets for small items. Material Leather / Leather colour : Saffiano printed full-grain bovine leather\u0094/ Black Lining / Lining colour : Cotton and polyamid lining\u0094/ Black Fittings / Emblem : Montblanc emblem with palladium finish ring Features Interior organisation : 6 credit card slots, 2 compartments for banknotes, 2 additional pockets  Dimensions : 11.5 \u00d7 9 \u00d7 0.5 cm",
        "categories": [
            "Fashion",
            "Bags, Luggage & Travel",
            "Bags",
            "Wallets & Purses"
        ],
        "sku_id": "1006549",
        "price": "13,300.00 THB",
        "primary_image": "https://img.kingpowerclick.com/cdn-cgi/image/format=auto/kingpower-com/image/upload/w_640,h_640/v1695865161/prod/1006549-L2.jpg",
        "images": [
            "https://img.kingpowerclick.com/cdn-cgi/image/format=auto/kingpower-com/image/upload/w_640,h_640/v1695865161/prod/1006549-L1.jpg",
            "https://img.kingpowerclick.com/cdn-cgi/image/format=auto/kingpower-com/image/upload/w_640,h_640/v1695865161/prod/1006549-L2.jpg",
            "https://img.kingpowerclick.com/cdn-cgi/image/format=auto/kingpower-com/image/upload/w_640,h_640/v1695865161/prod/1006549-L3.jpg",
            "https://img.kingpowerclick.com/cdn-cgi/image/format=auto/kingpower-com/image/upload/w_640,h_640/v1695865161/prod/1006549-L4.jpg"
        ]
    },
    {
        "brand_name": "MONTBLANC",
        "brand_url": "https://www.kingpower.com/en/brand/montblanc",
        "product_url": "https://www.kingpower.com/en/product/montblanc-meisterstuck-wallet-8-cc-black",
        "product_name": "MONTBLANC Meisterst\u00fcck Wallet 8cc - Black",
        "description": "Wallet 8 cc, made of black European full-grain cowhide with unique Montblanc deep shine, jacquard lining with Montblanc brand name, Montblanc emblem with palladium-finish ring, with 8 pockets for credit cards, 2 compartments for cash, 2 additional pockets Material Leather / Leather colour : Full-grain cowhide with Montblanc deep shine, chrome-tanned, dyed through\u0094/ Black Lining / Lining colour : Jacquard lining with Montblanc brand name\u0094/ Black Fittings / Emblem : Montblanc emblem with palladium finish ring Features Interior organisation : 8 pockets for credit cards, 2 compartments for banknotes, 2 additional pockets Dimensions : 10.5 \u00d7 9.5 \u00d7 1 cm Wallet 8 cc, made of black European full-grain cowhide with unique Montblanc deep shine, jacquard lining with Montblanc brand name, Montblanc emblem with palladium-finish ring, with 8 pockets for credit cards, 2 compartments for cash, 2 additional pockets Material Leather / Leather colour : Full-grain cowhide with Montblanc deep shine, chrome-tanned, dyed through\u0094/ Black Lining / Lining colour : Jacquard lining with Montblanc brand name\u0094/ Black Fittings / Emblem : Montblanc emblem with palladium finish ring Features Interior organisation : 8 pockets for credit cards, 2 compartments for banknotes, 2 additional pockets Dimensions : 10.5 \u00d7 9.5 \u00d7 1 cm",
        "categories": [
            "Fashion",
            "Bags, Luggage & Travel",
            "Bags",
            "Wallets & Purses"
        ],
        "sku_id": "59064",
        "price": "15,500.00 THB",
        "primary_image": "https://img.kingpowerclick.com/cdn-cgi/image/format=auto/kingpower-com/image/upload/w_640,h_640/v1695865161/prod/59064-L2.jpg",
        "images": [
            "https://img.kingpowerclick.com/cdn-cgi/image/format=auto/kingpower-com/image/upload/w_640,h_640/v1695865161/prod/59064-L1.jpg",
            "https://img.kingpowerclick.com/cdn-cgi/image/format=auto/kingpower-com/image/upload/w_640,h_640/v1695865161/prod/59064-L2.jpg",
            "https://img.kingpowerclick.com/cdn-cgi/image/format=auto/kingpower-com/image/upload/w_640,h_640/v1695865161/prod/59064-L3.jpg",
            "https://img.kingpowerclick.com/cdn-cgi/image/format=auto/kingpower-com/image/upload/w_640,h_640/v1695865161/prod/59064-L4.jpg"
        ]
    },
    {
        "brand_name": "MONTBLANC",
        "brand_url": "https://www.kingpower.com/en/brand/montblanc",
        "product_url": "https://www.kingpower.com/en/product/montblanc-extreme-3-0-envelope-with-m-lock-4810-blue",
        "product_name": "MONTBLANC Extreme 3.0 Envelope with M Lock 4810 - Blue",
        "description": "The Extreme 3.0 envelope with M Lock 4810 buckle represents a trendy companion for a modern and contemporary man. The embossed full-grain bovine leather with the Extreme 3.0 motif lends an unmistakable style, as well as the M LOCK 4810 buckle that comes from the climbing world. Thanks to its adjustable shoulder strap and its internal pocket, this bag follow you all day long, keeping your essentials safe. Ident No. MB198373 Dimensions: 310 x 60 x 170 mm The Extreme 3.0 envelope with M Lock 4810 buckle represents a trendy companion for a modern and contemporary man. The embossed full-grain bovine leather with the Extreme 3.0 motif lends an unmistakable style, as well as the M LOCK 4810 buckle that comes from the climbing world. Thanks to its adjustable shoulder strap and its internal pocket, this bag follow you all day long, keeping your essentials safe. Ident No. MB198373 Dimensions: 310 x 60 x 170 mm",
        "categories": [
            "Fashion",
            "Bags, Luggage & Travel",
            "Bags",
            "Crossbody & Shoulder Bags"
        ],
        "sku_id": "1059730",
        "price": "40,700.00 THB",
        "primary_image": "https://img.kingpowerclick.com/cdn-cgi/image/format=auto/kingpower-com/image/upload/w_640,h_640/v1726455912/prod/1059730-L2.jpg",
        "images": [
            "https://img.kingpowerclick.com/cdn-cgi/image/format=auto/kingpower-com/image/upload/w_640,h_640/v1726455913/prod/1059730-L1.jpg",
            "https://img.kingpowerclick.com/cdn-cgi/image/format=auto/kingpower-com/image/upload/w_640,h_640/v1726455912/prod/1059730-L2.jpg",
            "https://img.kingpowerclick.com/cdn-cgi/image/format=auto/kingpower-com/image/upload/w_640,h_640/v1726455913/prod/1059730-L3.jpg",
            "https://img.kingpowerclick.com/cdn-cgi/image/format=auto/kingpower-com/image/upload/w_640,h_640/v1726455912/prod/1059730-L4.jpg",
            "https://img.kingpowerclick.com/cdn-cgi/image/format=auto/kingpower-com/image/upload/w_640,h_640/v1726455912/prod/1059730-L5.jpg",
            "https://img.kingpowerclick.com/cdn-cgi/image/format=auto/kingpower-com/image/upload/w_640,h_640/v1726455913/prod/1059730-L6.jpg",
            "https://img.kingpowerclick.com/cdn-cgi/image/format=auto/kingpower-com/image/upload/w_640,h_640/v1726455913/prod/1059730-L7.jpg"
        ]
    },
    {
        "brand_name": "MONTBLANC",
        "brand_url": "https://www.kingpower.com/en/brand/montblanc",
        "product_url": "https://www.kingpower.com/en/product/montblanc-meisterstuck-compact-wallet-6-cc-black",
        "product_name": "MONTBLANC Meisterst\u00fcck Compact Wallet 6cc - Black",
        "description": "The Meisterst\u00fcck Compact Wallet with six card slots is crafted from a new deep shine black leather. Its new pure geometric inner design enhances the essence of functionality, with multiple cards slots and pockets for cash and receipts. This wallet can be carried comfortably with a neck strap (sold separately) or placed in your pocket. Material Leather / Leather colour: Full-grain calfskin, chrome tanned semi-aniline dyed through/ Black Lining / Lining colour: Coated canvas / Black Fittings/Emblem: Montblanc large emblem with vintage palladium finish ring Features Closure/Lock: Press stud Interior organisation 6 credit card slots, banknote compartment, 2 additional pockets Additional characteristics: Backside D-ring Dimensions 9 x 11 x 1 cm The Meisterst\u00fcck Compact Wallet with six card slots is crafted from a new deep shine black leather. Its new pure geometric inner design enhances the essence of functionality, with multiple cards slots and pockets for cash and receipts. This wallet can be carried comfortably with a neck strap (sold separately) or placed in your pocket. Material Leather / Leather colour: Full-grain calfskin, chrome tanned semi-aniline dyed through/ Black Lining / Lining colour: Coated canvas / Black Fittings/Emblem: Montblanc large emblem with vintage palladium finish ring Features Closure/Lock: Press stud Interior organisation 6 credit card slots, banknote compartment, 2 additional pockets Additional characteristics: Backside D-ring Dimensions 9 x 11 x 1 cm",
        "categories": [
            "Fashion",
            "Bags, Luggage & Travel",
            "Bags",
            "Wallets & Purses"
        ],
        "sku_id": "971143",
        "price": "12,600.00 THB",
        "primary_image": "https://img.kingpowerclick.com/cdn-cgi/image/format=auto/kingpower-com/image/upload/w_640,h_640/v1695865161/prod/971143-L2.jpg",
        "images": [
            "https://img.kingpowerclick.com/cdn-cgi/image/format=auto/kingpower-com/image/upload/w_640,h_640/v1695865161/prod/971143-L1.jpg",
            "https://img.kingpowerclick.com/cdn-cgi/image/format=auto/kingpower-com/image/upload/w_640,h_640/v1695865161/prod/971143-L2.jpg",
            "https://img.kingpowerclick.com/cdn-cgi/image/format=auto/kingpower-com/image/upload/w_640,h_640/v1695865161/prod/971143-L3.jpg",
            "https://img.kingpowerclick.com/cdn-cgi/image/format=auto/kingpower-com/image/upload/w_640,h_640/v1695865161/prod/971143-L4.jpg",
            "https://img.kingpowerclick.com/cdn-cgi/image/format=auto/kingpower-com/image/upload/w_640,h_640/v1695865161/prod/971143-L5.jpg"
        ]
    },
    {
        "brand_name": "MONTBLANC",
        "brand_url": "https://www.kingpower.com/en/brand/montblanc",
        "product_url": "https://www.kingpower.com/en/product/montblanc-heritage-rouge-et-noir-baby-special-edition-ballpoint-pen-black",
        "product_name": "MONTBLANC Heritage Rouge et Noir \"Baby\" Special Edition Ballpoint Pen - Black",
        "description": "The Montblanc Heritage Collection Rouge et Noir \"Baby\" celebrates the pioneering spirit and rich heritage of the Montblanc maison. Inspired by the original Montblanc \"Baby\" pens from the 1920\u2019s, Montblanc reinterprets the then unexpected design and gives it a modern twist. The name \"Baby\" playfully describes its small size compared to other Montblanc writing instruments. Created in black precious lacquer and with platinum-coated fittings, it is crowned by a Montblanc emblem in precious resin surrounded by the iconic coral hue of the Montblanc Rouge et Noir collection. Ident No. MB127853 Barrel Description: Barrel made from precious lacquer with Montblanc emblem made of coral- and ivory-colored resin Writing Mode: Ballpoint Pen Dimensions: 99 x 9.6 mm The Montblanc Heritage Collection Rouge et Noir \"Baby\" celebrates the pioneering spirit and rich heritage of the Montblanc maison. Inspired by the original Montblanc \"Baby\" pens from the 1920\u2019s, Montblanc reinterprets the then unexpected design and gives it a modern twist. The name \"Baby\" playfully describes its small size compared to other Montblanc writing instruments. Created in black precious lacquer and with platinum-coated fittings, it is crowned by a Montblanc emblem in precious resin surrounded by the iconic coral hue of the Montblanc Rouge et Noir collection. Ident No. MB127853 Barrel Description: Barrel made from precious lacquer with Montblanc emblem made of coral- and ivory-colored resin Writing Mode: Ballpoint Pen Dimensions: 99 x 9.6 mm",
        "categories": [
            "Home & Living",
            "Stationery & Office Supplies",
            "Writing Instruments"
        ],
        "sku_id": "977095",
        "price": "15,600.00 THB",
        "primary_image": "https://img.kingpowerclick.com/cdn-cgi/image/format=auto/kingpower-com/image/upload/w_640,h_640/v1726455913/prod/977095-L2.jpg",
        "images": [
            "https://img.kingpowerclick.com/cdn-cgi/image/format=auto/kingpower-com/image/upload/w_640,h_640/v1726455913/prod/977095-L1.jpg",
            "https://img.kingpowerclick.com/cdn-cgi/image/format=auto/kingpower-com/image/upload/w_640,h_640/v1726455913/prod/977095-L2.jpg",
            "https://img.kingpowerclick.com/cdn-cgi/image/format=auto/kingpower-com/image/upload/w_640,h_640/v1726455913/prod/977095-L3.jpg",
            "https://img.kingpowerclick.com/cdn-cgi/image/format=auto/kingpower-com/image/upload/w_640,h_640/v1726455913/prod/977095-L4.jpg"
        ]
    },
    {
        "brand_name": "MONTBLANC",
        "brand_url": "https://www.kingpower.com/en/brand/montblanc",
        "product_url": "https://www.kingpower.com/en/product/montblanc-heritage-rouge-et-noir-baby-special-edition-ballpoint-pen-ivory",
        "product_name": "MONTBLANC Heritage Rouge et Noir \"Baby\" Special Edition Ballpoint Pen - Ivory",
        "description": "The Montblanc Heritage Collection Rouge et Noir \"Baby\" celebrates the pioneering spirit and rich heritage of the Montblanc maison. Inspired by the original Montblanc \"Baby\" pens from the 1920\u2019s, Montblanc reinterprets the then unexpected design and gives it a modern twist. The name \"Baby\" playfully describes its small size compared to other Montblanc writing instruments. Created in ivory-colored precious lacquer and with signature gold-coated fittings, it is crowned by a Montblanc emblem in precious resin surrounded by the coral hue of the Montblanc Rouge et Noir collection. With signature gold and/or signature gold-coating, Montblanc describes the enlightened shade of yellow gold which has become an appreciated tone for the Maison\u2019s Writing Instruments. Ident No. MB128123 Clip Description: No clip Barrel Description: Barrel made from precious lacquer with Montblanc emblem made of coral- and ivory-colored resin Writing Mode: Ballpoint Pen Dimensions: 99 x 9.6 mm The Montblanc Heritage Collection Rouge et Noir \"Baby\" celebrates the pioneering spirit and rich heritage of the Montblanc maison. Inspired by the original Montblanc \"Baby\" pens from the 1920\u2019s, Montblanc reinterprets the then unexpected design and gives it a modern twist. The name \"Baby\" playfully describes its small size compared to other Montblanc writing instruments. Created in ivory-colored precious lacquer and with signature gold-coated fittings, it is crowned by a Montblanc emblem in precious resin surrounded by the coral hue of the Montblanc Rouge et Noir collection. With signature gold and/or signature gold-coating, Montblanc describes the enlightened shade of yellow gold which has become an appreciated tone for the Maison\u2019s Writing Instruments. Ident No. MB128123 Clip Description: No clip Barrel Description: Barrel made from precious lacquer with Montblanc emblem made of coral- and ivory-colored resin Writing Mode: Ballpoint Pen Dimensions: 99 x 9.6 mm",
        "categories": [
            "Home & Living",
            "Stationery & Office Supplies",
            "Writing Instruments"
        ],
        "sku_id": "977092",
        "price": "16,500.00 THB",
        "primary_image": "https://img.kingpowerclick.com/cdn-cgi/image/format=auto/kingpower-com/image/upload/w_640,h_640/v1726455913/prod/977092-L2.jpg",
        "images": [
            "https://img.kingpowerclick.com/cdn-cgi/image/format=auto/kingpower-com/image/upload/w_640,h_640/v1726455913/prod/977092-L1.jpg",
            "https://img.kingpowerclick.com/cdn-cgi/image/format=auto/kingpower-com/image/upload/w_640,h_640/v1726455913/prod/977092-L2.jpg",
            "https://img.kingpowerclick.com/cdn-cgi/image/format=auto/kingpower-com/image/upload/w_640,h_640/v1726455912/prod/977092-L3.jpg",
            "https://img.kingpowerclick.com/cdn-cgi/image/format=auto/kingpower-com/image/upload/w_640,h_640/v1726455912/prod/977092-L4.jpg"
        ]
    },
    {
        "brand_name": "MONTBLANC",
        "brand_url": "https://www.kingpower.com/en/brand/montblanc",
        "product_url": "https://www.kingpower.com/en/product/montblanc-horseshoe-buckle-leather-belt-35-mm-gray",
        "product_name": "MONTBLANC Horseshoe Buckle Leather Belt 35 mm - Gray",
        "description": "Horseshoe shiny & matte stainless steel pin buckle. Self-adjustable, 3.5 cm x 120 cm, gray plain leather strap featuring the unique patina of hand-painted leather with a delicate gradation of colors. Ident No. MB118414 Dimensions: 1200 x 35 x 5 mm Emblem: Emblems are manually centered, one by one, by our artisans. The emblem is centrally positioned, but the manual pressure operation with the machine may shift the emblem itself. This is a characteristic that does not compromise the aesthetic of the product and could not be accepted as complaint according to our policy. Horseshoe shiny & matte stainless steel pin buckle. Self-adjustable, 3.5 cm x 120 cm, gray plain leather strap featuring the unique patina of hand-painted leather with a delicate gradation of colors. Ident No. MB118414 Dimensions: 1200 x 35 x 5 mm Emblem: Emblems are manually centered, one by one, by our artisans. The emblem is centrally positioned, but the manual pressure operation with the machine may shift the emblem itself. This is a characteristic that does not compromise the aesthetic of the product and could not be accepted as complaint according to our policy.",
        "categories": [
            "Fashion",
            "Clothing",
            "Clothing Accessories",
            "Belts"
        ],
        "sku_id": "812884",
        "price": "15,500.00 THB",
        "primary_image": "https://img.kingpowerclick.com/cdn-cgi/image/format=auto/kingpower-com/image/upload/w_640,h_640/v1726455913/prod/812884-L2.jpg",
        "images": [
            "https://img.kingpowerclick.com/cdn-cgi/image/format=auto/kingpower-com/image/upload/w_640,h_640/v1726455913/prod/812884-L1.jpg",
            "https://img.kingpowerclick.com/cdn-cgi/image/format=auto/kingpower-com/image/upload/w_640,h_640/v1726455913/prod/812884-L2.jpg",
            "https://img.kingpowerclick.com/cdn-cgi/image/format=auto/kingpower-com/image/upload/w_640,h_640/v1726455913/prod/812884-L3.jpg"
        ]
    },
    {
        "brand_name": "MONTBLANC",
        "brand_url": "https://www.kingpower.com/en/brand/montblanc",
        "product_url": "https://www.kingpower.com/en/product/montblanc-horseshoe-buckle-leather-belt-35-mm-blue",
        "product_name": "MONTBLANC Horseshoe Buckle Leather Belt 35 mm - Blue",
        "description": "Horseshoe shiny & matte stainless steel pin buckle. Self-adjustable, 3.5 cm x 120 cm, blue plain leather strap featuring the patina of hand-painted leather with a delicate gradation of colors. Conceived for a casual yet elegant look. Ident No. MB123888 Dimensions: 1200 x 35 x 5 mm Emblem: Emblems are manually centered, one by one, by our artisans. The emblem is centrally positioned, but the manual pressure operation with the machine may shift the emblem itself. This is a characteristic that does not compromise the aesthetic of the product and could not be accepted as complaint according to our policy. Horseshoe shiny & matte stainless steel pin buckle. Self-adjustable, 3.5 cm x 120 cm, blue plain leather strap featuring the patina of hand-painted leather with a delicate gradation of colors. Conceived for a casual yet elegant look. Ident No. MB123888 Dimensions: 1200 x 35 x 5 mm Emblem: Emblems are manually centered, one by one, by our artisans. The emblem is centrally positioned, but the manual pressure operation with the machine may shift the emblem itself. This is a characteristic that does not compromise the aesthetic of the product and could not be accepted as complaint according to our policy.",
        "categories": [
            "Fashion",
            "Clothing",
            "Clothing Accessories",
            "Belts"
        ],
        "sku_id": "870141",
        "price": "15,500.00 THB",
        "primary_image": "https://img.kingpowerclick.com/cdn-cgi/image/format=auto/kingpower-com/image/upload/w_640,h_640/v1726455912/prod/870141-L2.jpg",
        "images": [
            "https://img.kingpowerclick.com/cdn-cgi/image/format=auto/kingpower-com/image/upload/w_640,h_640/v1726455913/prod/870141-L1.jpg",
            "https://img.kingpowerclick.com/cdn-cgi/image/format=auto/kingpower-com/image/upload/w_640,h_640/v1726455912/prod/870141-L2.jpg"
        ]
    },
    {
        "brand_name": "MONTBLANC",
        "brand_url": "https://www.kingpower.com/en/brand/montblanc",
        "product_url": "https://www.kingpower.com/en/product/montblanc-horseshoe-buckle-reversible-leather-belt-ruthenium-30-mm-black-brown",
        "product_name": "MONTBLANC Horseshoe Buckle Reversible Leather Belt (Ruthenium) 30 mm - Black/Brown",
        "description": "Horseshoe shiny ruthenium-finish buckle. Self-adjustable, 3 cm x 120 cm, reversible leather strap in black and brown. For a classic look with a twist. Ident No. MB128803 Dimensions: 1200 x 30 x 5 mm Emblem: Emblems are manually centered, one by one, by our artisans. The emblem is centrally positioned, but the manual pressure operation with the machine may shift the emblem itself. This is a characteristic that does not compromise the aesthetic of the product and could not be accepted as complaint according to our policy. Horseshoe shiny ruthenium-finish buckle. Self-adjustable, 3 cm x 120 cm, reversible leather strap in black and brown. For a classic look with a twist. Ident No. MB128803 Dimensions: 1200 x 30 x 5 mm Emblem: Emblems are manually centered, one by one, by our artisans. The emblem is centrally positioned, but the manual pressure operation with the machine may shift the emblem itself. This is a characteristic that does not compromise the aesthetic of the product and could not be accepted as complaint according to our policy.",
        "categories": [
            "Fashion",
            "Clothing",
            "Clothing Accessories",
            "Belts"
        ],
        "sku_id": "996241",
        "price": "12,900.00 THB",
        "primary_image": "https://img.kingpowerclick.com/cdn-cgi/image/format=auto/kingpower-com/image/upload/w_640,h_640/v1726455913/prod/996241-L2.jpg",
        "images": [
            "https://img.kingpowerclick.com/cdn-cgi/image/format=auto/kingpower-com/image/upload/w_640,h_640/v1726455913/prod/996241-L1.jpg",
            "https://img.kingpowerclick.com/cdn-cgi/image/format=auto/kingpower-com/image/upload/w_640,h_640/v1726455913/prod/996241-L2.jpg",
            "https://img.kingpowerclick.com/cdn-cgi/image/format=auto/kingpower-com/image/upload/w_640,h_640/v1726455912/prod/996241-L3.jpg",
            "https://img.kingpowerclick.com/cdn-cgi/image/format=auto/kingpower-com/image/upload/w_640,h_640/v1726455913/prod/996241-L4.jpg",
            "https://img.kingpowerclick.com/cdn-cgi/image/format=auto/kingpower-com/image/upload/w_640,h_640/v1726455913/prod/996241-L5.jpg"
        ]
    },
    {
        "brand_name": "MONTBLANC",
        "brand_url": "https://www.kingpower.com/en/brand/montblanc",
        "product_url": "https://www.kingpower.com/en/product/montblanc-horseshoe-buckle-reversible-leather-belt-35-mm-black-blue",
        "product_name": "MONTBLANC Horseshoe Buckle Reversible Leather Belt 35 mm - Black/Blue",
        "description": "Horseshoe shiny stainless-steel pin buckle. Self-adjustable, 3.5 cm x 120 cm, reversible leather strap in black and blue. Casual and sophisticated. Ident No. MB128784 Dimensions: 1200 x 35 x 5 mm Emblem: Emblems are manually centered, one by one, by our artisans. The emblem is centrally positioned, but the manual pressure operation with the machine may shift the emblem itself. This is a characteristic that does not compromise the aesthetic of the product and could not be accepted as complaint according to our policy. Horseshoe shiny stainless-steel pin buckle. Self-adjustable, 3.5 cm x 120 cm, reversible leather strap in black and blue. Casual and sophisticated. Ident No. MB128784 Dimensions: 1200 x 35 x 5 mm Emblem: Emblems are manually centered, one by one, by our artisans. The emblem is centrally positioned, but the manual pressure operation with the machine may shift the emblem itself. This is a characteristic that does not compromise the aesthetic of the product and could not be accepted as complaint according to our policy.",
        "categories": [
            "Fashion",
            "Clothing",
            "Clothing Accessories",
            "Belts"
        ],
        "sku_id": "1006503",
        "price": "12,900.00 THB",
        "primary_image": "https://img.kingpowerclick.com/cdn-cgi/image/format=auto/kingpower-com/image/upload/w_640,h_640/v1726455912/prod/1006503-L2.jpg",
        "images": [
            "https://img.kingpowerclick.com/cdn-cgi/image/format=auto/kingpower-com/image/upload/w_640,h_640/v1726455913/prod/1006503-L1.jpg",
            "https://img.kingpowerclick.com/cdn-cgi/image/format=auto/kingpower-com/image/upload/w_640,h_640/v1726455912/prod/1006503-L2.jpg",
            "https://img.kingpowerclick.com/cdn-cgi/image/format=auto/kingpower-com/image/upload/w_640,h_640/v1726455913/prod/1006503-L3.jpg",
            "https://img.kingpowerclick.com/cdn-cgi/image/format=auto/kingpower-com/image/upload/w_640,h_640/v1726455912/prod/1006503-L4.jpg",
            "https://img.kingpowerclick.com/cdn-cgi/image/format=auto/kingpower-com/image/upload/w_640,h_640/v1726455913/prod/1006503-L5.jpg"
        ]
    },
    {
        "brand_name": "MONTBLANC",
        "brand_url": "https://www.kingpower.com/en/brand/montblanc",
        "product_url": "https://www.kingpower.com/en/product/montblanc-horseshoe-buckle-reversible-leather-belt-palladium-30-mm-black-brown",
        "product_name": "MONTBLANC Horseshoe Buckle Reversible Leather Belt (Palladium) 30 mm - Black/Brown",
        "description": "Horseshoe shiny palladium-finish pin buckle. Self-adjustable, 3 cm x 120 cm, reversible leather strap in plain brown colour on one side and grainy black on the other. Refined and understated, for any kind of look. Ident No. MB128757 Dimensions: 1200 x 30 x 5 mm Emblem: Emblems are manually centered, one by one, by our artisans. The emblem is centrally positioned, but the manual pressure operation with the machine may shift the emblem itself. This is a characteristic that does not compromise the aesthetic of the product and could not be accepted as complaint according to our policy. Horseshoe shiny palladium-finish pin buckle. Self-adjustable, 3 cm x 120 cm, reversible leather strap in plain brown colour on one side and grainy black on the other. Refined and understated, for any kind of look. Ident No. MB128757 Dimensions: 1200 x 30 x 5 mm Emblem: Emblems are manually centered, one by one, by our artisans. The emblem is centrally positioned, but the manual pressure operation with the machine may shift the emblem itself. This is a characteristic that does not compromise the aesthetic of the product and could not be accepted as complaint according to our policy.",
        "categories": [
            "Fashion",
            "Clothing",
            "Clothing Accessories",
            "Belts"
        ],
        "sku_id": "1006499",
        "price": "10,700.00 THB",
        "primary_image": "https://img.kingpowerclick.com/cdn-cgi/image/format=auto/kingpower-com/image/upload/w_640,h_640/v1726455913/prod/1006499-L2.jpg",
        "images": [
            "https://img.kingpowerclick.com/cdn-cgi/image/format=auto/kingpower-com/image/upload/w_640,h_640/v1726455912/prod/1006499-L1.jpg",
            "https://img.kingpowerclick.com/cdn-cgi/image/format=auto/kingpower-com/image/upload/w_640,h_640/v1726455913/prod/1006499-L2.jpg",
            "https://img.kingpowerclick.com/cdn-cgi/image/format=auto/kingpower-com/image/upload/w_640,h_640/v1726455912/prod/1006499-L3.jpg",
            "https://img.kingpowerclick.com/cdn-cgi/image/format=auto/kingpower-com/image/upload/w_640,h_640/v1726455913/prod/1006499-L4.jpg",
            "https://img.kingpowerclick.com/cdn-cgi/image/format=auto/kingpower-com/image/upload/w_640,h_640/v1726455913/prod/1006499-L5.jpg"
        ]
    },
    {
        "brand_name": "MONTBLANC",
        "brand_url": "https://www.kingpower.com/en/brand/montblanc",
        "product_url": "https://www.kingpower.com/en/product/montblanc-leather-belt-rectangular-stainless-steel-35-mm-black",
        "product_name": "MONTBLANC Leather Belt (Rectangular Stainless Steel) 35 mm - Black",
        "description": "Rectangular Shiny Stainless Steel Pin Buckle. Self-adjustable, 3.5 cm x 120 cm, black Westside leather strap. Ident No. MB114435 Dimensions: 1200 x 35 x 5 mm Emblem: Emblems are manually centered, one by one, by our artisans. The emblem is centrally positioned, but the manual pressure operation with the machine may shift the emblem itself. This is a characteristic that does not compromise the aesthetic of the product and could not be accepted as complaint according to our policy. Rectangular Shiny Stainless Steel Pin Buckle. Self-adjustable, 3.5 cm x 120 cm, black Westside leather strap. Ident No. MB114435 Dimensions: 1200 x 35 x 5 mm Emblem: Emblems are manually centered, one by one, by our artisans. The emblem is centrally positioned, but the manual pressure operation with the machine may shift the emblem itself. This is a characteristic that does not compromise the aesthetic of the product and could not be accepted as complaint according to our policy.",
        "categories": [
            "Fashion",
            "Clothing",
            "Clothing Accessories",
            "Belts"
        ],
        "sku_id": "996239",
        "price": "12,900.00 THB",
        "primary_image": "https://img.kingpowerclick.com/cdn-cgi/image/format=auto/kingpower-com/image/upload/w_640,h_640/v1726455913/prod/996239-L2.jpg",
        "images": [
            "https://img.kingpowerclick.com/cdn-cgi/image/format=auto/kingpower-com/image/upload/w_640,h_640/v1726455913/prod/996239-L1.jpg",
            "https://img.kingpowerclick.com/cdn-cgi/image/format=auto/kingpower-com/image/upload/w_640,h_640/v1726455913/prod/996239-L2.jpg",
            "https://img.kingpowerclick.com/cdn-cgi/image/format=auto/kingpower-com/image/upload/w_640,h_640/v1726455913/prod/996239-L3.jpg",
            "https://img.kingpowerclick.com/cdn-cgi/image/format=auto/kingpower-com/image/upload/w_640,h_640/v1726455913/prod/996239-L4.jpg"
        ]
    },
    {
        "brand_name": "MONTBLANC",
        "brand_url": "https://www.kingpower.com/en/brand/montblanc",
        "product_url": "https://www.kingpower.com/en/product/montblanc-leather-belt-rectangular-stainless-steel-30-mm-black",
        "product_name": "MONTBLANC Leather Belt (Rectangular Stainless Steel) 30 mm - Black",
        "description": "Rectangular shiny stainless steel plate buckle with leather insert and sliding mechanism. Self-adjustable, 3 cm x 120 cm, black smooth leather strap matching the Meisterst\u00fcck Leather Goods range. The brand-new sliding mechanism allows the belt to be adjusted without a pin and therefore without holes on the strap, and is easy to open and fix to the right size, thanks to the rubber insert on the back side of the strap. Ident No. MB118421 Dimensions: 1200 x 30 x 5 mm Emblem: Emblems are manually centered, one by one, by our artisans. The emblem is centrally positioned, but the manual pressure operation with the machine may shift the emblem itself. This is a characteristic that does not compromise the aesthetic of the product and could not be accepted as complaint according to our policy. Rectangular shiny stainless steel plate buckle with leather insert and sliding mechanism. Self-adjustable, 3 cm x 120 cm, black smooth leather strap matching the Meisterst\u00fcck Leather Goods range. The brand-new sliding mechanism allows the belt to be adjusted without a pin and therefore without holes on the strap, and is easy to open and fix to the right size, thanks to the rubber insert on the back side of the strap. Ident No. MB118421 Dimensions: 1200 x 30 x 5 mm Emblem: Emblems are manually centered, one by one, by our artisans. The emblem is centrally positioned, but the manual pressure operation with the machine may shift the emblem itself. This is a characteristic that does not compromise the aesthetic of the product and could not be accepted as complaint according to our policy.",
        "categories": [
            "Fashion",
            "Clothing",
            "Clothing Accessories",
            "Belts"
        ],
        "sku_id": "812890",
        "price": "14,500.00 THB",
        "primary_image": "https://img.kingpowerclick.com/cdn-cgi/image/format=auto/kingpower-com/image/upload/w_640,h_640/v1726455913/prod/812890-L2.jpg",
        "images": [
            "https://img.kingpowerclick.com/cdn-cgi/image/format=auto/kingpower-com/image/upload/w_640,h_640/v1726455913/prod/812890-L1.jpg",
            "https://img.kingpowerclick.com/cdn-cgi/image/format=auto/kingpower-com/image/upload/w_640,h_640/v1726455913/prod/812890-L2.jpg",
            "https://img.kingpowerclick.com/cdn-cgi/image/format=auto/kingpower-com/image/upload/w_640,h_640/v1726455912/prod/812890-L3.jpg",
            "https://img.kingpowerclick.com/cdn-cgi/image/format=auto/kingpower-com/image/upload/w_640,h_640/v1726455913/prod/812890-L4.jpg"
        ]
    },
    {
        "brand_name": "MONTBLANC",
        "brand_url": "https://www.kingpower.com/en/brand/montblanc",
        "product_url": "https://www.kingpower.com/en/product/montblanc-leather-belt-trapeze-stainless-steel-30-mm-black",
        "product_name": "MONTBLANC Leather Belt (Trapeze Stainless Steel) 30 mm - Black",
        "description": "Trapeze shiny stainless steel PVD ruthenium-coated pin buckle. Self-adjustable, 3 cm x 120 cm, black cowhide strap with Montblanc\u2019s exclusive subtle print matching the 4810 Westside Leather Goods range. With the new gunmetal buckle it is the perfect belt for a stylish look. Ident No. MB116706 Dimensions: 1200 x 30 x 5 mm Emblem: Emblems are manually centered, one by one, by our artisans. The emblem is centrally positioned, but the manual pressure operation with the machine may shift the emblem itself. This is a characteristic that does not compromise the aesthetic of the product and could not be accepted as complaint according to our policy. Trapeze shiny stainless steel PVD ruthenium-coated pin buckle. Self-adjustable, 3 cm x 120 cm, black cowhide strap with Montblanc\u2019s exclusive subtle print matching the 4810 Westside Leather Goods range. With the new gunmetal buckle it is the perfect belt for a stylish look. Ident No. MB116706 Dimensions: 1200 x 30 x 5 mm Emblem: Emblems are manually centered, one by one, by our artisans. The emblem is centrally positioned, but the manual pressure operation with the machine may shift the emblem itself. This is a characteristic that does not compromise the aesthetic of the product and could not be accepted as complaint according to our policy.",
        "categories": [
            "Fashion",
            "Clothing",
            "Clothing Accessories",
            "Belts"
        ],
        "sku_id": "996238",
        "price": "10,700.00 THB",
        "primary_image": "https://img.kingpowerclick.com/cdn-cgi/image/format=auto/kingpower-com/image/upload/w_640,h_640/v1726455914/prod/996238-L2.jpg",
        "images": [
            "https://img.kingpowerclick.com/cdn-cgi/image/format=auto/kingpower-com/image/upload/w_640,h_640/v1726455913/prod/996238-L1.jpg",
            "https://img.kingpowerclick.com/cdn-cgi/image/format=auto/kingpower-com/image/upload/w_640,h_640/v1726455914/prod/996238-L2.jpg",
            "https://img.kingpowerclick.com/cdn-cgi/image/format=auto/kingpower-com/image/upload/w_640,h_640/v1726455911/prod/996238-L3.jpg",
            "https://img.kingpowerclick.com/cdn-cgi/image/format=auto/kingpower-com/image/upload/w_640,h_640/v1726455913/prod/996238-L4.jpg"
        ]
    },
    {
        "brand_name": "MONTBLANC",
        "brand_url": "https://www.kingpower.com/en/brand/montblanc",
        "product_url": "https://www.kingpower.com/en/product/montblanc-meisterstuck-around-the-world-in-80-days-ballpoint-midsize-black",
        "product_name": "MONTBLANC Meisterst\u00fcck Around the World in 80 Days Ballpoint (Midsize) - Black",
        "description": "The Meisterst\u00fcck Around the World in 80 Days collection is inspired by the famous adventure novel by Jules Verne. The Midsize BallPoint in anthracite precious resin draws on the second leg of the journey from Bombay to Yokohama. The main characters travel in this part of the adventure on a majestic elephant, which is featured in a cartouche on the cap. The clip features a red lacquered diamond card suit, representing Mr. Fogg's wager to make the journey in 80 day. The cap top is embossed with the length of the journey, 25 days from Bombay to Yokohama and 80 days in total. Ident No. MB128380 Clip Description: Clip with red lacquered diamonds card suit. Barrel Description: Anthracite precious resin inspired by the second leg of the journey from Bombay to Yokohama. Cap Description: Anthracite precious resin inspired by the second leg of the journey from Bombay to Yokohama. Writing Mode: Ballpoint Pen Dimensions: 141.7 x 13.7 mm The Meisterst\u00fcck Around the World in 80 Days collection is inspired by the famous adventure novel by Jules Verne. The Midsize BallPoint in anthracite precious resin draws on the second leg of the journey from Bombay to Yokohama. The main characters travel in this part of the adventure on a majestic elephant, which is featured in a cartouche on the cap. The clip features a red lacquered diamond card suit, representing Mr. Fogg's wager to make the journey in 80 day. The cap top is embossed with the length of the journey, 25 days from Bombay to Yokohama and 80 days in total. Ident No. MB128380 Clip Description: Clip with red lacquered diamonds card suit. Barrel Description: Anthracite precious resin inspired by the second leg of the journey from Bombay to Yokohama. Cap Description: Anthracite precious resin inspired by the second leg of the journey from Bombay to Yokohama. Writing Mode: Ballpoint Pen Dimensions: 141.7 x 13.7 mm",
        "categories": [
            "Home & Living",
            "Stationery & Office Supplies",
            "Writing Instruments"
        ],
        "sku_id": "1006593",
        "price": "21,800.00 THB",
        "primary_image": "https://img.kingpowerclick.com/cdn-cgi/image/format=auto/kingpower-com/image/upload/w_640,h_640/v1726455912/prod/1006593-L2.jpg",
        "images": [
            "https://img.kingpowerclick.com/cdn-cgi/image/format=auto/kingpower-com/image/upload/w_640,h_640/v1726455913/prod/1006593-L1.jpg",
            "https://img.kingpowerclick.com/cdn-cgi/image/format=auto/kingpower-com/image/upload/w_640,h_640/v1726455912/prod/1006593-L2.jpg",
            "https://img.kingpowerclick.com/cdn-cgi/image/format=auto/kingpower-com/image/upload/w_640,h_640/v1726455913/prod/1006593-L3.jpg",
            "https://img.kingpowerclick.com/cdn-cgi/image/format=auto/kingpower-com/image/upload/w_640,h_640/v1726455913/prod/1006593-L4.jpg",
            "https://img.kingpowerclick.com/cdn-cgi/image/format=auto/kingpower-com/image/upload/w_640,h_640/v1726455912/prod/1006593-L5.jpg",
            "https://img.kingpowerclick.com/cdn-cgi/image/format=auto/kingpower-com/image/upload/w_640,h_640/v1726455913/prod/1006593-L6.jpg"
        ]
    },
    {
        "brand_name": "MONTBLANC",
        "brand_url": "https://www.kingpower.com/en/brand/montblanc",
        "product_url": "https://www.kingpower.com/en/product/montblanc-meisterstuck-1-pen-pouch-black",
        "product_name": "MONTBLANC Meisterst\u00fcck 1 Pen Pouch - Black",
        "description": "The Montblanc 1 Pen Pouch is the most elegant way to transport your most valuable writing instrument. Made of black full-grain calfskin, with black jacquard lining, it's slim compartment fits for one ballpoint or fountain pen the size of Meisterst\u00fcck Classique or LeGrand. Thanks to the manageable dimension of 3 x 16 cm the black leather pen sleeve fits any pants or jacket pocket. Ident No. MB14309 Dimensions: 30 x 30 x 160 mm Emblem: Emblems are manually centered, one by one, by our artisans. The emblem is centrally positioned, but the manual pressure operation with the machine may shift the emblem itself. This is a characteristic that does not compromise the aesthetic of the product and could not be accepted as complaint according to our policy. The Montblanc 1 Pen Pouch is the most elegant way to transport your most valuable writing instrument. Made of black full-grain calfskin, with black jacquard lining, it's slim compartment fits for one ballpoint or fountain pen the size of Meisterst\u00fcck Classique or LeGrand. Thanks to the manageable dimension of 3 x 16 cm the black leather pen sleeve fits any pants or jacket pocket. Ident No. MB14309 Dimensions: 30 x 30 x 160 mm Emblem: Emblems are manually centered, one by one, by our artisans. The emblem is centrally positioned, but the manual pressure operation with the machine may shift the emblem itself. This is a characteristic that does not compromise the aesthetic of the product and could not be accepted as complaint according to our policy.",
        "categories": [
            "Fashion",
            "Bags, Luggage & Travel",
            "Bags",
            "Card Cases & Other Bags"
        ],
        "sku_id": "7747",
        "price": "8,200.00 THB",
        "primary_image": "https://img.kingpowerclick.com/cdn-cgi/image/format=auto/kingpower-com/image/upload/w_640,h_640/v1726455913/prod/7747-L2.jpg",
        "images": [
            "https://img.kingpowerclick.com/cdn-cgi/image/format=auto/kingpower-com/image/upload/w_640,h_640/v1726455913/prod/7747-L1.jpg",
            "https://img.kingpowerclick.com/cdn-cgi/image/format=auto/kingpower-com/image/upload/w_640,h_640/v1726455913/prod/7747-L2.jpg",
            "https://img.kingpowerclick.com/cdn-cgi/image/format=auto/kingpower-com/image/upload/w_640,h_640/v1726455912/prod/7747-L3.jpg",
            "https://img.kingpowerclick.com/cdn-cgi/image/format=auto/kingpower-com/image/upload/w_640,h_640/v1726455913/prod/7747-L4.jpg"
        ]
    },
    {
        "brand_name": "MONTBLANC",
        "brand_url": "https://www.kingpower.com/en/brand/montblanc",
        "product_url": "https://www.kingpower.com/en/product/montblanc-meisterstuck-around-the-world-in-80-days-classique-rollerball-black",
        "product_name": "MONTBLANC Meisterst\u00fcck Around the World in 80 Days Classique Rollerball - Black",
        "description": "The Meisterst\u00fcck Around the World in 80 Days collection is inspired by the famous adventure novel by Jules Verne. The Classique Rollerball in anthracite precious resin draws on the second leg of the journey from Bombay to Yokohama. The main characters travel in this part of the adventure on a majestic elephant, which is featured in a cartouche on the cap. The clip features a red lacquered diamond card suit and the cone is engraved with a pattern and card suits representing Mr. Fogg wager to make the journey in 80 days. The cap top is embossed with the length of the journey, 25 days from Bombay to Yokohama and 80 days in total. Ident No. MB128474 Clip Description: Clip with red lacquered diamond card suit. Barrel Description: Anthracite precious resin inspired by the second leg of the journey from Bombay to Yokohama. Cap Description: Anthracite precious resin inspired by the second leg of the journey from Bombay to Yokohama. Writing Mode: Rollerball Dimensions: 136.3 x 12.5 mm The Meisterst\u00fcck Around the World in 80 Days collection is inspired by the famous adventure novel by Jules Verne. The Classique Rollerball in anthracite precious resin draws on the second leg of the journey from Bombay to Yokohama. The main characters travel in this part of the adventure on a majestic elephant, which is featured in a cartouche on the cap. The clip features a red lacquered diamond card suit and the cone is engraved with a pattern and card suits representing Mr. Fogg wager to make the journey in 80 days. The cap top is embossed with the length of the journey, 25 days from Bombay to Yokohama and 80 days in total. Ident No. MB128474 Clip Description: Clip with red lacquered diamond card suit. Barrel Description: Anthracite precious resin inspired by the second leg of the journey from Bombay to Yokohama. Cap Description: Anthracite precious resin inspired by the second leg of the journey from Bombay to Yokohama. Writing Mode: Rollerball Dimensions: 136.3 x 12.5 mm",
        "categories": [
            "Home & Living",
            "Stationery & Office Supplies",
            "Writing Instruments"
        ],
        "sku_id": "1006595",
        "price": "24,600.00 THB",
        "primary_image": "https://img.kingpowerclick.com/cdn-cgi/image/format=auto/kingpower-com/image/upload/w_640,h_640/v1726455912/prod/1006595-L2.jpg",
        "images": [
            "https://img.kingpowerclick.com/cdn-cgi/image/format=auto/kingpower-com/image/upload/w_640,h_640/v1726455913/prod/1006595-L1.jpg",
            "https://img.kingpowerclick.com/cdn-cgi/image/format=auto/kingpower-com/image/upload/w_640,h_640/v1726455912/prod/1006595-L2.jpg",
            "https://img.kingpowerclick.com/cdn-cgi/image/format=auto/kingpower-com/image/upload/w_640,h_640/v1726455912/prod/1006595-L3.jpg",
            "https://img.kingpowerclick.com/cdn-cgi/image/format=auto/kingpower-com/image/upload/w_640,h_640/v1726455912/prod/1006595-L4.jpg",
            "https://img.kingpowerclick.com/cdn-cgi/image/format=auto/kingpower-com/image/upload/w_640,h_640/v1726455913/prod/1006595-L5.jpg"
        ]
    },
    {
        "brand_name": "MONTBLANC",
        "brand_url": "https://www.kingpower.com/en/brand/montblanc",
        "product_url": "https://www.kingpower.com/en/product/montblanc-meisterstuck-around-the-world-in-80-days-doue-classique-fountain-pen-brown-gold",
        "product_name": "MONTBLANC Meisterst\u00fcck Around the World in 80 Days Dou\u00e9 Classique Fountain Pen - Brown/Gold",
        "description": "The Meisterst\u00fcck Around the World in 80 Days collection is inspired by the famous adventure novel by Jules Verne. The Dou\u00e9 Classique Fountain Pen with a gold coated metal cap and degrade anthracite lacquered barrel, draws on the second leg of the journey from Bombay to Yokohama. The main characters travel in this part of the adventure on a majestic elephant, which is featured in a cartouche on the cap. The cap made of gold coated metal features an engraved pattern that symbolizes good luck. The clip features a red lacquered diamond card suit and the cone is engraved with a pattern inspired by Princess Aouda's jewelry and the card suits, representing Mr. Fogg's wager to make the journey in 80 day. The cap top is embossed with the length of the journey, 25 days from Bombay to Yokohama and 80 days in total. The writing instrument is finished with a hand-crafted 18K gold nib garnished with the hot air balloon with 20/10 and 14/11: Mr Fogg leaves Bombay at 20:00 on 20 October and leaves Yokohama at 18:00 on 14 November. Ident No. MB128471 Clip Description: Clip with red lacquered diamond card suit. Barrel Description: Metal barrel with degrade anthracite lacquer Cap Description: Cap made of gold coated metal with engraved pattern inspired by the journey including Indian, Chinese and Japanese good luck symbols and a cartouche with laser engraved elephant. Writing Mode: Fountain pen Nib Description: Hand-crafted 18K gold nib garnished with the hot air balloon with 20/10 and 14/11: Mr Foggs leaves Bombay at 20:00 on 20 October and leaves Yokohama at 18:00 on 14 November. Dimensions: 140.1 x 14.1 mm The Meisterst\u00fcck Around the World in 80 Days collection is inspired by the famous adventure novel by Jules Verne. The Dou\u00e9 Classique Fountain Pen with a gold coated metal cap and degrade anthracite lacquered barrel, draws on the second leg of the journey from Bombay to Yokohama. The main characters travel in this part of the adventure on a majestic elephant, which is featured in a cartouche on the cap. The cap made of gold coated metal features an engraved pattern that symbolizes good luck. The clip features a red lacquered diamond card suit and the cone is engraved with a pattern inspired by Princess Aouda's jewelry and the card suits, representing Mr. Fogg's wager to make the journey in 80 day. The cap top is embossed with the length of the journey, 25 days from Bombay to Yokohama and 80 days in total. The writing instrument is finished with a hand-crafted 18K gold nib garnished with the hot air balloon with 20/10 and 14/11: Mr Fogg leaves Bombay at 20:00 on 20 October and leaves Yokohama at 18:00 on 14 November. Ident No. MB128471 Clip Description: Clip with red lacquered diamond card suit. Barrel Description: Metal barrel with degrade anthracite lacquer Cap Description: Cap made of gold coated metal with engraved pattern inspired by the journey including Indian, Chinese and Japanese good luck symbols and a cartouche with laser engraved elephant. Writing Mode: Fountain pen Nib Description: Hand-crafted 18K gold nib garnished with the hot air balloon with 20/10 and 14/11: Mr Foggs leaves Bombay at 20:00 on 20 October and leaves Yokohama at 18:00 on 14 November. Dimensions: 140.1 x 14.1 mm",
        "categories": [
            "Home & Living",
            "Stationery & Office Supplies",
            "Writing Instruments"
        ],
        "sku_id": "1006597",
        "price": "55,500.00 THB",
        "primary_image": "https://img.kingpowerclick.com/cdn-cgi/image/format=auto/kingpower-com/image/upload/w_640,h_640/v1726455912/prod/1006597-L2.jpg",
        "images": [
            "https://img.kingpowerclick.com/cdn-cgi/image/format=auto/kingpower-com/image/upload/w_640,h_640/v1726455912/prod/1006597-L1.jpg",
            "https://img.kingpowerclick.com/cdn-cgi/image/format=auto/kingpower-com/image/upload/w_640,h_640/v1726455912/prod/1006597-L2.jpg",
            "https://img.kingpowerclick.com/cdn-cgi/image/format=auto/kingpower-com/image/upload/w_640,h_640/v1726455913/prod/1006597-L3.jpg",
            "https://img.kingpowerclick.com/cdn-cgi/image/format=auto/kingpower-com/image/upload/w_640,h_640/v1726455913/prod/1006597-L4.jpg",
            "https://img.kingpowerclick.com/cdn-cgi/image/format=auto/kingpower-com/image/upload/w_640,h_640/v1726455913/prod/1006597-L5.jpg",
            "https://img.kingpowerclick.com/cdn-cgi/image/format=auto/kingpower-com/image/upload/w_640,h_640/v1726455913/prod/1006597-L6.jpg"
        ]
    },
    {
        "brand_name": "MONTBLANC",
        "brand_url": "https://www.kingpower.com/en/brand/montblanc",
        "product_url": "https://www.kingpower.com/en/product/montblanc-meisterstuck-pocket-holder-with-zipped-pocket-black",
        "product_name": "MONTBLANC Meisterst\u00fcck Pocket Holder with Zipped Pocket - Black",
        "description": "The Meisterst\u00fcck Pocket Holder with eight card slots is crafted from a new deep shine black leather. Its new pure geometric design enhances the essence of functionality, with multiple cards slots, pockets for receipts and a zipped coin pocket. The compact size fits into most pockets. Ident No. MB129686 Dimensions: 85 x 5 x 135 mm Emblem: Emblems are manually centered, one by one, by our artisans. The emblem is centrally positioned, but the manual pressure operation with the machine may shift the emblem itself. This is a characteristic that does not compromise the aesthetic of the product and could not be accepted as complaint according to our policy. The Meisterst\u00fcck Pocket Holder with eight card slots is crafted from a new deep shine black leather. Its new pure geometric design enhances the essence of functionality, with multiple cards slots, pockets for receipts and a zipped coin pocket. The compact size fits into most pockets. Ident No. MB129686 Dimensions: 85 x 5 x 135 mm Emblem: Emblems are manually centered, one by one, by our artisans. The emblem is centrally positioned, but the manual pressure operation with the machine may shift the emblem itself. This is a characteristic that does not compromise the aesthetic of the product and could not be accepted as complaint according to our policy.",
        "categories": [
            "Fashion",
            "Bags, Luggage & Travel",
            "Bags",
            "Card Cases & Other Bags"
        ],
        "sku_id": "971147",
        "price": "11,100.00 THB",
        "primary_image": "https://img.kingpowerclick.com/cdn-cgi/image/format=auto/kingpower-com/image/upload/w_640,h_640/v1726455912/prod/971147-L2.jpg",
        "images": [
            "https://img.kingpowerclick.com/cdn-cgi/image/format=auto/kingpower-com/image/upload/w_640,h_640/v1726455912/prod/971147-L1.jpg",
            "https://img.kingpowerclick.com/cdn-cgi/image/format=auto/kingpower-com/image/upload/w_640,h_640/v1726455912/prod/971147-L2.jpg",
            "https://img.kingpowerclick.com/cdn-cgi/image/format=auto/kingpower-com/image/upload/w_640,h_640/v1726455912/prod/971147-L3.jpg",
            "https://img.kingpowerclick.com/cdn-cgi/image/format=auto/kingpower-com/image/upload/w_640,h_640/v1726455912/prod/971147-L4.jpg"
        ]
    },
    {
        "brand_name": "MONTBLANC",
        "brand_url": "https://www.kingpower.com/en/brand/montblanc",
        "product_url": "https://www.kingpower.com/en/product/montblanc-reversible-leather-belt-rectangular-cut-out-30-mm-black-brown",
        "product_name": "MONTBLANC Reversible Leather Belt (Rectangular Cut-Out) 30 mm - Black/Brown",
        "description": "Rectangular Cut-Out 3 Rings Motif Black Leather & Stainless Steel Plate Buckle. Self-adjustable, 3 cm x 120 cm, reversible black and brown leather strap. Ident No. MB114423 Dimensions: 1200 x 30 x 5 mm Emblem: Emblems are manually centered, one by one, by our artisans. The emblem is centrally positioned, but the manual pressure operation with the machine may shift the emblem itself. This is a characteristic that does not compromise the aesthetic of the product and could not be accepted as complaint according to our policy. Rectangular Cut-Out 3 Rings Motif Black Leather & Stainless Steel Plate Buckle. Self-adjustable, 3 cm x 120 cm, reversible black and brown leather strap. Ident No. MB114423 Dimensions: 1200 x 30 x 5 mm Emblem: Emblems are manually centered, one by one, by our artisans. The emblem is centrally positioned, but the manual pressure operation with the machine may shift the emblem itself. This is a characteristic that does not compromise the aesthetic of the product and could not be accepted as complaint according to our policy.",
        "categories": [
            "Fashion",
            "Clothing",
            "Clothing Accessories",
            "Belts"
        ],
        "sku_id": "1039269",
        "price": "12,900.00 THB",
        "primary_image": "https://img.kingpowerclick.com/cdn-cgi/image/format=auto/kingpower-com/image/upload/w_640,h_640/v1726455914/prod/1039269-L2.jpg",
        "images": [
            "https://img.kingpowerclick.com/cdn-cgi/image/format=auto/kingpower-com/image/upload/w_640,h_640/v1726455913/prod/1039269-L1.jpg",
            "https://img.kingpowerclick.com/cdn-cgi/image/format=auto/kingpower-com/image/upload/w_640,h_640/v1726455914/prod/1039269-L2.jpg",
            "https://img.kingpowerclick.com/cdn-cgi/image/format=auto/kingpower-com/image/upload/w_640,h_640/v1726455913/prod/1039269-L3.jpg",
            "https://img.kingpowerclick.com/cdn-cgi/image/format=auto/kingpower-com/image/upload/w_640,h_640/v1726455912/prod/1039269-L4.jpg"
        ]
    },
    {
        "brand_name": "MONTBLANC",
        "brand_url": "https://www.kingpower.com/en/brand/montblanc",
        "product_url": "https://www.kingpower.com/en/product/montblanc-meisterstuck-pocket-black",
        "product_name": "MONTBLANC Meisterst\u00fcck Pocket - Black",
        "description": "The Meisterst\u00fcck Pocket Holder with three card slots is crafted from a new deep shine black leather. Its new pure geometric design enhances the essence of functionality with multiple cards slots. An essential accessory that fits into most pockets. Ident No. MB129683 Dimensions: 60 x 5 x 90 mm Emblem: Emblems are manually centered, one by one, by our artisans. The emblem is centrally positioned, but the manual pressure operation with the machine may shift the emblem itself. This is a characteristic that does not compromise the aesthetic of the product and could not be accepted as complaint according to our policy. The Meisterst\u00fcck Pocket Holder with three card slots is crafted from a new deep shine black leather. Its new pure geometric design enhances the essence of functionality with multiple cards slots. An essential accessory that fits into most pockets. Ident No. MB129683 Dimensions: 60 x 5 x 90 mm Emblem: Emblems are manually centered, one by one, by our artisans. The emblem is centrally positioned, but the manual pressure operation with the machine may shift the emblem itself. This is a characteristic that does not compromise the aesthetic of the product and could not be accepted as complaint according to our policy.",
        "categories": [
            "Fashion",
            "Bags, Luggage & Travel",
            "Bags",
            "Card Cases & Other Bags"
        ],
        "sku_id": "971145",
        "price": "7,400.00 THB",
        "primary_image": "https://img.kingpowerclick.com/cdn-cgi/image/format=auto/kingpower-com/image/upload/w_640,h_640/v1726455913/prod/971145-L2.jpg",
        "images": [
            "https://img.kingpowerclick.com/cdn-cgi/image/format=auto/kingpower-com/image/upload/w_640,h_640/v1726455913/prod/971145-L1.jpg",
            "https://img.kingpowerclick.com/cdn-cgi/image/format=auto/kingpower-com/image/upload/w_640,h_640/v1726455913/prod/971145-L2.jpg",
            "https://img.kingpowerclick.com/cdn-cgi/image/format=auto/kingpower-com/image/upload/w_640,h_640/v1726455913/prod/971145-L3.jpg"
        ]
    },
    {
        "brand_name": "MONTBLANC",
        "brand_url": "https://www.kingpower.com/en/brand/montblanc",
        "product_url": "https://www.kingpower.com/en/product/montblanc-reversible-leather-belt-30-mm-black-blue",
        "product_name": "MONTBLANC Reversible Leather Belt 30 mm - Black/Blue",
        "description": "Rectangular shiny palladium-coated pin buckle. Self-adjustable, 3 cm x 120 cm, reversible grainy black for a casual attitude and shaded blue smooth leather strap to match any business suit. Can be worn with a range of looks thanks to the two very different leathers. Rectangular shiny palladium-coated pin buckle. Self-adjustable, 3 cm x 120 cm, reversible grainy black for a casual attitude and shaded blue smooth leather strap to match any business suit. Can be worn with a range of looks thanks to the two very different leathers.",
        "categories": [
            "Fashion",
            "Clothing",
            "Clothing Accessories",
            "Belts"
        ],
        "sku_id": "870147",
        "price": "11,800.00 THB",
        "primary_image": "https://img.kingpowerclick.com/cdn-cgi/image/format=auto/kingpower-com/image/upload/w_640,h_640/v1726455913/prod/870147-L2.jpg",
        "images": [
            "https://img.kingpowerclick.com/cdn-cgi/image/format=auto/kingpower-com/image/upload/w_640,h_640/v1726455913/prod/870147-L1.jpg",
            "https://img.kingpowerclick.com/cdn-cgi/image/format=auto/kingpower-com/image/upload/w_640,h_640/v1726455913/prod/870147-L2.jpg",
            "https://img.kingpowerclick.com/cdn-cgi/image/format=auto/kingpower-com/image/upload/w_640,h_640/v1726455913/prod/870147-L3.jpg"
        ]
    },
    {
        "brand_name": "MONTBLANC",
        "brand_url": "https://www.kingpower.com/en/brand/montblanc",
        "product_url": "https://www.kingpower.com/en/product/montblanc-reversible-leather-belt-30-mm-black-brown",
        "product_name": "MONTBLANC Reversible Leather Belt 30 mm - Black/Brown",
        "description": "Rectangular Shiny Stainless Steel Pin Buckle. Self-adjustable, 3 cm x 120 cm, reversible black & brown leather strap to match any business suit. Refined and understated, this timeless model will satisfy clients looking for a classic business belt. Ident No. MB116579 Dimensions: 1200 x 30 x 5 mm Emblem: Emblems are manually centered, one by one, by our artisans. The emblem is centrally positioned, but the manual pressure operation with the machine may shift the emblem itself. This is a characteristic that does not compromise the aesthetic of the product and could not be accepted as complaint according to our policy. Rectangular Shiny Stainless Steel Pin Buckle. Self-adjustable, 3 cm x 120 cm, reversible black & brown leather strap to match any business suit. Refined and understated, this timeless model will satisfy clients looking for a classic business belt. Ident No. MB116579 Dimensions: 1200 x 30 x 5 mm Emblem: Emblems are manually centered, one by one, by our artisans. The emblem is centrally positioned, but the manual pressure operation with the machine may shift the emblem itself. This is a characteristic that does not compromise the aesthetic of the product and could not be accepted as complaint according to our policy.",
        "categories": [
            "Fashion",
            "Clothing",
            "Clothing Accessories",
            "Belts"
        ],
        "sku_id": "740246",
        "price": "10,700.00 THB",
        "primary_image": "https://img.kingpowerclick.com/cdn-cgi/image/format=auto/kingpower-com/image/upload/w_640,h_640/v1726455913/prod/740246-L2.jpg",
        "images": [
            "https://img.kingpowerclick.com/cdn-cgi/image/format=auto/kingpower-com/image/upload/w_640,h_640/v1726455913/prod/740246-L1.jpg",
            "https://img.kingpowerclick.com/cdn-cgi/image/format=auto/kingpower-com/image/upload/w_640,h_640/v1726455913/prod/740246-L2.jpg",
            "https://img.kingpowerclick.com/cdn-cgi/image/format=auto/kingpower-com/image/upload/w_640,h_640/v1726455912/prod/740246-L3.jpg",
            "https://img.kingpowerclick.com/cdn-cgi/image/format=auto/kingpower-com/image/upload/w_640,h_640/v1726455912/prod/740246-L4.jpg",
            "https://img.kingpowerclick.com/cdn-cgi/image/format=auto/kingpower-com/image/upload/w_640,h_640/v1726455912/prod/740246-L5.jpg"
        ]
    },
    {
        "brand_name": "MONTBLANC",
        "brand_url": "https://www.kingpower.com/en/brand/montblanc",
        "product_url": "https://www.kingpower.com/en/product/montblanc-sartorial-tote-black",
        "product_name": "MONTBLANC Sartorial Tote - Black",
        "description": "Offering a more casual approach to workwear wardrobes, this elegant tote is crafted with a classic vertical silhouette in Saffiano-printed leather. It can be worn in a variety of ways, either with the short leather handles or longer fabric handles that can be hidden inside the bag when not in use. The tote\u2019s modular design allows for seamless personalization with smaller bags from the collection. Ident No. MB130278 Dimensions: 350 x 100 x 350 mm Emblem: Emblems are manually centered, one by one, by our artisans. The emblem is centrally positioned, but the manual pressure operation with the machine may shift the emblem itself. This is a characteristic that does not compromise the aesthetic of the product and could not be accepted as complaint according to our policy. Offering a more casual approach to workwear wardrobes, this elegant tote is crafted with a classic vertical silhouette in Saffiano-printed leather. It can be worn in a variety of ways, either with the short leather handles or longer fabric handles that can be hidden inside the bag when not in use. The tote\u2019s modular design allows for seamless personalization with smaller bags from the collection. Ident No. MB130278 Dimensions: 350 x 100 x 350 mm Emblem: Emblems are manually centered, one by one, by our artisans. The emblem is centrally positioned, but the manual pressure operation with the machine may shift the emblem itself. This is a characteristic that does not compromise the aesthetic of the product and could not be accepted as complaint according to our policy.",
        "categories": [
            "Fashion",
            "Bags, Luggage & Travel",
            "Bags",
            "Crossbody & Shoulder Bags"
        ],
        "sku_id": "1006546",
        "price": "40,700.00 THB",
        "primary_image": "https://img.kingpowerclick.com/cdn-cgi/image/format=auto/kingpower-com/image/upload/w_640,h_640/v1726455913/prod/1006546-L2.jpg",
        "images": [
            "https://img.kingpowerclick.com/cdn-cgi/image/format=auto/kingpower-com/image/upload/w_640,h_640/v1726455913/prod/1006546-L1.jpg",
            "https://img.kingpowerclick.com/cdn-cgi/image/format=auto/kingpower-com/image/upload/w_640,h_640/v1726455913/prod/1006546-L2.jpg",
            "https://img.kingpowerclick.com/cdn-cgi/image/format=auto/kingpower-com/image/upload/w_640,h_640/v1726455913/prod/1006546-L3.jpg",
            "https://img.kingpowerclick.com/cdn-cgi/image/format=auto/kingpower-com/image/upload/w_640,h_640/v1726455913/prod/1006546-L4.jpg",
            "https://img.kingpowerclick.com/cdn-cgi/image/format=auto/kingpower-com/image/upload/w_640,h_640/v1726455913/prod/1006546-L5.jpg",
            "https://img.kingpowerclick.com/cdn-cgi/image/format=auto/kingpower-com/image/upload/w_640,h_640/v1726455913/prod/1006546-L6.jpg",
            "https://img.kingpowerclick.com/cdn-cgi/image/format=auto/kingpower-com/image/upload/w_640,h_640/v1726455913/prod/1006546-L7.jpg",
            "https://img.kingpowerclick.com/cdn-cgi/image/format=auto/kingpower-com/image/upload/w_640,h_640/v1726455913/prod/1006546-L8.jpg",
            "https://img.kingpowerclick.com/cdn-cgi/image/format=auto/kingpower-com/image/upload/w_640,h_640/v1726455913/prod/1006546-L9.jpg",
            "https://img.kingpowerclick.com/cdn-cgi/image/format=auto/kingpower-com/image/upload/w_640,h_640/v1726455913/prod/1006546-L10.jpg"
        ]
    },
    {
        "brand_name": "MERCI",
        "brand_url": "https://www.kingpower.com/en/brand/merci",
        "product_url": "https://www.kingpower.com/en/product/merci-selection-400-g",
        "product_name": "MERCI Selection 400 g",
        "description": "Merci is a delicious selection of the finest milk and dark chocolates made from the very best ingredients available, providing indulgence and variety. With flavours such as hazelnut-almond, praline-cr\u00e8me and dark cream, Merci delights every taste and shows you really care when gifted to someone special. Ingredients :Sugar, cocoa butter, cocoa mass, whole milk powder, vegetable fats (palm, shea), hazelnuts, cream powder, almonds, lactose, whey powder, buttermilk powder, butterfat, reduced-fat cocoa, skimmed milk powder, dextrose, emulsifier: soya lecithin, fructose, coffee, glucose syrup, invert sugar syrup, flavourings, salt. Merci is a delicious selection of the finest milk and dark chocolates made from the very best ingredients available, providing indulgence and variety. With flavours such as hazelnut-almond, praline-cr\u00e8me and dark cream, Merci delights every taste and shows you really care when gifted to someone special. Ingredients :Sugar, cocoa butter, cocoa mass, whole milk powder, vegetable fats (palm, shea), hazelnuts, cream powder, almonds, lactose, whey powder, buttermilk powder, butterfat, reduced-fat cocoa, skimmed milk powder, dextrose, emulsifier: soya lecithin, fructose, coffee, glucose syrup, invert sugar syrup, flavourings, salt.",
        "categories": [
            "Foods & Beverages",
            "Chocolate, Snacks & Confectionary",
            "Chocolates"
        ],
        "sku_id": "543429",
        "price": "950.00 THB",
        "primary_image": "",
        "images": [
            "https://img.kingpowerclick.com/cdn-cgi/image/format=auto/kingpower-com/image/upload/w_640,h_640/v1686046323/prod/543429-l1.jpg"
        ]
    },
    {
        "brand_name": "MERCI",
        "brand_url": "https://www.kingpower.com/en/brand/merci",
        "product_url": "https://www.kingpower.com/en/product/merci-selection-250-g",
        "product_name": "MERCI Selection 250 g",
        "description": "Merci is a delicious selection of the finest milk and dark chocolates made from the very best ingredients available, providing indulgence and variety. With flavours such as hazelnut-almond, praline-cr\u00e8me and dark cream, Merci delights every taste and shows you really care when gifted to someone special. Ingredients : Sugar, cocoa butter, cocoa mass, whole milk powder, vegetable fats (palm, shea), hazelnuts, cream powder, almonds, lactose, whey powder, buttermilk powder, butterfat, reduced-fat cocoa, skimmed milk powder, dextrose, emulsifier: soya lecithin, fructose, coffee, glucose syrup, invert sugar syrup, flavourings, salt. Merci is a delicious selection of the finest milk and dark chocolates made from the very best ingredients available, providing indulgence and variety. With flavours such as hazelnut-almond, praline-cr\u00e8me and dark cream, Merci delights every taste and shows you really care when gifted to someone special. Ingredients : Sugar, cocoa butter, cocoa mass, whole milk powder, vegetable fats (palm, shea), hazelnuts, cream powder, almonds, lactose, whey powder, buttermilk powder, butterfat, reduced-fat cocoa, skimmed milk powder, dextrose, emulsifier: soya lecithin, fructose, coffee, glucose syrup, invert sugar syrup, flavourings, salt.",
        "categories": [
            "Foods & Beverages",
            "Chocolate, Snacks & Confectionary",
            "Chocolates"
        ],
        "sku_id": "16972",
        "price": "500.00 THB",
        "primary_image": "",
        "images": [
            "https://img.kingpowerclick.com/cdn-cgi/image/format=auto/kingpower-com/image/upload/w_640,h_640/v1686042658/prod/16972-l1.jpg"
        ]
    },
    {
        "brand_name": "MT.SAPOLA",
        "brand_url": "https://www.kingpower.com/en/brand/mt-sapola",
        "product_url": "https://www.kingpower.com/en/product/mt-sapola-hand-cream-gift-set-4-x-25-ml",
        "product_name": "Mt.Sapola Hand Cream Gift Set (4 x 25ml)",
        "description": "Hand Cream Gift Set This set includes:   - Lavender-Chamomile Hand Cream 25ml  - Lime-Mint Hand Cream 25ml  - Mandarin-Orange Hand Cream 25ml  - Lemongrass Hand Cream 25ml Hand Cream Gift Set This set includes:   - Lavender-Chamomile Hand Cream 25ml  - Lime-Mint Hand Cream 25ml  - Mandarin-Orange Hand Cream 25ml  - Lemongrass Hand Cream 25ml",
        "categories": [
            "Beauty",
            "Skincare",
            "Body",
            "Hand & Nail"
        ],
        "sku_id": "3728211",
        "price": "1,195.00 THB",
        "primary_image": "https://img.kingpowerclick.com/cdn-cgi/image/format=auto/kingpower-com/image/upload/w_640,h_640/v1726566694/prod/3728211-L2.jpg",
        "images": [
            "https://img.kingpowerclick.com/cdn-cgi/image/format=auto/kingpower-com/image/upload/w_640,h_640/v1726566693/prod/3728211-L1.jpg",
            "https://img.kingpowerclick.com/cdn-cgi/image/format=auto/kingpower-com/image/upload/w_640,h_640/v1726566694/prod/3728211-L2.jpg"
        ]
    },
    {
        "brand_name": "MT.SAPOLA",
        "brand_url": "https://www.kingpower.com/en/brand/mt-sapola",
        "product_url": "https://www.kingpower.com/en/product/mt-sapola-massage-oils-paper-box-4-x-65-ml",
        "product_name": "Mt.Sapola Massage Oils Paper Box (4x65ml)",
        "description": "This massage oil contains natural plant extracts and essential oils that nourish and regenerate skin, leaving skin silky-smooth. Paper Box with 65ml Massage Oils, (Rosemary-Eucalyptus, Lemongrass, Lavender - Chamomile, Ginger-Lemongrass) Direction: Apply on skin and massage until it is absorbed. Caution:   - Place a towel underneath body to protect bedding or floor from oil.  - For an authentic aromatherapy experience, pour a small amount of oil into palm and rub hands together to warm oil before massaging. Add more oil as desired.  - Inhale deeply for best result. This massage oil contains natural plant extracts and essential oils that nourish and regenerate skin, leaving skin silky-smooth. Paper Box with 65ml Massage Oils, (Rosemary-Eucalyptus, Lemongrass, Lavender - Chamomile, Ginger-Lemongrass) Direction: Apply on skin and massage until it is absorbed. Caution:   - Place a towel underneath body to protect bedding or floor from oil.  - For an authentic aromatherapy experience, pour a small amount of oil into palm and rub hands together to warm oil before massaging. Add more oil as desired.  - Inhale deeply for best result.",
        "categories": [
            "Beauty",
            "Skincare",
            "Body",
            "Body Massage Oil"
        ],
        "sku_id": "3728206",
        "price": "1,195.00 THB",
        "primary_image": "https://img.kingpowerclick.com/cdn-cgi/image/format=auto/kingpower-com/image/upload/w_640,h_640/v1726566667/prod/3728206-L2.jpg",
        "images": [
            "https://img.kingpowerclick.com/cdn-cgi/image/format=auto/kingpower-com/image/upload/w_640,h_640/v1726566667/prod/3728206-L1.jpg",
            "https://img.kingpowerclick.com/cdn-cgi/image/format=auto/kingpower-com/image/upload/w_640,h_640/v1726566667/prod/3728206-L2.jpg"
        ]
    },
    {
        "brand_name": "MT.SAPOLA",
        "brand_url": "https://www.kingpower.com/en/brand/mt-sapola",
        "product_url": "https://www.kingpower.com/en/product/mt-sapola-essential-oil-lavender-100-ml",
        "product_name": "Mt.Sapola Essential Oil Lavender 100ml",
        "description": "Mt.Sapola Essential Oil Direction: 4 drops for a burning time of 20 minutes. Put 5 drops in 200ml of steamed water and inhale for 3-5 minutes. Put 15 drops in the bath tub for 20 minutes bath. Caution: Do not use oils directly on the skin. Keep away from eyes and children. During pregnancy please consult an experienced aromatherapist. Ingredients : Essential Oil, Lavender Mt.Sapola Essential Oil Direction: 4 drops for a burning time of 20 minutes. Put 5 drops in 200ml of steamed water and inhale for 3-5 minutes. Put 15 drops in the bath tub for 20 minutes bath. Caution: Do not use oils directly on the skin. Keep away from eyes and children. During pregnancy please consult an experienced aromatherapist. Ingredients : Essential Oil, Lavender",
        "categories": [
            "Beauty",
            "Skincare",
            "Body",
            "Body Massage Oil"
        ],
        "sku_id": "3574596",
        "price": "3,090.00 THB",
        "primary_image": "",
        "images": [
            "https://img.kingpowerclick.com/cdn-cgi/image/format=auto/kingpower-com/image/upload/w_640,h_640/v1538623883/prod/3574596-L1.jpg"
        ]
    },
    {
        "brand_name": "MT.SAPOLA",
        "brand_url": "https://www.kingpower.com/en/brand/mt-sapola",
        "product_url": "https://www.kingpower.com/en/product/mt-sapola-massage-oil-jasmine-165-ml",
        "product_name": "Mt.Sapola Massage Oil-Jasmine 165ml",
        "description": "This massage oil provides a soft, soothing effect, while nourishing the skin with a wide array of natural nutrients to comfort the body and mind. Direction: Apply on skin and massage until it absorbed Caution:  \u2022 Keep out of reach of children. Avoid contact with eyes and ears. \u2022 If skin irritation occurs immediately discontinue use and consult physician.  \u2022 External use only Ingredients: Oryza Sativa (Rice) Bran Oil,  Simmondsia Chinensis (Jojoba)  Seed Oil, Aloe Barbadensis Leaf (Aloe Vera) Extract, Jasminum  Sambac (Jasmine) Flower Extract, Rosmarinus Officinalis (Rosemary)  Extract, Tocopherol* Natural substances of essential oils This massage oil provides a soft, soothing effect, while nourishing the skin with a wide array of natural nutrients to comfort the body and mind. Direction: Apply on skin and massage until it absorbed Caution:  \u2022 Keep out of reach of children. Avoid contact with eyes and ears. \u2022 If skin irritation occurs immediately discontinue use and consult physician.  \u2022 External use only Ingredients: Oryza Sativa (Rice) Bran Oil,  Simmondsia Chinensis (Jojoba)  Seed Oil, Aloe Barbadensis Leaf (Aloe Vera) Extract, Jasminum  Sambac (Jasmine) Flower Extract, Rosmarinus Officinalis (Rosemary)  Extract, Tocopherol* Natural substances of essential oils",
        "categories": [
            "Beauty",
            "Skincare",
            "Body",
            "Body Massage Oil"
        ],
        "sku_id": "3918985",
        "price": "830.00 THB",
        "primary_image": "https://img.kingpowerclick.com/cdn-cgi/image/format=auto/kingpower-com/image/upload/w_640,h_640/v1726566836/prod/3918985-L2.jpg",
        "images": [
            "https://img.kingpowerclick.com/cdn-cgi/image/format=auto/kingpower-com/image/upload/w_640,h_640/v1726566835/prod/3918985-L1.jpg",
            "https://img.kingpowerclick.com/cdn-cgi/image/format=auto/kingpower-com/image/upload/w_640,h_640/v1726566836/prod/3918985-L2.jpg"
        ]
    },
    {
        "brand_name": "MT.SAPOLA",
        "brand_url": "https://www.kingpower.com/en/brand/mt-sapola",
        "product_url": "https://www.kingpower.com/en/product/mt-sapola-sandalwood-essential-oil-10-in-jojoba-oil-10-ml",
        "product_name": "Mt.Sapola Sandalwood Essential Oil 10% in Jojoba Oil 10ml",
        "description": "Sandalwood is good for enhance mood. It promotes healthy-looking, smooth skin and reduces the appearance of skin imperfection. Direction: \u2022 4 drops for a burning time of 20 minutes. \u2022 Put 5 drops in 200ml. Of steamed water and inhale for 3-5 minutes. \u2022 Put 15 drops in the bath tub for 20 minutes bath. Caution:  \u2022 Do not use oils directly on the skin. \u2022 Keep away from eyes and children   \u2022 During pregnancy please consult an experienced aroma therapist. Ingredients: Sandalwood Essential Oil,10%, in Jojoba Oil Sandalwood is good for enhance mood. It promotes healthy-looking, smooth skin and reduces the appearance of skin imperfection. Direction: \u2022 4 drops for a burning time of 20 minutes. \u2022 Put 5 drops in 200ml. Of steamed water and inhale for 3-5 minutes. \u2022 Put 15 drops in the bath tub for 20 minutes bath. Caution:  \u2022 Do not use oils directly on the skin. \u2022 Keep away from eyes and children   \u2022 During pregnancy please consult an experienced aroma therapist. Ingredients: Sandalwood Essential Oil,10%, in Jojoba Oil",
        "categories": [
            "Home & Living",
            "Home Decoration",
            "Home Fragrance",
            "Essential Oil"
        ],
        "sku_id": "3784542",
        "price": "670.00 THB",
        "primary_image": "https://img.kingpowerclick.com/cdn-cgi/image/format=auto/kingpower-com/image/upload/w_640,h_640/v1726566764/prod/3784542-L2.jpg",
        "images": [
            "https://img.kingpowerclick.com/cdn-cgi/image/format=auto/kingpower-com/image/upload/w_640,h_640/v1726566766/prod/3784542-L1.jpg",
            "https://img.kingpowerclick.com/cdn-cgi/image/format=auto/kingpower-com/image/upload/w_640,h_640/v1726566764/prod/3784542-L2.jpg"
        ]
    },
    {
        "brand_name": "MT.SAPOLA",
        "brand_url": "https://www.kingpower.com/en/brand/mt-sapola",
        "product_url": "https://www.kingpower.com/en/product/mt-sapola-home-scent-lavender-120-ml",
        "product_name": "Mt.Sapola Home Scent Lavender 120ml.",
        "description": "Floral aroma of lavender has a calming effect on the mind. This provides the best remedy to relieve a stressful ambience as it calms the mind and provides a feeling of relaxation desirable for your home. Direction: 1. Remove the lid 2. Insert all the sticks into the bottle opening 3. Allowing the sticks to absorb the diffuser oil, releasing the scent into the air. 4. Reverse bundle of sticks only if you desire a more intense fragrance. 5. You can enjoy large home scent for over 8 months, but if you often reverse sticks (twice a days), it will last for 4 months. Caution:  Keep out of reach of children. Avoid contact with eyes and ears. If skin irritation occurs immediately discontinue use and consult physician. External use only Floral aroma of lavender has a calming effect on the mind. This provides the best remedy to relieve a stressful ambience as it calms the mind and provides a feeling of relaxation desirable for your home. Direction: 1. Remove the lid 2. Insert all the sticks into the bottle opening 3. Allowing the sticks to absorb the diffuser oil, releasing the scent into the air. 4. Reverse bundle of sticks only if you desire a more intense fragrance. 5. You can enjoy large home scent for over 8 months, but if you often reverse sticks (twice a days), it will last for 4 months. Caution:  Keep out of reach of children. Avoid contact with eyes and ears. If skin irritation occurs immediately discontinue use and consult physician. External use only",
        "categories": [
            "Home & Living",
            "Home Decoration",
            "Home Fragrance",
            "Home Fragrance Accessories"
        ],
        "sku_id": "3397516",
        "price": "1,570.00 THB",
        "primary_image": "",
        "images": [
            "https://img.kingpowerclick.com/cdn-cgi/image/format=auto/kingpower-com/image/upload/w_640,h_640/v1567671597/prod/3397516-L1.jpg"
        ]
    },
    {
        "brand_name": "MT.SAPOLA",
        "brand_url": "https://www.kingpower.com/en/brand/mt-sapola",
        "product_url": "https://www.kingpower.com/en/product/mt-sapola-paper-box-lemongrass",
        "product_name": "Mt.Sapola Paper Box  (Lemongrass)",
        "description": "Massage Oil An antioxidant rich, natural herbs blend that strangthens and protect, delicate skin. Provides the nutrition that skin thirsts for. Body Lotion This luxury , yet lightweight body lotion is instantly absorbed to provide superv moisturizer for enduring sotftness. Leaves skin smooth and fragranced. Caution:  Keep out of reach of children. Avoid contact with eyes and ears. If skin irritation occurs immediately discontinue use and consult physician. External use only Spa Set Lemongrass \u2022 65ml Massage Oil \u2022 65ml Body Lotion Massage Oil An antioxidant rich, natural herbs blend that strangthens and protect, delicate skin. Provides the nutrition that skin thirsts for. Body Lotion This luxury , yet lightweight body lotion is instantly absorbed to provide superv moisturizer for enduring sotftness. Leaves skin smooth and fragranced. Caution:  Keep out of reach of children. Avoid contact with eyes and ears. If skin irritation occurs immediately discontinue use and consult physician. External use only Spa Set Lemongrass \u2022 65ml Massage Oil \u2022 65ml Body Lotion",
        "categories": [
            "Beauty",
            "Skincare",
            "Skincare Set"
        ],
        "sku_id": "4298328",
        "price": "550.00 THB",
        "primary_image": "",
        "images": [
            "https://img.kingpowerclick.com/cdn-cgi/image/format=auto/kingpower-com/image/upload/w_640,h_640/v1565862514/prod/4298328-L1.jpg"
        ]
    },
    {
        "brand_name": "MT.SAPOLA",
        "brand_url": "https://www.kingpower.com/en/brand/mt-sapola",
        "product_url": "https://www.kingpower.com/en/product/mt-sapola-home-scent-lemongrass-450-ml",
        "product_name": "Mt.Sapola Home Scent Lemongrass 450ml.",
        "description": "Lemongrass is a perfect air freshener and a real pick-me up. This oil is the ideal remedy to combat drowsiness, irritability and morning grumpiness Direction: 1. Remove the lid 2. Insert all the sticks into the bottle opening 3. Allowing the sticks to absorb the diffuser oil, releasing the scent into the air. 4. Reverse bundle of sticks only if you desire a more intense fragrance. 5. You can enjoy large home scent for over 8 months, but if you often reverse sticks (twice a days), it will last for 4 months. Caution:  Keep out of reach of children. Avoid contact with eyes and ears. If skin irritation occurs immediately discontinue use and consult physician. External use only Lemongrass is a perfect air freshener and a real pick-me up. This oil is the ideal remedy to combat drowsiness, irritability and morning grumpiness Direction: 1. Remove the lid 2. Insert all the sticks into the bottle opening 3. Allowing the sticks to absorb the diffuser oil, releasing the scent into the air. 4. Reverse bundle of sticks only if you desire a more intense fragrance. 5. You can enjoy large home scent for over 8 months, but if you often reverse sticks (twice a days), it will last for 4 months. Caution:  Keep out of reach of children. Avoid contact with eyes and ears. If skin irritation occurs immediately discontinue use and consult physician. External use only",
        "categories": [
            "Home & Living",
            "Home Decoration",
            "Home Fragrance",
            "Home Fragrance Accessories"
        ],
        "sku_id": "3453026",
        "price": "2,480.00 THB",
        "primary_image": "",
        "images": [
            "https://img.kingpowerclick.com/cdn-cgi/image/format=auto/kingpower-com/image/upload/w_640,h_640/v1567671597/prod/3453026-L1.jpg"
        ]
    },
    {
        "brand_name": "MT.SAPOLA",
        "brand_url": "https://www.kingpower.com/en/brand/mt-sapola",
        "product_url": "https://www.kingpower.com/en/product/mt-sapola-body-spa-travels-pack-lemongrass",
        "product_name": "Mt.Sapola Body Spa Travels Pack Lemongrass",
        "description": "Body Spa Travels Pack, Lemongrass :  Paper Box with 30ml Body Wash, 30ml Body Lotion, 30ml Conditioning Shampoo, and 30ml Massage Oil Body Spa Travels Pack, Lemongrass :  Paper Box with 30ml Body Wash, 30ml Body Lotion, 30ml Conditioning Shampoo, and 30ml Massage Oil",
        "categories": [
            "Beauty",
            "Skincare",
            "Skincare Set"
        ],
        "sku_id": "4392219",
        "price": "365.00 THB",
        "primary_image": "",
        "images": [
            "https://img.kingpowerclick.com/cdn-cgi/image/format=auto/kingpower-com/image/upload/w_640,h_640/v1587039603/prod/4392219-L1.jpg"
        ]
    },
    {
        "brand_name": "MT.SAPOLA",
        "brand_url": "https://www.kingpower.com/en/brand/mt-sapola",
        "product_url": "https://www.kingpower.com/en/product/mt-sapola-microwavable-herbal-compress-body-200-g",
        "product_name": "Mt.Sapola Microwavable Herbal Compress Body 200g",
        "description": "Herbal ball for body has been used as an ancient healing solution for chronic problems such as back pain. Direction: \u2022  Place the herbal compress ball in a steamer for 10 minutes, or microwave for 2 minute at medium power.(Prior heating in microwave, soak the herbal compress ball completely in the water for approximately 1 minute and remove.) \u2022  Take the herbal compress ball out, make sure it's hot but not burning - if not, briefly reheat again and make sure the herbs stay moist enough to not burn. \u2022  Massage your body with the herbal ball until it cools.  Suggest having 2 herbal balls to alternate with the cool one for a more persistent and effective heat treatment. For best result, apply on acupressure points. \u2022   After use, allow the herbal ball to completely cool down before placing it in a cool dry area. This will allow it to last and be used for several more treatments. Caution: - Keep out of reach of children.  - Avoid contact with eyes and ears.  - If skin irritation occurs immediately discontinue use and consult physician.  - External use only. Herbal ball for body has been used as an ancient healing solution for chronic problems such as back pain. Direction: \u2022  Place the herbal compress ball in a steamer for 10 minutes, or microwave for 2 minute at medium power.(Prior heating in microwave, soak the herbal compress ball completely in the water for approximately 1 minute and remove.) \u2022  Take the herbal compress ball out, make sure it's hot but not burning - if not, briefly reheat again and make sure the herbs stay moist enough to not burn. \u2022  Massage your body with the herbal ball until it cools.  Suggest having 2 herbal balls to alternate with the cool one for a more persistent and effective heat treatment. For best result, apply on acupressure points. \u2022   After use, allow the herbal ball to completely cool down before placing it in a cool dry area. This will allow it to last and be used for several more treatments. Caution: - Keep out of reach of children.  - Avoid contact with eyes and ears.  - If skin irritation occurs immediately discontinue use and consult physician.  - External use only.",
        "categories": [
            "Health & Personal Care",
            "Health",
            "Traditional medicine & treatment"
        ],
        "sku_id": "3848826",
        "price": "420.00 THB",
        "primary_image": "",
        "images": [
            "https://img.kingpowerclick.com/cdn-cgi/image/format=auto/kingpower-com/image/upload/w_640,h_640/v1574936000/prod/3848826-L1.jpg"
        ]
    },
    {
        "brand_name": "MT.SAPOLA",
        "brand_url": "https://www.kingpower.com/en/brand/mt-sapola",
        "product_url": "https://www.kingpower.com/en/product/mt-sapola-essential-oil-lime-10-ml",
        "product_name": "Mt.Sapola Essential Oil Lime 10ml.",
        "description": "The present citrus aroma of lime may help mental clarity and encourage creativity. The refreshing qualities can also be used topically to cool the body. Direction: Oil Burner: 4 drops for a burning time of 20 minutes. Massage: Dilute 3-5 drops in 10 ml. of carrier oil. Inhalation: Put 5 drops in 200 ml. of steamed water and inhale for 3-5 minutes. Bath: Put 15 drops in the bath tub for a 20 minutes bath. Caution: Keep out of reach of children. Avoid contact with eyes and ears. If skin irritation occurs immediately discontinue use and consult physician. External use only The present citrus aroma of lime may help mental clarity and encourage creativity. The refreshing qualities can also be used topically to cool the body. Direction: Oil Burner: 4 drops for a burning time of 20 minutes. Massage: Dilute 3-5 drops in 10 ml. of carrier oil. Inhalation: Put 5 drops in 200 ml. of steamed water and inhale for 3-5 minutes. Bath: Put 15 drops in the bath tub for a 20 minutes bath. Caution: Keep out of reach of children. Avoid contact with eyes and ears. If skin irritation occurs immediately discontinue use and consult physician. External use only",
        "categories": [
            "Home & Living",
            "Home Decoration",
            "Home Fragrance",
            "Essential Oil"
        ],
        "sku_id": "4250196",
        "price": "390.00 THB",
        "primary_image": "https://img.kingpowerclick.com/cdn-cgi/image/format=auto/kingpower-com/image/upload/w_640,h_640/v1726566864/prod/4250196-L2.jpg",
        "images": [
            "https://img.kingpowerclick.com/cdn-cgi/image/format=auto/kingpower-com/image/upload/w_640,h_640/v1726566864/prod/4250196-L1.jpg",
            "https://img.kingpowerclick.com/cdn-cgi/image/format=auto/kingpower-com/image/upload/w_640,h_640/v1726566864/prod/4250196-L2.jpg"
        ]
    },
    {
        "brand_name": "MT.SAPOLA",
        "brand_url": "https://www.kingpower.com/en/brand/mt-sapola",
        "product_url": "https://www.kingpower.com/en/product/mt-sapola-hand-cream-lavender-chamomile-40-ml",
        "product_name": "Mt.Sapola Hand Cream Lavender-Chamomile 40ml.",
        "description": "This superrich hand cream contains pure herb extracts that deeply drench dry skin and preserve softness all day. leave hands powdery soft. Direction: Apply a small amount to hand, massaging until completely absorbed. May be used several times during the day for conditioning the hands and nails. Caution: Keep out of reach of children. Avoid contact with eyes and ears. If skin irritation occurs immediately discontinue use and consult physician. External use only This superrich hand cream contains pure herb extracts that deeply drench dry skin and preserve softness all day. leave hands powdery soft. Direction: Apply a small amount to hand, massaging until completely absorbed. May be used several times during the day for conditioning the hands and nails. Caution: Keep out of reach of children. Avoid contact with eyes and ears. If skin irritation occurs immediately discontinue use and consult physician. External use only",
        "categories": [
            "Beauty",
            "Skincare",
            "Body",
            "Hand & Nail"
        ],
        "sku_id": "4453016",
        "price": "365.00 THB",
        "primary_image": "",
        "images": [
            "https://img.kingpowerclick.com/cdn-cgi/image/format=auto/kingpower-com/image/upload/w_640,h_640/v1587039602/prod/4453016-L1.jpg"
        ]
    },
    {
        "brand_name": "MT.SAPOLA",
        "brand_url": "https://www.kingpower.com/en/brand/mt-sapola",
        "product_url": "https://www.kingpower.com/en/product/mt-sapola-hand-cream-mandarin-orange-40-ml",
        "product_name": "Mt.Sapola Hand Cream Mandarin-Orange 40ml.",
        "description": "Soften your hands often with this cream as its pure essential oil and plant extracts keeps hands a joy to feel and touch. Direction: Apply a small amount to hand, massaging until completely absorbed. May be used several times during the day for conditioning the hands and nails. Caution: Keep out of reach of children. Avoid contact with eyes and ears. If skin irritation occurs immediately discontinue use and consult physician. External use only Soften your hands often with this cream as its pure essential oil and plant extracts keeps hands a joy to feel and touch. Direction: Apply a small amount to hand, massaging until completely absorbed. May be used several times during the day for conditioning the hands and nails. Caution: Keep out of reach of children. Avoid contact with eyes and ears. If skin irritation occurs immediately discontinue use and consult physician. External use only",
        "categories": [
            "Beauty",
            "Skincare",
            "Body",
            "Hand & Nail"
        ],
        "sku_id": "4453019",
        "price": "365.00 THB",
        "primary_image": "",
        "images": [
            "https://img.kingpowerclick.com/cdn-cgi/image/format=auto/kingpower-com/image/upload/w_640,h_640/v1587039603/prod/4453019-L1.jpg"
        ]
    },
    {
        "brand_name": "MT.SAPOLA",
        "brand_url": "https://www.kingpower.com/en/brand/mt-sapola",
        "product_url": "https://www.kingpower.com/en/product/mt-sapola-hand-cream-lemongrass-40-ml",
        "product_name": "Mt.Sapola Hand Cream Lemongrass 40ml.",
        "description": "This hydrating cream will protect and nourish your hands against dryness with its combination of essential oils and plant extracts. Direction: Apply a small amount to hand, massaging until completely absorbed. May be used several times during the day for conditioning the hands and nails. Caution: Keep out of reach of children. Avoid contact with eyes and ears. If skin irritation occurs immediately discontinue use and consult physician. External use only This hydrating cream will protect and nourish your hands against dryness with its combination of essential oils and plant extracts. Direction: Apply a small amount to hand, massaging until completely absorbed. May be used several times during the day for conditioning the hands and nails. Caution: Keep out of reach of children. Avoid contact with eyes and ears. If skin irritation occurs immediately discontinue use and consult physician. External use only",
        "categories": [
            "Beauty",
            "Skincare",
            "Body",
            "Hand & Nail"
        ],
        "sku_id": "4453020",
        "price": "365.00 THB",
        "primary_image": "",
        "images": [
            "https://img.kingpowerclick.com/cdn-cgi/image/format=auto/kingpower-com/image/upload/w_640,h_640/v1587039603/prod/4453020-L1.jpg"
        ]
    },
    {
        "brand_name": "MT.SAPOLA",
        "brand_url": "https://www.kingpower.com/en/brand/mt-sapola",
        "product_url": "https://www.kingpower.com/en/product/mt-sapola-home-scent-lemongrass-120-ml",
        "product_name": "Mt.Sapola Home Scent Lemongrass 120ml.",
        "description": "Lemongrass is a perfect air freshener and a real pick-me up. This oil is the ideal remedy to combat drowsiness, irritability and morning grumpiness. Direction: 1. Remove the lid 2. Insert all the sticks into the bottle opening 3. Allowing the sticks to absorb the diffuser oil, releasing the scent into the air. 4. Reverse bundle of sticks only if you desire a more intense fragrance. 5. You can enjoy large home scent for over 8 months, but if you often reverse sticks (twice a days), it will last for 4 months. Caution: Keep out of reach of children. Avoid contact with eyes and ears. If skin irritation occurs immediately discontinue use and consult physician. External use only Lemongrass is a perfect air freshener and a real pick-me up. This oil is the ideal remedy to combat drowsiness, irritability and morning grumpiness. Direction: 1. Remove the lid 2. Insert all the sticks into the bottle opening 3. Allowing the sticks to absorb the diffuser oil, releasing the scent into the air. 4. Reverse bundle of sticks only if you desire a more intense fragrance. 5. You can enjoy large home scent for over 8 months, but if you often reverse sticks (twice a days), it will last for 4 months. Caution: Keep out of reach of children. Avoid contact with eyes and ears. If skin irritation occurs immediately discontinue use and consult physician. External use only",
        "categories": [
            "Home & Living",
            "Home Decoration",
            "Home Fragrance",
            "Home Fragrance Accessories"
        ],
        "sku_id": "3397515",
        "price": "1,100.00 THB",
        "primary_image": "",
        "images": [
            "https://img.kingpowerclick.com/cdn-cgi/image/format=auto/kingpower-com/image/upload/w_640,h_640/v1587039603/prod/3397515-L1.jpg"
        ]
    },
    {
        "brand_name": "MT.SAPOLA",
        "brand_url": "https://www.kingpower.com/en/brand/mt-sapola",
        "product_url": "https://www.kingpower.com/en/product/mt-sapola-essential-oil-orange-10-ml",
        "product_name": "Mt.Sapola Essential Oil Orange 10ml.",
        "description": "The smell can help relieve stress, anxiety or fear. It is helpful at soothing dry, oily, irritated skin as well as acne-prone skin and also reduce appearance of agings. Direction: Oil Burner: 4 drops for a burning time of 20 minutes. Massage: Dilute 3-5 drops in 10 ml. of carrier oil. Inhalation: Put 5 drops in 200 ml. of steamed water and inhale for 3-5 minutes. Bath: Put 15 drops in the bath tub for a 20 minutes bath. Caution: Keep out of reach of children. Avoid contact with eyes and ears. If skin irritation occurs immediately discontinue use and consult physician. External use only The smell can help relieve stress, anxiety or fear. It is helpful at soothing dry, oily, irritated skin as well as acne-prone skin and also reduce appearance of agings. Direction: Oil Burner: 4 drops for a burning time of 20 minutes. Massage: Dilute 3-5 drops in 10 ml. of carrier oil. Inhalation: Put 5 drops in 200 ml. of steamed water and inhale for 3-5 minutes. Bath: Put 15 drops in the bath tub for a 20 minutes bath. Caution: Keep out of reach of children. Avoid contact with eyes and ears. If skin irritation occurs immediately discontinue use and consult physician. External use only",
        "categories": [
            "Home & Living",
            "Home Decoration",
            "Home Fragrance",
            "Essential Oil"
        ],
        "sku_id": "3374742",
        "price": "365.00 THB",
        "primary_image": "https://img.kingpowerclick.com/cdn-cgi/image/format=auto/kingpower-com/image/upload/w_640,h_640/v1726566961/prod/3374742-L2.jpg",
        "images": [
            "https://img.kingpowerclick.com/cdn-cgi/image/format=auto/kingpower-com/image/upload/w_640,h_640/v1726566962/prod/3374742-L1.jpg",
            "https://img.kingpowerclick.com/cdn-cgi/image/format=auto/kingpower-com/image/upload/w_640,h_640/v1726566961/prod/3374742-L2.jpg"
        ]
    },
    {
        "brand_name": "MT.SAPOLA",
        "brand_url": "https://www.kingpower.com/en/brand/mt-sapola",
        "product_url": "https://www.kingpower.com/en/product/mt-sapola-soap-white-jasmine-rice-120-g",
        "product_name": "Mt.Sapola Soap White Jasmine Rice 120g.",
        "description": "A natural scrub for skin, rich in vitamin E and minerals from rice extracts, it is effective for exfoliating and invigorating the skin. Direction: Create lather with water on skin, then rinse off by water. Caution: For external uses only A natural scrub for skin, rich in vitamin E and minerals from rice extracts, it is effective for exfoliating and invigorating the skin. Direction: Create lather with water on skin, then rinse off by water. Caution: For external uses only",
        "categories": [
            "Health & Personal Care",
            "Personal Care",
            "Bath & Shower"
        ],
        "sku_id": "3363638",
        "price": "210.00 THB",
        "primary_image": "",
        "images": [
            "https://img.kingpowerclick.com/cdn-cgi/image/format=auto/kingpower-com/image/upload/w_640,h_640/v1587039602/prod/3363638-L1.jpg"
        ]
    },
    {
        "brand_name": "MT.SAPOLA",
        "brand_url": "https://www.kingpower.com/en/brand/mt-sapola",
        "product_url": "https://www.kingpower.com/en/product/mt-sapola-soap-rosemary-120-g",
        "product_name": "Mt.Sapola Soap Rosemary 120g.",
        "description": "A wonder from a plain garden herb, Rosemary not only helps brighten your mood but also enhances mental clarity. Direction: Create lather with water on skin, then rinse off by water. Caution: For external uses only A wonder from a plain garden herb, Rosemary not only helps brighten your mood but also enhances mental clarity. Direction: Create lather with water on skin, then rinse off by water. Caution: For external uses only",
        "categories": [
            "Health & Personal Care",
            "Personal Care",
            "Bath & Shower"
        ],
        "sku_id": "3567613",
        "price": "210.00 THB",
        "primary_image": "",
        "images": [
            "https://img.kingpowerclick.com/cdn-cgi/image/format=auto/kingpower-com/image/upload/w_640,h_640/v1587039603/prod/3567613-L1.jpg"
        ]
    },
    {
        "brand_name": "MT.SAPOLA",
        "brand_url": "https://www.kingpower.com/en/brand/mt-sapola",
        "product_url": "https://www.kingpower.com/en/product/mt-sapola-authentic-signature-hand-cream-40-ml",
        "product_name": "MT.SAPOLA Authentic Signature Hand Cream 40ml.",
        "description": "Ideal for conditioning and revitalizing your hand Direction: \u2022 Apply a small amount to hand, massaging until completely absorbed. \u2022 May be used several times during the day for conditioning the hands and nails. Caution: \u2022 Keep out of reach of children. \u2022 Avoid contact with eyes and ears. \u2022 If skin irritation occurs immediately discontinue use and consult physician. \u2022 External use only Ideal for conditioning and revitalizing your hand Direction: \u2022 Apply a small amount to hand, massaging until completely absorbed. \u2022 May be used several times during the day for conditioning the hands and nails. Caution: \u2022 Keep out of reach of children. \u2022 Avoid contact with eyes and ears. \u2022 If skin irritation occurs immediately discontinue use and consult physician. \u2022 External use only",
        "categories": [
            "Beauty",
            "Skincare",
            "Body",
            "Hand & Nail"
        ],
        "sku_id": "4453021",
        "price": "365.00 THB",
        "primary_image": "",
        "images": [
            "https://img.kingpowerclick.com/cdn-cgi/image/format=auto/kingpower-com/image/upload/w_640,h_640/v1603940398/prod/4453021-L1.jpg"
        ]
    },
    {
        "brand_name": "MT.SAPOLA",
        "brand_url": "https://www.kingpower.com/en/brand/mt-sapola",
        "product_url": "https://www.kingpower.com/en/product/mt-sapola-massage-oil-sandalwood-orange-165-ml",
        "product_name": "Mt.Sapola Massage Oil Sandalwood-Orange 165ml.",
        "description": "Creates the ideal ambience for romance while inspiring inner calm and harmony. Soothe and moisturize with our unique Oil blend. Creates the ideal ambience for romance while inspiring inner calm and harmony. Keeps Skin Well-Hydrated And Ease Stress Direction: Place a towel underneath body to protect bedding or floor from oil. For an authentic aromatherapy experience, pour a small amount of oil into palm and rub hands together to warm oil before massaging. Add more oil as desired. Inhale deeply for best result Caution: Keep out of reach of children. Avoid contact with eyes and ears. If skin irritation occurs immediately discontinue use and consult physician. External use only Creates the ideal ambience for romance while inspiring inner calm and harmony. Soothe and moisturize with our unique Oil blend. Creates the ideal ambience for romance while inspiring inner calm and harmony. Keeps Skin Well-Hydrated And Ease Stress Direction: Place a towel underneath body to protect bedding or floor from oil. For an authentic aromatherapy experience, pour a small amount of oil into palm and rub hands together to warm oil before massaging. Add more oil as desired. Inhale deeply for best result Caution: Keep out of reach of children. Avoid contact with eyes and ears. If skin irritation occurs immediately discontinue use and consult physician. External use only",
        "categories": [
            "Beauty",
            "Skincare",
            "Body",
            "Body Massage Oil"
        ],
        "sku_id": "4429203",
        "price": "830.00 THB",
        "primary_image": "https://img.kingpowerclick.com/cdn-cgi/image/format=auto/kingpower-com/image/upload/w_640,h_640/v1726566914/prod/4429203-L2.jpg",
        "images": [
            "https://img.kingpowerclick.com/cdn-cgi/image/format=auto/kingpower-com/image/upload/w_640,h_640/v1726566914/prod/4429203-L1.jpg",
            "https://img.kingpowerclick.com/cdn-cgi/image/format=auto/kingpower-com/image/upload/w_640,h_640/v1726566914/prod/4429203-L2.jpg"
        ]
    },
    {
        "brand_name": "MT.SAPOLA",
        "brand_url": "https://www.kingpower.com/en/brand/mt-sapola",
        "product_url": "https://www.kingpower.com/en/product/mt-sapola-body-wash-authentic-signature-220-ml",
        "product_name": "MT.SAPOLA Body Wash Authentic Signature 220ml.",
        "description": "Naturally Invigorating and freshening your skin Direction: In the shower, massage shower gel onto skin with a wash cloth and rinse off. Follow after bathing with our Body Lotion Caution: \u2022 Keep out of reach of children. \u2022 Avoid contact with eyes and ears. \u2022 If skin irritation occurs immediately discontinue use and consult physician. \u2022 External use only Naturally Invigorating and freshening your skin Direction: In the shower, massage shower gel onto skin with a wash cloth and rinse off. Follow after bathing with our Body Lotion Caution: \u2022 Keep out of reach of children. \u2022 Avoid contact with eyes and ears. \u2022 If skin irritation occurs immediately discontinue use and consult physician. \u2022 External use only",
        "categories": [
            "Health & Personal Care",
            "Personal Care",
            "Bath & Shower"
        ],
        "sku_id": "4298331",
        "price": "425.00 THB",
        "primary_image": "",
        "images": [
            "https://img.kingpowerclick.com/cdn-cgi/image/format=auto/kingpower-com/image/upload/w_640,h_640/v1603940398/prod/4298331-L1.jpg"
        ]
    },
    {
        "brand_name": "MT.SAPOLA",
        "brand_url": "https://www.kingpower.com/en/brand/mt-sapola",
        "product_url": "https://www.kingpower.com/en/product/mt-sapola-room-scent-sandalwood-orange-165-ml",
        "product_name": "MT.SAPOLA Room Scent - Sandalwood/Orange 165ml.",
        "description": "Room Scent, Sandalwood - Orange Creates an atmosphere of calm & serenity and enhances your space with comforting scent. Direction: Spray on your room, curtain and sofa to create a nice scent environment. Caution: \u2022 Keep out of reach of children. \u2022 Avoid contact with eyes and ears. \u2022 If skin irritation occurs immediately discontinue use and consult physician. \u2022 External use only Room Scent, Sandalwood - Orange Creates an atmosphere of calm & serenity and enhances your space with comforting scent. Direction: Spray on your room, curtain and sofa to create a nice scent environment. Caution: \u2022 Keep out of reach of children. \u2022 Avoid contact with eyes and ears. \u2022 If skin irritation occurs immediately discontinue use and consult physician. \u2022 External use only",
        "categories": [
            "Home & Living",
            "Home Decoration",
            "Home Fragrance",
            "Home Fragrance Accessories"
        ],
        "sku_id": "4429205",
        "price": "830.00 THB",
        "primary_image": "",
        "images": [
            "https://img.kingpowerclick.com/cdn-cgi/image/format=auto/kingpower-com/image/upload/w_640,h_640/v1603940398/prod/4429205-L1.jpg"
        ]
    },
    {
        "brand_name": "MT.SAPOLA",
        "brand_url": "https://www.kingpower.com/en/brand/mt-sapola",
        "product_url": "https://www.kingpower.com/en/product/mt-sapola-hand-cream-rose-40-ml",
        "product_name": "MT.SAPOLA Hand Cream - Rose 40ml.",
        "description": "Refreshing rose water and natural oil absorb quickly, deliver long lasting softness, soothed cuticles and strengthened nails. Direction: \u2022 Apply a small amount to hand, massaging until completely absorbed.  \u2022 May be used several times during the day for conditioning the hands and nails. Caution: \u2022 Keep out of reach of children. \u2022 Avoid contact with eyes and ears. \u2022 If skin irritation occurs immediately discontinue use and consult physician. \u2022 External use only Refreshing rose water and natural oil absorb quickly, deliver long lasting softness, soothed cuticles and strengthened nails. Direction: \u2022 Apply a small amount to hand, massaging until completely absorbed.  \u2022 May be used several times during the day for conditioning the hands and nails. Caution: \u2022 Keep out of reach of children. \u2022 Avoid contact with eyes and ears. \u2022 If skin irritation occurs immediately discontinue use and consult physician. \u2022 External use only",
        "categories": [
            "Beauty",
            "Skincare",
            "Body",
            "Hand & Nail"
        ],
        "sku_id": "4453017",
        "price": "645.00 THB",
        "primary_image": "",
        "images": [
            "https://img.kingpowerclick.com/cdn-cgi/image/format=auto/kingpower-com/image/upload/w_640,h_640/v1603940398/prod/4453017-L1.jpg"
        ]
    },
    {
        "brand_name": "MT.SAPOLA",
        "brand_url": "https://www.kingpower.com/en/brand/mt-sapola",
        "product_url": "https://www.kingpower.com/en/product/mt-sapola-home-scent-tranquil-woods-100-ml",
        "product_name": "MT.SAPOLA Home Scent Tranquil Woods 100 ml",
        "description": "Quieting the mind and inviting a sense of peace can truly nourish our souls. With a warm wood aroma, Tranquil Woods can help promote mental vigor while working as a natural mood booster. Direction: Quieting the mind and inviting a sense of peace can truly nourish our souls.  With a warm wood aroma, Tranquil Woods can help promote mental vigor while working as a natural mood booster.                                                   Caution: Keep out of reach of children.  Avoid contact with eyes and ears. If skin irritation occurs immediately discontinue use and consult physician. External use only Quieting the mind and inviting a sense of peace can truly nourish our souls. With a warm wood aroma, Tranquil Woods can help promote mental vigor while working as a natural mood booster. Direction: Quieting the mind and inviting a sense of peace can truly nourish our souls.  With a warm wood aroma, Tranquil Woods can help promote mental vigor while working as a natural mood booster.                                                   Caution: Keep out of reach of children.  Avoid contact with eyes and ears. If skin irritation occurs immediately discontinue use and consult physician. External use only",
        "categories": [
            "Home & Living",
            "Home Decoration",
            "Home Fragrance",
            "Essential Oil"
        ],
        "sku_id": "4568097",
        "price": "1,290.00 THB",
        "primary_image": "",
        "images": [
            "https://img.kingpowerclick.com/cdn-cgi/image/format=auto/kingpower-com/image/upload/w_640,h_640/v1669264610/prod/4568097-L1.jpg"
        ]
    },
    {
        "brand_name": "MT.SAPOLA",
        "brand_url": "https://www.kingpower.com/en/brand/mt-sapola",
        "product_url": "https://www.kingpower.com/en/product/mt-sapola-home-scent-tranquil-woods-500-ml",
        "product_name": "MT.SAPOLA Home Scent Tranquil Woods 500 ml",
        "description": "Quieting the mind and inviting a sense of peace can truly nourish our souls. With a warm wood aroma, Tranquil Woods can help promote mental vigor while working as a natural mood booster. Direction: Quieting the mind and inviting a sense of peace can truly nourish our souls.  With a warm wood aroma, Tranquil Woods can help promote mental vigor while working as a natural mood booster.                                                   Caution: Keep out of reach of children.  Avoid contact with eyes and ears. If skin irritation occurs immediately discontinue use and consult physician. External use only Quieting the mind and inviting a sense of peace can truly nourish our souls. With a warm wood aroma, Tranquil Woods can help promote mental vigor while working as a natural mood booster. Direction: Quieting the mind and inviting a sense of peace can truly nourish our souls.  With a warm wood aroma, Tranquil Woods can help promote mental vigor while working as a natural mood booster.                                                   Caution: Keep out of reach of children.  Avoid contact with eyes and ears. If skin irritation occurs immediately discontinue use and consult physician. External use only",
        "categories": [
            "Home & Living",
            "Home Decoration",
            "Home Fragrance",
            "Essential Oil"
        ],
        "sku_id": "4568098",
        "price": "3,695.00 THB",
        "primary_image": "",
        "images": [
            "https://img.kingpowerclick.com/cdn-cgi/image/format=auto/kingpower-com/image/upload/w_640,h_640/v1669264610/prod/4568098-L1.jpg"
        ]
    },
    {
        "brand_name": "MT.SAPOLA",
        "brand_url": "https://www.kingpower.com/en/brand/mt-sapola",
        "product_url": "https://www.kingpower.com/en/product/mt-sapola-home-scent-aesthetic-fleur-500-ml",
        "product_name": "MT.SAPOLA Home Scent Aesthetic Fleur 500 ml",
        "description": "Aesthetic Fleur helps to promote a peaceful, tranquil state of mind. It creates a sense of balance, harmony and well being and elevates the mind. Try after a particularly trying day when you need some emotional support Direction:  Aesthetic Fleur helps to promote a peaceful, tranquil state of mind. It creates a sense of balance, harmony and well being and elevates the mind.  Try after a particularly trying day when you need some emotional support     Caution: Keep out of reach of children.  Avoid contact with eyes and ears.  If skin irritation occurs immediately discontinue use and consult physician.  External use only Aesthetic Fleur helps to promote a peaceful, tranquil state of mind. It creates a sense of balance, harmony and well being and elevates the mind. Try after a particularly trying day when you need some emotional support Direction:  Aesthetic Fleur helps to promote a peaceful, tranquil state of mind. It creates a sense of balance, harmony and well being and elevates the mind.  Try after a particularly trying day when you need some emotional support     Caution: Keep out of reach of children.  Avoid contact with eyes and ears.  If skin irritation occurs immediately discontinue use and consult physician.  External use only",
        "categories": [
            "Home & Living",
            "Home Decoration",
            "Home Fragrance",
            "Essential Oil"
        ],
        "sku_id": "4568100",
        "price": "3,695.00 THB",
        "primary_image": "",
        "images": [
            "https://img.kingpowerclick.com/cdn-cgi/image/format=auto/kingpower-com/image/upload/w_640,h_640/v1669264610/prod/4568100-L1.jpg"
        ]
    },
    {
        "brand_name": "MT.SAPOLA",
        "brand_url": "https://www.kingpower.com/en/brand/mt-sapola",
        "product_url": "https://www.kingpower.com/en/product/mt-sapola-home-scent-lucent-breeze-100-ml",
        "product_name": "MT.SAPOLA Home Scent Lucent Breeze 100 ml",
        "description": "This energizing blend will give you the confidence boost. Lucent Breeze will help inspire creativity and ignite a passion for life when there seems to be little. Direction:   This energizing blend will give you the confidence boost. Lucent Breeze will help inspire creativity and ignite a passion for life when there seems to be little.   Caution: Keep out of reach of children.  Avoid contact with eyes and ears. If skin irritation occurs immediately discontinue use and consult physician.  External use only. This energizing blend will give you the confidence boost. Lucent Breeze will help inspire creativity and ignite a passion for life when there seems to be little. Direction:   This energizing blend will give you the confidence boost. Lucent Breeze will help inspire creativity and ignite a passion for life when there seems to be little.   Caution: Keep out of reach of children.  Avoid contact with eyes and ears. If skin irritation occurs immediately discontinue use and consult physician.  External use only.",
        "categories": [
            "Home & Living",
            "Home Decoration",
            "Home Fragrance",
            "Essential Oil"
        ],
        "sku_id": "4568095",
        "price": "1,195.00 THB",
        "primary_image": "",
        "images": [
            "https://img.kingpowerclick.com/cdn-cgi/image/format=auto/kingpower-com/image/upload/w_640,h_640/v1669264610/prod/4568095-L1.jpg"
        ]
    },
    {
        "brand_name": "MT.SAPOLA",
        "brand_url": "https://www.kingpower.com/en/brand/mt-sapola",
        "product_url": "https://www.kingpower.com/en/product/mt-sapola-home-scent-tropical-delight-100-ml",
        "product_name": "MT.SAPOLA Home Scent Tropical Delight 100 ml",
        "description": "A symphony of fresh herbs that awakens senses. Tropical Delight helps to create a positive atmosphere while adding a refreshing aroma to the air. Taking you to a comfort journey and bring you a step closer to nature. Direction: A symphony of fresh herbs that awakens senses.  Tropical Delight helps to create a positive atmosphere while adding a refreshing aroma to the air.  Taking you to a comfort journey and bring you a step closer to nature.               Caution: Keep out of reach of children.  Avoid contact with eyes and ears.  If skin irritation occurs immediately discontinue use and consult physician. External use only A symphony of fresh herbs that awakens senses. Tropical Delight helps to create a positive atmosphere while adding a refreshing aroma to the air. Taking you to a comfort journey and bring you a step closer to nature. Direction: A symphony of fresh herbs that awakens senses.  Tropical Delight helps to create a positive atmosphere while adding a refreshing aroma to the air.  Taking you to a comfort journey and bring you a step closer to nature.               Caution: Keep out of reach of children.  Avoid contact with eyes and ears.  If skin irritation occurs immediately discontinue use and consult physician. External use only",
        "categories": [
            "Home & Living",
            "Home Decoration",
            "Home Fragrance",
            "Essential Oil"
        ],
        "sku_id": "4568093",
        "price": "1,195.00 THB",
        "primary_image": "",
        "images": [
            "https://img.kingpowerclick.com/cdn-cgi/image/format=auto/kingpower-com/image/upload/w_640,h_640/v1669264610/prod/4568093-L1.jpg"
        ]
    },
    {
        "brand_name": "MT.SAPOLA",
        "brand_url": "https://www.kingpower.com/en/brand/mt-sapola",
        "product_url": "https://www.kingpower.com/en/product/mt-sapola-home-scent-tropical-delight-500-ml",
        "product_name": "MT.SAPOLA Home Scent Tropical Delight 500 ml",
        "description": "A symphony of fresh herbs that awakens senses. Tropical Delight helps to create a positive atmosphere while adding a refreshing aroma to the air. Taking you to a comfort journey and bring you a step closer to nature. Direction: A symphony of fresh herbs that awakens senses.  Tropical Delight helps to create a positive atmosphere while adding a refreshing aroma to the air.  Taking you to a comfort journey and bring you a step closer to nature.               Caution: Keep out of reach of children.  Avoid contact with eyes and ears.  If skin irritation occurs immediately discontinue use and consult physician. External use only A symphony of fresh herbs that awakens senses. Tropical Delight helps to create a positive atmosphere while adding a refreshing aroma to the air. Taking you to a comfort journey and bring you a step closer to nature. Direction: A symphony of fresh herbs that awakens senses.  Tropical Delight helps to create a positive atmosphere while adding a refreshing aroma to the air.  Taking you to a comfort journey and bring you a step closer to nature.               Caution: Keep out of reach of children.  Avoid contact with eyes and ears.  If skin irritation occurs immediately discontinue use and consult physician. External use only",
        "categories": [
            "Home & Living",
            "Home Decoration",
            "Home Fragrance",
            "Essential Oil"
        ],
        "sku_id": "4568094",
        "price": "3,415.00 THB",
        "primary_image": "",
        "images": [
            "https://img.kingpowerclick.com/cdn-cgi/image/format=auto/kingpower-com/image/upload/w_640,h_640/v1669264610/prod/4568094-L1.jpg"
        ]
    },
    {
        "brand_name": "MISTINE",
        "brand_url": "https://www.kingpower.com/en/brand/mistine",
        "product_url": "https://www.kingpower.com/en/product/mistine-3-d-brows-secret-brow-set-03-grey",
        "product_name": "MISTINE 3D Brows Secret Brow Set 1.8 g. - 03",
        "description": "Create beautiful 3D eyebrows, beautiful from every angle, sharp and dark, shaped to adapt to the shape of your face. The hottest fashion for eyebrow shaping at the moment. Helps makeup look more dimensional. With 3 devices in one stick \u2022 Eyebrow pencil, creamy texture, outlines beautiful eyebrows. \u2022 Eyebrow eyeshadow that makes your eyebrows look smooth and natural. \u2022 Eyebrow mascara: brush your eyebrows to make the lines look thicker, sharper, and beautifully lined. Create beautiful 3D eyebrows, beautiful from every angle, sharp and dark, shaped to adapt to the shape of your face. The hottest fashion for eyebrow shaping at the moment. Helps makeup look more dimensional. With 3 devices in one stick \u2022 Eyebrow pencil, creamy texture, outlines beautiful eyebrows. \u2022 Eyebrow eyeshadow that makes your eyebrows look smooth and natural. \u2022 Eyebrow mascara: brush your eyebrows to make the lines look thicker, sharper, and beautifully lined.",
        "categories": [
            "Beauty",
            "Makeup",
            "Eyes",
            "Eyebrows"
        ],
        "sku_id": "4040155",
        "price": "170.00 THB",
        "primary_image": "https://img.kingpowerclick.com/cdn-cgi/image/format=auto/kingpower-com/image/upload/w_640,h_640/v1538657285/prod/4040155-L2.jpg",
        "images": [
            "https://img.kingpowerclick.com/cdn-cgi/image/format=auto/kingpower-com/image/upload/w_640,h_640/v1538657279/prod/4040155-L1.jpg",
            "https://img.kingpowerclick.com/cdn-cgi/image/format=auto/kingpower-com/image/upload/w_640,h_640/v1538657285/prod/4040155-L2.jpg",
            "https://img.kingpowerclick.com/cdn-cgi/image/format=auto/kingpower-com/image/upload/w_640,h_640/v1538657292/prod/4040155-L3.jpg",
            "https://img.kingpowerclick.com/cdn-cgi/image/format=auto/kingpower-com/image/upload/w_640,h_640/v1538657301/prod/4040155-L4.jpg"
        ]
    },
    {
        "brand_name": "MISTINE",
        "brand_url": "https://www.kingpower.com/en/brand/mistine",
        "product_url": "https://www.kingpower.com/en/product/mistine-3-d-brows-secret-brow-set-02-light-brown",
        "product_name": "MISTINE 3D Brows Secret Brow Set 1.8 g. - 02",
        "description": "Create beautiful 3D eyebrows, beautiful from every angle, sharp and dark, shaped to adapt to the shape of your face. The hottest fashion for eyebrow shaping at the moment. Helps makeup look more dimensional. With 3 devices in one stick \u2022 Eyebrow pencil, creamy texture, outlines beautiful eyebrows. \u2022 Eyebrow eyeshadow that makes your eyebrows look smooth and natural. \u2022 Eyebrow mascara: brush your eyebrows to make the lines look thicker, sharper, and beautifully lined. Create beautiful 3D eyebrows, beautiful from every angle, sharp and dark, shaped to adapt to the shape of your face. The hottest fashion for eyebrow shaping at the moment. Helps makeup look more dimensional. With 3 devices in one stick \u2022 Eyebrow pencil, creamy texture, outlines beautiful eyebrows. \u2022 Eyebrow eyeshadow that makes your eyebrows look smooth and natural. \u2022 Eyebrow mascara: brush your eyebrows to make the lines look thicker, sharper, and beautifully lined.",
        "categories": [
            "Beauty",
            "Makeup",
            "Eyes",
            "Eyebrows"
        ],
        "sku_id": "4040154",
        "price": "170.00 THB",
        "primary_image": "https://img.kingpowerclick.com/cdn-cgi/image/format=auto/kingpower-com/image/upload/w_640,h_640/v1528886151/prod/4040154-L2.jpg",
        "images": [
            "https://img.kingpowerclick.com/cdn-cgi/image/format=auto/kingpower-com/image/upload/w_640,h_640/v1528886143/prod/4040154-L1.jpg",
            "https://img.kingpowerclick.com/cdn-cgi/image/format=auto/kingpower-com/image/upload/w_640,h_640/v1528886151/prod/4040154-L2.jpg",
            "https://img.kingpowerclick.com/cdn-cgi/image/format=auto/kingpower-com/image/upload/w_640,h_640/v1528886160/prod/4040154-L3.jpg",
            "https://img.kingpowerclick.com/cdn-cgi/image/format=auto/kingpower-com/image/upload/w_640,h_640/v1528886169/prod/4040154-L4.jpg"
        ]
    },
    {
        "brand_name": "MISTINE",
        "brand_url": "https://www.kingpower.com/en/brand/mistine",
        "product_url": "https://www.kingpower.com/en/product/mistine-blooming-musk-eau-de-perfume-50-ml",
        "product_name": "MISTINE Blooming Musk Eau De Perfume - 50 ml",
        "description": "Inspired by the first flower that represents the definition of a modern woman. Infused with the gentle scent of peony and dewberry, combined with the light scent of sweet peach, reminiscent of romance. Luxurious and full of sensuality, a new definition of fragrance for women and beauty. Inspired by the first flower that represents the definition of a modern woman. Infused with the gentle scent of peony and dewberry, combined with the light scent of sweet peach, reminiscent of romance. Luxurious and full of sensuality, a new definition of fragrance for women and beauty.",
        "categories": [
            "Beauty",
            "Perfumes & Fragrances",
            "Eau De Parfume"
        ],
        "sku_id": "4604469",
        "price": "520.00 THB",
        "primary_image": "",
        "images": [
            "https://img.kingpowerclick.com/cdn-cgi/image/format=auto/kingpower-com/image/upload/w_640,h_640/v1669859502/prod/4604469-L1.jpg"
        ]
    },
    {
        "brand_name": "MISTINE",
        "brand_url": "https://www.kingpower.com/en/brand/mistine",
        "product_url": "https://www.kingpower.com/en/product/mistine-gru-oil-control-perfect-poweder-spf-25-pa-gen-2-s-1",
        "product_name": "MISTINE Gru Oil Control Perfect Powder SPF 30 PA+++  Gen2 7 g. - S1 (Pack 6)",
        "description": "Powder mixed with foundation, waterproof, sweat proof, controls oil for 24 hours. To smooth, beautiful, long-lasting skin with Mistine powder mixed with foundation that provides superior long-lasting concealing powered by combining two skin-covering powder particles \"DUO Treated Powder\" together, resulting in a fine, soft, smooth powder texture that's easy to spread. It also has waterproof, sweat-proof, and stain-free properties. Powder mixed with foundation, waterproof, sweat proof, controls oil for 24 hours. To smooth, beautiful, long-lasting skin with Mistine powder mixed with foundation that provides superior long-lasting concealing powered by combining two skin-covering powder particles \"DUO Treated Powder\" together, resulting in a fine, soft, smooth powder texture that's easy to spread. It also has waterproof, sweat-proof, and stain-free properties.",
        "categories": [
            "Beauty",
            "Makeup",
            "Face",
            "Foundation"
        ],
        "sku_id": "4538498",
        "price": "95.00 THB",
        "primary_image": "https://img.kingpowerclick.com/cdn-cgi/image/format=auto/kingpower-com/image/upload/w_640,h_640/v1635992743/prod/4538498-L2.jpg",
        "images": [
            "https://img.kingpowerclick.com/cdn-cgi/image/format=auto/kingpower-com/image/upload/w_640,h_640/v1635992743/prod/4538498-L1.jpg",
            "https://img.kingpowerclick.com/cdn-cgi/image/format=auto/kingpower-com/image/upload/w_640,h_640/v1635992743/prod/4538498-L2.jpg"
        ]
    },
    {
        "brand_name": "MISTINE",
        "brand_url": "https://www.kingpower.com/en/brand/mistine",
        "product_url": "https://www.kingpower.com/en/product/mistine-plumeria-house-eau-de-perfume-50-ml",
        "product_name": "MISTINE Plumeria House Eau De Perfume - 50 ml",
        "description": "Conveying the uniqueness of flowers with a warm personality through the distinctive scent of frangipani flowers, sweet jasmine, and ylang ylang blend. Meticulously put together to create the perfect fragrance. Enhance your inner charm with a luxurious and modern floral scent. Conveying the uniqueness of flowers with a warm personality through the distinctive scent of frangipani flowers, sweet jasmine, and ylang ylang blend. Meticulously put together to create the perfect fragrance. Enhance your inner charm with a luxurious and modern floral scent.",
        "categories": [
            "Beauty",
            "Perfumes & Fragrances",
            "Eau De Parfume"
        ],
        "sku_id": "4604470",
        "price": "520.00 THB",
        "primary_image": "",
        "images": [
            "https://img.kingpowerclick.com/cdn-cgi/image/format=auto/kingpower-com/image/upload/w_640,h_640/v1669859502/prod/4604470-L1.jpg"
        ]
    },
    {
        "brand_name": "MISTINE",
        "brand_url": "https://www.kingpower.com/en/brand/mistine",
        "product_url": "https://www.kingpower.com/en/product/mistine-domaine-de-chantilly-rose-eau-de-perfume-50-ml",
        "product_name": "MISTINE Domaine De Chantilly Rose Eau De Perfume - 50 ml",
        "description": "Rose love symbol of romance. A timeless fragrance from English Roses that enhances sweetness with a gentle fragrance like delicate rose petals amidst a morning flower garden. Rose love symbol of romance. A timeless fragrance from English Roses that enhances sweetness with a gentle fragrance like delicate rose petals amidst a morning flower garden.",
        "categories": [
            "Beauty",
            "Perfumes & Fragrances",
            "Eau De Parfume"
        ],
        "sku_id": "4604467",
        "price": "520.00 THB",
        "primary_image": "",
        "images": [
            "https://img.kingpowerclick.com/cdn-cgi/image/format=auto/kingpower-com/image/upload/w_640,h_640/v1669859502/prod/4604467-L1.jpg"
        ]
    },
    {
        "brand_name": "MISTINE",
        "brand_url": "https://www.kingpower.com/en/brand/mistine",
        "product_url": "https://www.kingpower.com/en/product/mistine-aqua-base-ultra-protection-hydrating-face-body-sunscreen-spf-50-pa-70-ml",
        "product_name": "MISTINE Aqua Base Ultra Protection Hydrating Face & Body Sunscreen SPF50 PA++++ - 70 ml",
        "description": "Sunscreen for the face and body that is combined with Aqua Sunshield Technology, offers a complete sun protection for your skin in one place with SPF50 Pa++++ properties. Resulted in protecting the skin from UVB, UVA-I, and UVA-II rays, along with providing extra comfortable texture with paraben-free. Super watery, light, and not sticky. Sunscreen for the face and body that is combined with Aqua Sunshield Technology, offers a complete sun protection for your skin in one place with SPF50 Pa++++ properties. Resulted in protecting the skin from UVB, UVA-I, and UVA-II rays, along with providing extra comfortable texture with paraben-free. Super watery, light, and not sticky.",
        "categories": [
            "Beauty",
            "Skincare",
            "Facial",
            "Sun Care"
        ],
        "sku_id": "4659920",
        "price": "379.00 THB",
        "primary_image": "",
        "images": [
            "https://img.kingpowerclick.com/cdn-cgi/image/format=auto/kingpower-com/image/upload/w_640,h_640/v1701307320/prod/4659920-L1.jpg"
        ]
    },
    {
        "brand_name": "MISTINE",
        "brand_url": "https://www.kingpower.com/en/brand/mistine",
        "product_url": "https://www.kingpower.com/en/product/mistine-sweet-floral-amber-eau-de-perfume-50-ml",
        "product_name": "MISTINE Sweet Floral & Amber Eau De Perfume - 50 ml",
        "description": "The uniqueness of a modern floral scent that is special with the fresh scent of citrus combined with the delicate fragrance of modern rose and jasmine to make it juicy, sweet, and nurturing, and finished with the warmth and softness of amber, revealing a charming beauty. That is hidden within you to shine. The uniqueness of a modern floral scent that is special with the fresh scent of citrus combined with the delicate fragrance of modern rose and jasmine to make it juicy, sweet, and nurturing, and finished with the warmth and softness of amber, revealing a charming beauty. That is hidden within you to shine.",
        "categories": [
            "Beauty",
            "Perfumes & Fragrances",
            "Eau De Parfume"
        ],
        "sku_id": "4604468",
        "price": "520.00 THB",
        "primary_image": "",
        "images": [
            "https://img.kingpowerclick.com/cdn-cgi/image/format=auto/kingpower-com/image/upload/w_640,h_640/v1669859502/prod/4604468-L1.jpg"
        ]
    },
    {
        "brand_name": "MISTINE",
        "brand_url": "https://www.kingpower.com/en/brand/mistine",
        "product_url": "https://www.kingpower.com/en/product/mistine-aqua-base-ultra-protection-matte-light-facial-sunscreen-pro-spf-50-pa-40-ml",
        "product_name": "MISTINE Aqua Base Ultra Protection Matte & Light Facial Sunscreen Pro SPF50+ PA++++  - 40 ml",
        "description": "Innovative design of sunscreen lotion that is easily absorbed, light and comfortable on the skin. With a special Aquamatte Techonlogy which has been developed with a combination of molecules, and many more. Innovative design of sunscreen lotion that is easily absorbed, light and comfortable on the skin. With a special Aquamatte Techonlogy which has been developed with a combination of molecules, and many more.",
        "categories": [
            "Beauty",
            "Skincare",
            "Facial",
            "Sun Care"
        ],
        "sku_id": "4659919",
        "price": "389.00 THB",
        "primary_image": "",
        "images": [
            "https://img.kingpowerclick.com/cdn-cgi/image/format=auto/kingpower-com/image/upload/w_640,h_640/v1701307320/prod/4659919-L1.jpg"
        ]
    },
    {
        "brand_name": "MISTINE",
        "brand_url": "https://www.kingpower.com/en/brand/mistine",
        "product_url": "https://www.kingpower.com/en/product/mistine-semi-matte-velvet-liquid-foundation-spf-50-pa-fs-2",
        "product_name": "MISTINE Semi Matte Velvet Liquid Foundation SPF 50 PA++++ - FS2",
        "description": "Liquid foundation. Smooth to the touch, easy to spread, conceals wrinkles smoothly immediately. Featuring Airy Feather Film technology, a special type of film that helps provide a smooth and soft texture. Ready to give flexibility to the skin. Therefore, it provides close coverage without leaving stains, locking in beautiful, smooth, long-lasting skin. Combined with Sebum-Grabbing Powder that helps absorb oil on the skin perfectly. Doesn't make your face greasy during the day. Ready to nourish the skin to look brighter with Skin Whitening Booster. It also helps protect the skin from the sun with SPF50 PA++++. Liquid foundation. Smooth to the touch, easy to spread, conceals wrinkles smoothly immediately. Featuring Airy Feather Film technology, a special type of film that helps provide a smooth and soft texture. Ready to give flexibility to the skin. Therefore, it provides close coverage without leaving stains, locking in beautiful, smooth, long-lasting skin. Combined with Sebum-Grabbing Powder that helps absorb oil on the skin perfectly. Doesn't make your face greasy during the day. Ready to nourish the skin to look brighter with Skin Whitening Booster. It also helps protect the skin from the sun with SPF50 PA++++.",
        "categories": [
            "Beauty",
            "Makeup",
            "Face",
            "Foundation"
        ],
        "sku_id": "4609054",
        "price": "375.00 THB",
        "primary_image": "",
        "images": [
            "https://img.kingpowerclick.com/cdn-cgi/image/format=auto/kingpower-com/image/upload/w_640,h_640/v1701307320/prod/4609054-L1.jpg"
        ]
    },
    {
        "brand_name": "MISTINE",
        "brand_url": "https://www.kingpower.com/en/brand/mistine",
        "product_url": "https://www.kingpower.com/en/product/mistine-semi-matte-velvet-liquid-foundation-spf-50-pa-fs-1",
        "product_name": "MISTINE Semi Matte Velvet Liquid Foundation SPF 50 PA++++  - FS1",
        "description": "Liquid foundation. Smooth to the touch, easy to spread, conceals wrinkles smoothly immediately. Featuring Airy Feather Film technology, a special type of film that helps provide a smooth and soft texture. Ready to give flexibility to the skin. Therefore, it provides close coverage without leaving stains, locking in beautiful, smooth, long-lasting skin. Combined with Sebum-Grabbing Powder that helps absorb oil on the skin perfectly. Doesn't make your face greasy during the day. Ready to nourish the skin to look brighter with Skin Whitening Booster. It also helps protect the skin from the sun with SPF50 PA++++. Liquid foundation. Smooth to the touch, easy to spread, conceals wrinkles smoothly immediately. Featuring Airy Feather Film technology, a special type of film that helps provide a smooth and soft texture. Ready to give flexibility to the skin. Therefore, it provides close coverage without leaving stains, locking in beautiful, smooth, long-lasting skin. Combined with Sebum-Grabbing Powder that helps absorb oil on the skin perfectly. Doesn't make your face greasy during the day. Ready to nourish the skin to look brighter with Skin Whitening Booster. It also helps protect the skin from the sun with SPF50 PA++++.",
        "categories": [
            "Beauty",
            "Makeup",
            "Face",
            "Foundation"
        ],
        "sku_id": "4609053",
        "price": "375.00 THB",
        "primary_image": "",
        "images": [
            "https://img.kingpowerclick.com/cdn-cgi/image/format=auto/kingpower-com/image/upload/w_640,h_640/v1701307320/prod/4609053-L1.jpg"
        ]
    },
    {
        "brand_name": "MISTINE",
        "brand_url": "https://www.kingpower.com/en/brand/mistine",
        "product_url": "https://www.kingpower.com/en/product/mistine-swatch-me-blusher-5-5-g-no-02",
        "product_name": "MISTINE Swatch Me Blusher 5.5 g. - No. 02",
        "description": "Create beauty with a fine, smooth, soft blush. The most beautiful and gentle color. No matter what skin tone, you can brush it and you'll survive. Create a look for the cheeks to look beautiful, glowing, aura, add color as you wish, without stains, closely attached, and long-lasting. There are both Matte and Shimmer textures that help blend perfectly between the powder texture. And the cream texture makes the blush texture soft, smooth, light, a thin clear film that attaches naturally to the cheeks. Create beauty with a fine, smooth, soft blush. The most beautiful and gentle color. No matter what skin tone, you can brush it and you'll survive. Create a look for the cheeks to look beautiful, glowing, aura, add color as you wish, without stains, closely attached, and long-lasting. There are both Matte and Shimmer textures that help blend perfectly between the powder texture. And the cream texture makes the blush texture soft, smooth, light, a thin clear film that attaches naturally to the cheeks.",
        "categories": [
            "Beauty",
            "Makeup",
            "Face",
            "Blush"
        ],
        "sku_id": "4609043",
        "price": "215.00 THB",
        "primary_image": "",
        "images": [
            "https://img.kingpowerclick.com/cdn-cgi/image/format=auto/kingpower-com/image/upload/w_640,h_640/v1701307320/prod/4609043-L1.jpg"
        ]
    },
    {
        "brand_name": "MISTINE",
        "brand_url": "https://www.kingpower.com/en/brand/mistine",
        "product_url": "https://www.kingpower.com/en/product/mistine-blend-me-eye-shadow-palette-no-02-sweet-peach",
        "product_name": "MISTINE Blend Me Eye Shadow Palette - No.02 Sweet Peach",
        "description": "Soft, smooth eyeshadow with dense, clear pigments. Comes in 9 shades, suitable for all skin tones. You can decorate your eyelids in many different looks and styles. Both matte and glitter textures included in one compact. Can come in both single colors or you can paint and mix as you wish. Create complete beauty for your eyes. Complete in one cartridge Soft, smooth eyeshadow with dense, clear pigments. Comes in 9 shades, suitable for all skin tones. You can decorate your eyelids in many different looks and styles. Both matte and glitter textures included in one compact. Can come in both single colors or you can paint and mix as you wish. Create complete beauty for your eyes. Complete in one cartridge",
        "categories": [
            "Beauty",
            "Makeup",
            "Eyes",
            "Eyeshadow"
        ],
        "sku_id": "4609052",
        "price": "245.00 THB",
        "primary_image": "",
        "images": [
            "https://img.kingpowerclick.com/cdn-cgi/image/format=auto/kingpower-com/image/upload/w_640,h_640/v1701307320/prod/4609052-L1.jpg"
        ]
    },
    {
        "brand_name": "MISTINE",
        "brand_url": "https://www.kingpower.com/en/brand/mistine",
        "product_url": "https://www.kingpower.com/en/product/mistine-swatch-me-blusher-5-5-g-no-10",
        "product_name": "MISTINE Swatch Me Blusher 5.5 g. - No. 10",
        "description": "Create beauty with a fine, smooth, soft blush. The most beautiful and gentle color. No matter what skin tone, you can brush it and you'll survive. Create a look for the cheeks to look beautiful, glowing, aura, add color as you wish, without stains, closely attached, and long-lasting. There are both Matte and Shimmer textures that help blend perfectly between the powder texture. And the cream texture makes the blush texture soft, smooth, light, a thin clear film that attaches naturally to the cheeks. Create beauty with a fine, smooth, soft blush. The most beautiful and gentle color. No matter what skin tone, you can brush it and you'll survive. Create a look for the cheeks to look beautiful, glowing, aura, add color as you wish, without stains, closely attached, and long-lasting. There are both Matte and Shimmer textures that help blend perfectly between the powder texture. And the cream texture makes the blush texture soft, smooth, light, a thin clear film that attaches naturally to the cheeks.",
        "categories": [
            "Beauty",
            "Makeup",
            "Face",
            "Blush"
        ],
        "sku_id": "4609047",
        "price": "215.00 THB",
        "primary_image": "",
        "images": [
            "https://img.kingpowerclick.com/cdn-cgi/image/format=auto/kingpower-com/image/upload/w_640,h_640/v1701307320/prod/4609047-L1.jpg"
        ]
    },
    {
        "brand_name": "METHEE PHUKET",
        "brand_url": "https://www.kingpower.com/en/brand/methee-phuket",
        "product_url": "https://www.kingpower.com/en/product/methee-phuket-cashew-nut-natural-flavor-180-g",
        "product_name": "METHEE PHUKET Cashew Nut Natural Flavor 180g",
        "description": "Methee Phuket Cashew nut, established in 1972, is the most well-known and leading local product of Phuket. We select only the best quality of cashews that have been processed through a standardized procedure and unlike most places that stuck with the old-fashioned oil frying method, we choose the modern but yet classic roasting method to produce only the freshest, delicious, and nutritious cashews for you. Our cashews nut contain zero cholesterol, zero trans fat and many other nutritive minerals that would be suitable for a healthy lifestyle and the perfect gift for your friends and family. Enjoy! Methee Phuket Cashew nut, established in 1972, is the most well-known and leading local product of Phuket. We select only the best quality of cashews that have been processed through a standardized procedure and unlike most places that stuck with the old-fashioned oil frying method, we choose the modern but yet classic roasting method to produce only the freshest, delicious, and nutritious cashews for you. Our cashews nut contain zero cholesterol, zero trans fat and many other nutritive minerals that would be suitable for a healthy lifestyle and the perfect gift for your friends and family. Enjoy!",
        "categories": [
            "Foods & Beverages",
            "Chocolate, Snacks & Confectionary",
            "Snacks & Confectionary",
            "Nuts & Beans"
        ],
        "sku_id": "3908007",
        "price": "315.00 THB",
        "primary_image": "https://img.kingpowerclick.com/cdn-cgi/image/format=auto/kingpower-com/image/upload/w_640,h_640/v1582782686/prod/3908007-L2.jpg",
        "images": [
            "https://img.kingpowerclick.com/cdn-cgi/image/format=auto/kingpower-com/image/upload/w_640,h_640/v1582782680/prod/3908007-L1.jpg",
            "https://img.kingpowerclick.com/cdn-cgi/image/format=auto/kingpower-com/image/upload/w_640,h_640/v1582782686/prod/3908007-L2.jpg",
            "https://img.kingpowerclick.com/cdn-cgi/image/format=auto/kingpower-com/image/upload/w_640,h_640/v1582782691/prod/3908007-L3.jpg",
            "https://img.kingpowerclick.com/cdn-cgi/image/format=auto/kingpower-com/image/upload/w_640,h_640/v1582782697/prod/3908007-L4.jpg"
        ]
    },
    {
        "brand_name": "METHEE PHUKET",
        "brand_url": "https://www.kingpower.com/en/brand/methee-phuket",
        "product_url": "https://www.kingpower.com/en/product/methee-phuket-cashew-nut-tom-yum-flavor-180-g",
        "product_name": "METHEE PHUKET Cashew Nut Tom Yum Flavor  180g",
        "description": "Methee Cashew Nuts consists of chili, lemon, and many other high quality ingredients with a combination of lemongrass and kaffir lime leaves resulting in a traditional aromatic, spicy, sweet and sour taste just like the iconic Thai taste. Methee Phuket Cashew nut, established in 1972, is the most well-known and leading local product of Phuket. We select only the best quality of cashews that have been processed through a standardized procedure and unlike most places that stuck with the old-fashioned oil frying method, we choose the modern but yet classic roasting method to produce only the freshest, delicious, and nutritious cashews for you. Our cashews nut contain zero cholesterol, zero trans fat and many other nutritive minerals that would be suitable for a healthy lifestyle and the perfect gift for your friends and family. Methee Cashew Nuts consists of chili, lemon, and many other high quality ingredients with a combination of lemongrass and kaffir lime leaves resulting in a traditional aromatic, spicy, sweet and sour taste just like the iconic Thai taste. Methee Phuket Cashew nut, established in 1972, is the most well-known and leading local product of Phuket. We select only the best quality of cashews that have been processed through a standardized procedure and unlike most places that stuck with the old-fashioned oil frying method, we choose the modern but yet classic roasting method to produce only the freshest, delicious, and nutritious cashews for you. Our cashews nut contain zero cholesterol, zero trans fat and many other nutritive minerals that would be suitable for a healthy lifestyle and the perfect gift for your friends and family.",
        "categories": [
            "Foods & Beverages",
            "Chocolate, Snacks & Confectionary",
            "Snacks & Confectionary",
            "Nuts & Beans"
        ],
        "sku_id": "3908008",
        "price": "315.00 THB",
        "primary_image": "https://img.kingpowerclick.com/cdn-cgi/image/format=auto/kingpower-com/image/upload/w_640,h_640/v1582782685/prod/3908008-L2.jpg",
        "images": [
            "https://img.kingpowerclick.com/cdn-cgi/image/format=auto/kingpower-com/image/upload/w_640,h_640/v1582782680/prod/3908008-L1.jpg",
            "https://img.kingpowerclick.com/cdn-cgi/image/format=auto/kingpower-com/image/upload/w_640,h_640/v1582782685/prod/3908008-L2.jpg",
            "https://img.kingpowerclick.com/cdn-cgi/image/format=auto/kingpower-com/image/upload/w_640,h_640/v1582782690/prod/3908008-L3.jpg",
            "https://img.kingpowerclick.com/cdn-cgi/image/format=auto/kingpower-com/image/upload/w_640,h_640/v1582782696/prod/3908008-L4.jpg"
        ]
    },
    {
        "brand_name": "METHEE PHUKET",
        "brand_url": "https://www.kingpower.com/en/brand/methee-phuket",
        "product_url": "https://www.kingpower.com/en/product/methee-phuket-cashew-nut-wasabi-flavor-180-g",
        "product_name": "METHEE PHUKET Cashew Nut Wasabi Flavor 180g",
        "description": "Introduce you to one of our newest products made just for the adventurous and the cultured minds; Methee\u2019s wasabi flavored cashew nut. We use the best Wasabi powder combined with the finest roasted cashews to create only the most unique delicious, no cholesterol and no trans fat product just for you try. See for yourself! Methee Phuket Cashew nut, established in 1972, is the most well-known and leading local product of Phuket. We select only the best quality of cashews that have been processed through a standardized procedure and unlike most places that stuck with the old-fashioned oil frying method, we choose the modern but yet classic roasting method to produce only the freshest, delicious, and nutritious cashews for you. Introduce you to one of our newest products made just for the adventurous and the cultured minds; Methee\u2019s wasabi flavored cashew nut. We use the best Wasabi powder combined with the finest roasted cashews to create only the most unique delicious, no cholesterol and no trans fat product just for you try. See for yourself! Methee Phuket Cashew nut, established in 1972, is the most well-known and leading local product of Phuket. We select only the best quality of cashews that have been processed through a standardized procedure and unlike most places that stuck with the old-fashioned oil frying method, we choose the modern but yet classic roasting method to produce only the freshest, delicious, and nutritious cashews for you.",
        "categories": [
            "Foods & Beverages",
            "Chocolate, Snacks & Confectionary",
            "Snacks & Confectionary",
            "Nuts & Beans"
        ],
        "sku_id": "3908009",
        "price": "315.00 THB",
        "primary_image": "https://img.kingpowerclick.com/cdn-cgi/image/format=auto/kingpower-com/image/upload/w_640,h_640/v1582782687/prod/3908009-L2.jpg",
        "images": [
            "https://img.kingpowerclick.com/cdn-cgi/image/format=auto/kingpower-com/image/upload/w_640,h_640/v1582782680/prod/3908009-L1.jpg",
            "https://img.kingpowerclick.com/cdn-cgi/image/format=auto/kingpower-com/image/upload/w_640,h_640/v1582782687/prod/3908009-L2.jpg",
            "https://img.kingpowerclick.com/cdn-cgi/image/format=auto/kingpower-com/image/upload/w_640,h_640/v1582782692/prod/3908009-L3.jpg",
            "https://img.kingpowerclick.com/cdn-cgi/image/format=auto/kingpower-com/image/upload/w_640,h_640/v1582782698/prod/3908009-L4.jpg"
        ]
    },
    {
        "brand_name": "MONTBLANC (BEAUTY)",
        "brand_url": "https://www.kingpower.com/en/brand/montblanc-beauty",
        "product_url": "https://www.kingpower.com/en/product/montblanc-legend-edt-100-ml",
        "product_name": "MONTBLANC LEGEND EDT 100ml",
        "description": "\u200b \u200b LEGEND has the richness of Montblanc's history, while being very contemporary. It Captures depth, modernity and the right amount of discreet mysteriousness\u2026All in all the utmost height of serene and legendary masculinity. \u200b \u200b LEGEND has the richness of Montblanc's history, while being very contemporary. It Captures depth, modernity and the right amount of discreet mysteriousness\u2026All in all the utmost height of serene and legendary masculinity.",
        "categories": [
            "Beauty",
            "Perfumes",
            "Eau De Toilette"
        ],
        "sku_id": "350376",
        "price": "3,430.00 THB",
        "primary_image": "",
        "images": [
            "https://img.kingpowerclick.com/cdn-cgi/image/format=auto/kingpower-com/image/upload/w_640,h_640/v1510831425/prod/350376-l1.jpg"
        ]
    },
    {
        "brand_name": "MONTBLANC (BEAUTY)",
        "brand_url": "https://www.kingpower.com/en/brand/montblanc-beauty",
        "product_url": "https://www.kingpower.com/en/product/montblanc-legend-spirit-edt-50-ml",
        "product_name": "MONTBLANC Legend Spirit EDT 50ml",
        "description": "Product has at least 6 months of lifetime until expiry date. *Company reserves the right not to accept an exchange, a return or a refund after purchasing. \u200b \u200b The Montblanc Maison introduces a new dimension of compelling charisma. Montblanc Legend Spirit stands out thanks to its radically modern aesthetic of immaculate glossy white lacquer and tempered steel. Inspired by all forms and shades of white, the fresh, virile and intense fragrance is as breathtaking as a resplendent landscape. If this new fragrance reveals a more casual and unguarded aspect of the Montblanc Legend man, it still embodies the versatile appeal and quintessentially elegant elements of his character. This is a truly fresh woody aromatic fragrance. Notes: Top Notes Top: Pink Pepper, Bergamot Heart Notes: Aquatic accord, Lavender Base Notes: White Woods, White Musk Product has at least 6 months of lifetime until expiry date. *Company reserves the right not to accept an exchange, a return or a refund after purchasing. \u200b \u200b The Montblanc Maison introduces a new dimension of compelling charisma. Montblanc Legend Spirit stands out thanks to its radically modern aesthetic of immaculate glossy white lacquer and tempered steel. Inspired by all forms and shades of white, the fresh, virile and intense fragrance is as breathtaking as a resplendent landscape. If this new fragrance reveals a more casual and unguarded aspect of the Montblanc Legend man, it still embodies the versatile appeal and quintessentially elegant elements of his character. This is a truly fresh woody aromatic fragrance. Notes: Top Notes Top: Pink Pepper, Bergamot Heart Notes: Aquatic accord, Lavender Base Notes: White Woods, White Musk",
        "categories": [
            "Beauty",
            "Perfumes",
            "Eau De Toilette"
        ],
        "sku_id": "677653",
        "price": "2,610.00 THB",
        "primary_image": "",
        "images": [
            "https://img.kingpowerclick.com/cdn-cgi/image/format=auto/kingpower-com/image/upload/w_640,h_640/v1510832541/prod/677653-l1.jpg"
        ]
    },
    {
        "brand_name": "MISTINE",
        "brand_url": "https://www.kingpower.com/en/brand/mistine",
        "product_url": "https://www.kingpower.com/en/product/mistine-swatch-me-blusher-5-5-g-no-04",
        "product_name": "MISTINE Swatch Me Blusher 5.5 g. - No. 04",
        "description": "Create beauty with a fine, smooth, soft blush. The most beautiful and gentle color. No matter what skin tone, you can brush it and you'll survive. Create a look for the cheeks to look beautiful, glowing, aura, add color as you wish, without stains, closely attached, and long-lasting. There are both Matte and Shimmer textures that help blend perfectly between the powder texture. And the cream texture makes the blush texture soft, smooth, light, a thin clear film that attaches naturally to the cheeks. Create beauty with a fine, smooth, soft blush. The most beautiful and gentle color. No matter what skin tone, you can brush it and you'll survive. Create a look for the cheeks to look beautiful, glowing, aura, add color as you wish, without stains, closely attached, and long-lasting. There are both Matte and Shimmer textures that help blend perfectly between the powder texture. And the cream texture makes the blush texture soft, smooth, light, a thin clear film that attaches naturally to the cheeks.",
        "categories": [
            "Beauty",
            "Makeup",
            "Face",
            "Blush"
        ],
        "sku_id": "4609045",
        "price": "215.00 THB",
        "primary_image": "",
        "images": [
            "https://img.kingpowerclick.com/cdn-cgi/image/format=auto/kingpower-com/image/upload/w_640,h_640/v1701307320/prod/4609045-L1.jpg"
        ]
    },
    {
        "brand_name": "MONTBLANC (BEAUTY)",
        "brand_url": "https://www.kingpower.com/en/brand/montblanc-beauty",
        "product_url": "https://www.kingpower.com/en/product/montblanc-starwalker-edt-50-ml",
        "product_name": "MONTBLANC STARWALKER EDT 50ML",
        "description": "A fragrance made a new generation of men who are coming to grips with their future. Spicy top notes and sensual base notes. Tonic and ginger to stimulate, aniseed for a bourgeois touch and pepper for refinement. Woody heart notes for a sensual signature. A fragrance that speaks to both the soul and the senses. A fragrance made a new generation of men who are coming to grips with their future. Spicy top notes and sensual base notes. Tonic and ginger to stimulate, aniseed for a bourgeois touch and pepper for refinement. Woody heart notes for a sensual signature. A fragrance that speaks to both the soul and the senses.",
        "categories": [
            "Beauty",
            "Perfumes",
            "Eau De Toilette"
        ],
        "sku_id": "346807",
        "price": "2,280.00 THB",
        "primary_image": "",
        "images": [
            "https://img.kingpowerclick.com/cdn-cgi/image/format=auto/kingpower-com/image/upload/w_640,h_640/v1510831454/prod/346807-l1.jpg"
        ]
    },
    {
        "brand_name": "MONTBLANC (BEAUTY)",
        "brand_url": "https://www.kingpower.com/en/brand/montblanc-beauty",
        "product_url": "https://www.kingpower.com/en/product/montblanc-legend-spirit-edt-100-ml",
        "product_name": "MONTBLANC Legend Spirit EDT 100ml",
        "description": "The Montblanc Maison introduces a new dimension of compelling charisma. Montblanc Legend Spirit stands out thanks to its radically modern aesthetic of immaculate glossy white lacquer and tempered steel. Inspired by all forms and shades of white, the fresh, virile and intense fragrance is as breathtaking as a resplendent landscape. If this new fragrance reveals a more casual and unguarded aspect of the Montblanc Legend man, it still embodies the versatile appeal and quintessentially elegant elements of his character. This is a truly fresh woody aromatic fragrance.    Notes:  Top Notes Top: Pink Pepper, Bergamot  Heart Notes: Aquatic accord, Lavender  Base Notes: White Woods, White Musk The Montblanc Maison introduces a new dimension of compelling charisma. Montblanc Legend Spirit stands out thanks to its radically modern aesthetic of immaculate glossy white lacquer and tempered steel. Inspired by all forms and shades of white, the fresh, virile and intense fragrance is as breathtaking as a resplendent landscape. If this new fragrance reveals a more casual and unguarded aspect of the Montblanc Legend man, it still embodies the versatile appeal and quintessentially elegant elements of his character. This is a truly fresh woody aromatic fragrance.    Notes:  Top Notes Top: Pink Pepper, Bergamot  Heart Notes: Aquatic accord, Lavender  Base Notes: White Woods, White Musk",
        "categories": [
            "Beauty",
            "Perfumes",
            "Eau De Toilette"
        ],
        "sku_id": "677652",
        "price": "3,430.00 THB",
        "primary_image": "",
        "images": [
            "https://img.kingpowerclick.com/cdn-cgi/image/format=auto/kingpower-com/image/upload/w_640,h_640/v1510832541/prod/677652-l1.jpg"
        ]
    },
    {
        "product_name": "Bottega, Il Vino dei Poeti, Prosecco Spumante, DOC, brut, ros 0.75L",
        "brand_name": "Bottega",
        "brand_url": "https://shop.frankfurt-airport.com/en-US/brand/bottega",
        "retailer_name": "Frankfurt Duty Free",
        "retailer_url": "https://shop.frankfurt-airport.com/en-US/retailer/heinemann",
        "price": "\u20ac13.49",
        "price_per_quantity": "\u20ac17.99 / 1  l",
        "description": "In August 2020 the Prosecco DOC Consortium finally approved the Prosecco Ros\u00e9 production, an important innovation for the world of Prosecco. Bottega\u2019s proposal is Poeti Prosecco DOC Ros\u00e9, a sparkling wine that maintains the freshness and versatility of Prosecco, but amazes with its rose color, a more consistent perlage and a greater aromatic complexity! Bottega Prosecco DOC Ros\u00e9 is the result of the quality of raw materials, the passion of our oenologists and the great experience of our company.",
        "additional_information": "{\n    \"Order Amount\": \"0.75 l\",\n    \"Type of Sparkling Wine\": \"Prosecco\",\n    \"Calories\": \"272 kJ\",\n    \"Fat\": \" / \",\n    \"thereof \": \"1.2 g\",\n    \"Saturated Fatty Acids\": \"0.01 g\",\n    \"Carbonate\": \"0 g\",\n    \"Sugar\": \"1.2 g\",\n    \"Protein\": \"0.1 g\",\n    \"Origin of Wine \\u2013 Still\": \"Italy \\u2013 Veneto\",\n    \"made in\": \"Italy\",\n    \"Sweetness of Sparkling Wine\": \"Brut\",\n    \"Sweetness of Still Wine\": \"Dry\",\n    \"With Colorant\": \"No\",\n    \"Storage Conditions\": \"Store in a cool and dry place.\",\n    \"Warning Hints\": \"Drink responsibly.\",\n    \"Item Number\": \"1472407\",\n    \"Net Weight\": \"0.75 kg\",\n    \"Package Height\": \"33 cm\",\n    \"Package Length\": \"8.4 cm\",\n    \"Package Width\": \"8.4 cm\"\n}"
    },
    {
        "product_name": "Bottega I Love Italy Liqueur Mini. Multi Pack (Chocol., Gianduia Chocol., white Chocol., Lemon, Pistachio) 17% 5x0.03L, gift box",
        "brand_name": "Bottega",
        "brand_url": "https://shop.frankfurt-airport.com/en-US/brand/bottega",
        "retailer_name": "Frankfurt Duty Free",
        "retailer_url": "https://shop.frankfurt-airport.com/en-US/retailer/heinemann",
        "price": "\u20ac13.49",
        "price_per_quantity": "\u20ac89.93 / 1  l",
        "description": "Bottega creams, soft and velvety on the palate, are made special by a unique taste. Quality and accurate selection of ingredients, italian pastry tradition and the long-standing experience of our company meet to create an exceptional product. The Miniature Selection Creamy Passion offers an assortement of Bottega's main creams and liqueurs collection.Bottega creams, soft and velvety on the palate, are made special by a unique taste. Quality and accurate selection of ingredients, italian pastry tradition and the long-standing experience of our company meet to create an exceptional product. The Miniature Selection Creamy Passion offers an assortement of Bottega's main creams and liqueurs collection.",
        "additional_information": "{\n    \"Order Amount\": \"0.15 l\",\n    \"made in\": \"Italy\",\n    \"With Colorant\": \"Yes\",\n    \"Storage Conditions\": \"Store in a cool and  dry place; once opened, it is advisable to consume within few days.\",\n    \"Warning Hints\": \"Drink responsibly.\",\n    \"Item Number\": \"1561616\",\n    \"Net Weight\": \"0.15 kg\",\n    \"Package Height\": \"11 cm\",\n    \"Package Length\": \"3 cm\",\n    \"Package Width\": \"14.5 cm\"\n}"
    },
    {
        "product_name": "Bowmore Timeless 2nd Series 33yo 45.5% 700ml",
        "brand_name": "Bowmore",
        "brand_url": "https://shop.frankfurt-airport.com/en-US/brand/bowmore",
        "retailer_name": "Frankfurt Duty Free",
        "retailer_url": "https://shop.frankfurt-airport.com/en-US/retailer/heinemann",
        "price": "\u20ac2,499.00",
        "price_per_quantity": "\u20ac3,570.00 / 1  l",
        "description": "Bowmore Timeless 33yo is the second bi-enniel edition of the Timeless Range, a collection crafted and shaped by time. Bringing together ex-bourbon barrels with a definitive sherry finish and second fill European Oak Oloroso sherry butts, Bowmore Timeless 33yo celebrates the complete layers of flavour for which it is renowned and a harmonious combination of depth, richness and fruit.Bowmore Timeless 33yo is the second bi-enniel edition of the Timeless Range, a collection crafted and shaped by time. Bringing together ex-bourbon barrels with a definitive sherry finish and second fill European Oak Oloroso sherry butts, Bowmore Timeless 33yo celebrates the complete layers of flavour for which it is renowned and a harmonious combination of depth, richness and fruit.",
        "additional_information": "{\n    \"Order Amount\": \"0.7 l\",\n    \"made in\": \"United Kingdom\",\n    \"With Colorant\": \"Yes\",\n    \"Warning Hints\": \"Drink responsibly.\",\n    \"Item Number\": \"1606465\",\n    \"Net Weight\": \"0.7 kg\",\n    \"Package Height\": \"39 cm\",\n    \"Package Length\": \"24 cm\",\n    \"Package Width\": \"16 cm\"\n}"
    },
    {
        "product_name": "Bowmore 30 year old 45.3% 700ml",
        "brand_name": "Bowmore",
        "brand_url": "https://shop.frankfurt-airport.com/en-US/brand/bowmore",
        "retailer_name": "Frankfurt Duty Free",
        "retailer_url": "https://shop.frankfurt-airport.com/en-US/retailer/heinemann",
        "price": "\u20ac2,199.00",
        "price_per_quantity": "\u20ac3,141.43 / 1  l",
        "description": "Distilled in 1989, this rare single malt whisky has been gently nurtured for three decades in our finest Sherry hogshead and Bourbon  barrels. Inspired by the art of time and the shorefront location of Bowmore Distillery, the colours and textures of driftwood and polished sea glass, along with the waters of Loch Indaal are encompassed in this exquisite limited release. Defined by a rich fruity flavour and rounded by the unmistakable subtle peat smoke of Bowmore.Distilled in 1989, this rare single malt whisky has been gently nurtured for three decades in our finest Sherry hogshead and Bourbon  barrels. Inspired by the art of time and the shorefront location of Bowmore Distillery, the colours and textures of driftwood and polished sea glass, along with the waters of Loch Indaal are encompassed in this exquisite limited release. Defined by a rich fruity flavour and rounded by the unmistakable subtle peat smoke of Bowmore.",
        "additional_information": "{\n    \"Order Amount\": \"0.7 l\",\n    \"made in\": \"United Kingdom\",\n    \"With Colorant\": \"Yes\",\n    \"Warning Hints\": \"Drink responsibly.\",\n    \"Item Number\": \"1605039\",\n    \"Net Weight\": \"0.7 kg\",\n    \"Package Height\": \"30.5 cm\",\n    \"Package Length\": \"7.8 cm\",\n    \"Package Width\": \"7.8 cm\"\n}"
    },
    {
        "product_name": "Bruichladdich 16y Organic Islay Single Malt Scotch Whisky 50% 0.7L",
        "brand_name": "Bruichladdich",
        "brand_url": "https://shop.frankfurt-airport.com/en-US/brand/bruichladdich",
        "retailer_name": "Frankfurt Duty Free",
        "retailer_url": "https://shop.frankfurt-airport.com/en-US/retailer/heinemann",
        "price": "\u20ac119.99",
        "price_per_quantity": "\u20ac171.41 / 1  l",
        "description": "With no artifical input, this single-farm barley, grown on Mid-Coul farm, dalcross, is the purest expression of its terroir, an example of a single malt working harmoniously with the land.With no artifical input, this single-farm barley, grown on Mid-Coul farm, dalcross, is the purest expression of its terroir, an example of a single malt working harmoniously with the land.",
        "additional_information": "{\n    \"Order Amount\": \"0.7 l\",\n    \"made in\": \"United Kingdom\",\n    \"With Colorant\": \"No\",\n    \"Storage Conditions\": \"Store upright in a cool place (8-25C), out of direct sunlight. Avoid storage near sources of heat, cold or ororiferous substances\",\n    \"Warning Hints\": \"Drink responsibly.\",\n    \"Item Number\": \"1685633\",\n    \"Net Weight\": \"0.7 kg\",\n    \"Package Height\": \"8.8 cm\",\n    \"Package Length\": \"21.6 cm\",\n    \"Package Width\": \"8.8 cm\"\n}"
    },
    {
        "product_name": "Bushmills Sherry Cask 10y Single Malt Irish Whiskey 46% 1L gift pack",
        "brand_name": "Bushmills",
        "brand_url": "https://shop.frankfurt-airport.com/en-US/brand/bushmills",
        "retailer_name": "Frankfurt Duty Free",
        "retailer_url": "https://shop.frankfurt-airport.com/en-US/retailer/heinemann",
        "price": "\u20ac52.99",
        "price_per_quantity": "\u20ac52.99 / 1  l",
        "description": "Celebrating over four decades of collaboration with Spain\u2019s finest sherry casks makers, the Paez family, The Old Bushmills distillery created this 10 year old single malt whiskey, golden in hue, with rich oloroso aromas, walnuts, vanilla, honey and Spanish oak notes. Aged for a minimum of 10 years in bourbon and sherry casks, married and finished in aromatic oloroso sherry butts from the Paez-Morilla bodega, Jerez, Spain. Exclusive to Travel Retail.Celebrating over four decades of collaboration with Spain\u2019s finest sherry casks makers, the Paez family, The Old Bushmills distillery created this 10 year old single malt whiskey, golden in hue, with rich oloroso aromas, walnuts, vanilla, honey and Spanish oak notes. Aged for a minimum of 10 years in bourbon and sherry casks, married and finished in aromatic oloroso sherry butts from the Paez-Morilla bodega, Jerez, Spain. Exclusive to Travel Retail.",
        "additional_information": "{\n    \"Order Amount\": \"1 l\",\n    \"Calories\": \"1,062 kJ\",\n    \"Fat\": \" / \",\n    \"thereof \": \"0 g\",\n    \"Saturated Fatty Acids\": \"0 g\",\n    \"Carbonate\": \"0 g\",\n    \"Sugar\": \"0 g\",\n    \"Protein\": \"0 g\",\n    \"Salt\": \"0 g\",\n    \"made in\": \"Ireland\",\n    \"With Colorant\": \"No\",\n    \"Storage Conditions\": \"Store in a cool dry place.\",\n    \"Warning Hints\": \"Drink responsibly.\",\n    \"Item Number\": \"1472306\",\n    \"Net Weight\": \"1 kg\",\n    \"Package Height\": \"31.8 cm\",\n    \"Package Length\": \"9 cm\",\n    \"Package Width\": \"9 cm\"\n}"
    },
    {
        "product_name": "Bruichladdich Black Art Edition 11 Islay Single Malt Scotch Whisky 44.2% 0.7L",
        "brand_name": "Bruichladdich",
        "brand_url": "https://shop.frankfurt-airport.com/en-US/brand/bruichladdich",
        "retailer_name": "Frankfurt Duty Free",
        "retailer_url": "https://shop.frankfurt-airport.com/en-US/retailer/heinemann",
        "price": "",
        "price_per_quantity": "",
        "description": "Black Art 11 has been created using pre-renaissance casks from Bruichladdich Distillery (pre-2001) which have been safeguarded and maturing on Islay for 24 years.",
        "additional_information": "{\n    \"Order Amount\": \"0.7 l\",\n    \"made in\": \"United Kingdom\",\n    \"With Colorant\": \"No\",\n    \"Storage Conditions\": \"Store in a cool dry place.\",\n    \"Warning Hints\": \"Drink responsibly.\",\n    \"Item Number\": \"1624707\",\n    \"Net Weight\": \"0.7 kg\",\n    \"Package Height\": \"25.2 cm\",\n    \"Package Length\": \"10.2 cm\",\n    \"Package Width\": \"10.2 cm\"\n}"
    },
    {
        "product_name": "Bushmills 15Y Single Malt Irish Whiskey 46% 0.7L",
        "brand_name": "Bushmills",
        "brand_url": "https://shop.frankfurt-airport.com/en-US/brand/bushmills",
        "retailer_name": "Frankfurt Duty Free",
        "retailer_url": "https://shop.frankfurt-airport.com/en-US/retailer/heinemann",
        "price": "\u20ac89.99",
        "price_per_quantity": "\u20ac128.56 / 1  l",
        "description": "This intriguing whiskey is a marriage of 15YO Ex Bourbon 1st fill and 15YO Ex Bourbon 2nd fill American oak casks.",
        "additional_information": "{\n    \"Order Amount\": \"0.7 l\",\n    \"made in\": \"United Kingdom\",\n    \"With Colorant\": \"No\",\n    \"Storage Conditions\": \"Store in a cool dry area\",\n    \"Warning Hints\": \"Drink responsibly.\",\n    \"Item Number\": \"1597934\",\n    \"Net Weight\": \"0.7 kg\",\n    \"Package Height\": \"27.5 cm\",\n    \"Package Length\": \"9 cm\",\n    \"Package Width\": \"9 cm\"\n}"
    },
    {
        "product_name": "Bruichladdich Classic Laddie Sherry Cask Islay Single Malt Scotch Whisky 50% 0.7L",
        "brand_name": "Bruichladdich",
        "brand_url": "https://shop.frankfurt-airport.com/en-US/brand/bruichladdich",
        "retailer_name": "Frankfurt Duty Free",
        "retailer_url": "https://shop.frankfurt-airport.com/en-US/retailer/heinemann",
        "price": "\u20ac69.99",
        "price_per_quantity": "\u20ac99.99 / 1  l",
        "description": "Our signature bottling and the definitive Bruichladdich single malt further matured in casks from the famous Jerez bodega, Fernando de Castilla. This additional maturation adds to the complexity of the liquid with notes of dried fruits and almond. This exclusive take on the renowned Classic Laddie will only be available in the GTR channel and distillery home, a product that will be accessible for those new to the brand or continuing to explore the Bruichladdich range.Our signature bottling and the definitive Bruichladdich single malt further matured in casks from the famous Jerez bodega, Fernando de Castilla. This additional maturation adds to the complexity of the liquid with notes of dried fruits and almond. This exclusive take on the renowned Classic Laddie will only be available in the GTR channel and distillery home, a product that will be accessible for those new to the brand or continuing to explore the Bruichladdich range.",
        "additional_information": "{\n    \"Order Amount\": \"0.7 l\",\n    \"made in\": \"United Kingdom\",\n    \"With Colorant\": \"No\",\n    \"Storage Conditions\": \"Store in a cool dry place.\",\n    \"Warning Hints\": \"Drink responsibly.\",\n    \"Item Number\": \"1640108\",\n    \"Net Weight\": \"0.7 kg\",\n    \"Package Height\": \"22 cm\",\n    \"Package Length\": \"8.5 cm\",\n    \"Package Width\": \"8.5 cm\"\n}"
    },
    {
        "product_name": "Ballantine's Ballantine's TMI John.L 40%1L 40 1000",
        "brand_name": "Ballantine's",
        "brand_url": "https://shop.frankfurt-airport.com/en-US/brand/ballantine-s",
        "retailer_name": "Frankfurt Duty Free",
        "retailer_url": "https://shop.frankfurt-airport.com/en-US/retailer/heinemann",
        "price": "\u20ac22.99",
        "price_per_quantity": "\u20ac22.99 / 1  l",
        "description": "Iconic whisky meets iconic artist in this limited edition design of Ballantine's Finest Scotch Whisky, celebrating true music icon John Lennon. The pack is transformed through John Lennon's sketches and unmistakeable self-portrait, used on the Imagine soundtrack album cover.Iconic whisky meets iconic artist in this limited edition design of Ballantine's Finest Scotch Whisky, celebrating true music icon John Lennon. The pack is transformed through John Lennon's sketches and unmistakeable self-portrait, used on the Imagine soundtrack album cover.",
        "additional_information": "{\n    \"Order Amount\": \"1 l\",\n    \"made in\": \"United Kingdom\",\n    \"With Colorant\": \"No\",\n    \"Storage Conditions\": \"Store in a cool dry place.\",\n    \"Warning Hints\": \"Drink responsibly.\",\n    \"Item Number\": \"1679299\",\n    \"Net Weight\": \"1 kg\",\n    \"Package Height\": \"26.5 cm\",\n    \"Package Length\": \"10.5 cm\",\n    \"Package Width\": \"7 cm\"\n}"
    },
    {
        "product_name": "Balvenie 18y Sherry Cask Speyside Single Malt Scotch Whisky 48.7% 0.7L gift pack",
        "brand_name": "Balvenie",
        "brand_url": "https://shop.frankfurt-airport.com/en-US/brand/balvenie",
        "retailer_name": "Frankfurt Duty Free",
        "retailer_url": "https://shop.frankfurt-airport.com/en-US/retailer/heinemann",
        "price": "\u20ac279.99",
        "price_per_quantity": "\u20ac399.99 / 1  l",
        "description": "The Balvenie Pedro Xim\u00e9nez Cask 18YO is a single malt finished in casks previously held Pedro Xim\u00e9nez sherry.",
        "additional_information": "{\n    \"Order Amount\": \"0.7 l\",\n    \"Calories\": \"984 kJ\",\n    \"Carbonate\": \" / \",\n    \"thereof \": \"237 kcal\",\n    \"Sugar\": \"0.1 g\",\n    \"made in\": \"0.1 g\",\n    \"With Colorant\": \"United Kingdom\",\n    \"GMO Free\": \"No\",\n    \"Storage Conditions\": \"Yes\",\n    \"Warning Hints\": \"Store in a cool dry place.\",\n    \"Item Number\": \"Drink responsibly.\",\n    \"Net Weight\": \"1511798\",\n    \"Package Height\": \"0.7 kg\",\n    \"Package Length\": \"24 cm\",\n    \"Package Width\": \"8.7 cm\"\n}"
    },
    {
        "product_name": "BALLANTINE'S 10 YEAR OLD 40% 1L",
        "brand_name": "Ballantine's",
        "brand_url": "https://shop.frankfurt-airport.com/en-US/brand/ballantine-s",
        "retailer_name": "Frankfurt Duty Free",
        "retailer_url": "https://shop.frankfurt-airport.com/en-US/retailer/heinemann",
        "price": "\u20ac41.90",
        "price_per_quantity": "\u20ac41.90 / 1  l",
        "description": "A SOPHISTICATED BLEND OF WHISKIES SELECTED AT THEIR PEAK, HONED INTO A DRINK THAT\u2019S THE RESULT OF PASSION FOR THE CRAFT. A HONEY-SWEET SCOTCH WHISKY PERFECTLY BALANCED WITH OAK AND VANILLA NOTES.A SOPHISTICATED BLEND OF WHISKIES SELECTED AT THEIR PEAK, HONED INTO A DRINK THAT\u2019S THE RESULT OF PASSION FOR THE CRAFT. A HONEY-SWEET SCOTCH WHISKY PERFECTLY BALANCED WITH OAK AND VANILLA NOTES.",
        "additional_information": "{\n    \"Order Amount\": \"1 l\",\n    \"made in\": \"United Kingdom\",\n    \"With Colorant\": \"No\",\n    \"Storage Conditions\": \"Store in a cool dry place.\",\n    \"Warning Hints\": \"Drink responsibly.\",\n    \"Item Number\": \"1610939\",\n    \"Net Weight\": \"1 kg\",\n    \"Package Height\": \"26.5 cm\",\n    \"Package Length\": \"6.5 cm\",\n    \"Package Width\": \"9.5 cm\"\n}"
    },
    {
        "product_name": "Zacapa Heavenly Cask Rum 40% 0.7L gift pack",
        "brand_name": "Zacapa",
        "brand_url": "https://shop.frankfurt-airport.com/en-US/brand/zacapa",
        "retailer_name": "Frankfurt Duty Free",
        "retailer_url": "https://shop.frankfurt-airport.com/en-US/retailer/heinemann",
        "price": "",
        "price_per_quantity": "",
        "description": "La Pasi\u00f3n, the barrel of passion. Only the best rum qualities were selected by master blender Lorena V\u00e1squez for this blended rum with distinctive notes of dried fruits. The barrels were stored for between 6 and 24 years. The second maturation in former Pedro Xim\u00e9nez sherry casks further refines the aromas of this extraordinary creation. The result is a rum that enchants with its vanilla, raisin and chocolate notes and unmistakably comes straight from the heart of Guatemala.La Pasi\u00f3n, the barrel of passion. Only the best rum qualities were selected by master blender Lorena V\u00e1squez for this blended rum with distinctive notes of dried fruits. The barrels were stored for between 6 and 24 years. The second maturation in former Pedro Xim\u00e9nez sherry casks further refines the aromas of this extraordinary creation. The result is a rum that enchants with its vanilla, raisin and chocolate notes and unmistakably comes straight from the heart of Guatemala.",
        "additional_information": "{\n    \"Order Amount\": \"0.7 l\",\n    \"Calories\": \"556 kJ\",\n    \"made in\": \" / \",\n    \"With Colorant\": \"133 kcal\",\n    \"Warning Hints\": \"Guatemala\",\n    \"Item Number\": \"No\",\n    \"Net Weight\": \"Drink responsibly.\",\n    \"Package Height\": \"1688179\",\n    \"Package Length\": \"0.7 kg\",\n    \"Package Width\": \"30.23 cm\"\n}"
    },
    {
        "product_name": "Ron Zacapa Solera Gran Reserva Rum 40% 1L",
        "brand_name": "Zacapa",
        "brand_url": "https://shop.frankfurt-airport.com/en-US/brand/zacapa",
        "retailer_name": "Frankfurt Duty Free",
        "retailer_url": "https://shop.frankfurt-airport.com/en-US/retailer/heinemann",
        "price": "\u20ac79.99",
        "price_per_quantity": "\u20ac79.99 / 1  l",
        "description": "It\u2019s the specific combination of Guatemala\u2019s soil, climate and altitude, together with our Master Blender\u2019s unusual degree of control over production and ageing, that enable us to create what is widely acknowledged to be the world\u2019s best-tasting rum. Containing a blend of rums from 6 to 23 years old.It\u2019s the specific combination of Guatemala\u2019s soil, climate and altitude, together with our Master Blender\u2019s unusual degree of control over production and ageing, that enable us to create what is widely acknowledged to be the world\u2019s best-tasting rum. Containing a blend of rums from 6 to 23 years old.",
        "additional_information": "{\n    \"Order Amount\": \"1 l\",\n    \"Calories\": \"1,101 kJ\",\n    \"Fat\": \" / \",\n    \"Carbonate\": \"266 kcal\",\n    \"Protein\": \"0 g\",\n    \"made in\": \"0 g\",\n    \"With Colorant\": \"0 g\",\n    \"Warning Hints\": \"Guatemala\",\n    \"Item Number\": \"Yes\",\n    \"Net Weight\": \"It's worth giving serious thought to your own approach to alcohol. Carry out a self-assessment test now --> drinkiq.com\",\n    \"Package Height\": \"1146292\",\n    \"Package Length\": \"1 kg\",\n    \"Package Width\": \"33 cm\"\n}"
    },
    {
        "product_name": "Baileys Colada Liqueur 17% 0.7L",
        "brand_name": "Baileys",
        "brand_url": "https://shop.frankfurt-airport.com/en-US/brand/baileys",
        "retailer_name": "Frankfurt Duty Free",
        "retailer_url": "https://shop.frankfurt-airport.com/en-US/retailer/heinemann",
        "price": "\u20ac17.99",
        "price_per_quantity": "\u20ac25.70 / 1  l",
        "description": "Ever wonder what sunshine tastes like? This fresh twist on a favourite tropical treat blends our irresistible Irish Cream with the flavours of creamy coconut and sweet, juicy pineapples. It's summertime bliss in a bottle!Ever wonder what sunshine tastes like? This fresh twist on a favourite tropical treat blends our irresistible Irish Cream with the flavours of creamy coconut and sweet, juicy pineapples. It's summertime bliss in a bottle!",
        "additional_information": "{\n    \"Order Amount\": \"0.7 l\",\n    \"Calories\": \"1,301 kJ\",\n    \"Fat\": \" / \",\n    \"thereof \": \"21 g\",\n    \"Saturated Fatty Acids\": \"14 g\",\n    \"Carbonate\": \"9 g\",\n    \"Sugar\": \"18 g\",\n    \"Protein\": \"3 g\",\n    \"Salt\": \"0.2 g\",\n    \"made in\": \"Ireland\",\n    \"With Colorant\": \"Yes\",\n    \"Storage Conditions\": \"Store in a cool dry place.\",\n    \"Warning Hints\": \"It's worth giving serious thought to your own approach to alcohol. Carry out a self-assessment test now --> drinkiq.com\",\n    \"Item Number\": \"1512565\",\n    \"Net Weight\": \"0.7 kg\",\n    \"Package Height\": \"8.5 cm\",\n    \"Package Length\": \"28 cm\",\n    \"Package Width\": \"8.5 cm\"\n}"
    },
    {
        "product_name": "Baileys Strawberries & Cream Liqueur 17% 0.7L",
        "brand_name": "Baileys",
        "brand_url": "https://shop.frankfurt-airport.com/en-US/brand/baileys",
        "retailer_name": "Frankfurt Duty Free",
        "retailer_url": "https://shop.frankfurt-airport.com/en-US/retailer/heinemann",
        "price": "\u20ac17.99",
        "price_per_quantity": "\u20ac25.70 / 1  l",
        "description": "Yummy, fruity, Strawberry flavour with the creamy, delicious taste of BaileysYummy, fruity, Strawberry flavour with the creamy, delicious taste of Baileys",
        "additional_information": "{\n    \"Order Amount\": \"0.7 l\",\n    \"Calories\": \"1,302 kJ\",\n    \"Fat\": \" / \",\n    \"thereof \": \"21 g\",\n    \"Saturated Fatty Acids\": \"14 g\",\n    \"Carbonate\": \"8 g\",\n    \"Sugar\": \"18 g\",\n    \"Protein\": \"2.7 g\",\n    \"made in\": \"Ireland\",\n    \"With Colorant\": \"No\",\n    \"Storage Conditions\": \"Store in a cool dry place.\",\n    \"Warning Hints\": \"It's worth giving serious thought to your own approach to alcohol. Carry out a self-assessment test now --> drinkiq.com\",\n    \"Item Number\": \"1438179\",\n    \"Net Weight\": \"0.7 kg\",\n    \"Package Height\": \"28 cm\",\n    \"Package Length\": \"8.5 cm\",\n    \"Package Width\": \"8.5 cm\"\n}"
    },
    {
        "product_name": "Ballantine's 7y Blended Scotch Whisky Bourbon Finish 40% 1L",
        "brand_name": "Ballantine's",
        "brand_url": "https://shop.frankfurt-airport.com/en-US/brand/ballantine-s",
        "retailer_name": "Frankfurt Duty Free",
        "retailer_url": "https://shop.frankfurt-airport.com/en-US/retailer/heinemann",
        "price": "\u20ac29.99",
        "price_per_quantity": "\u20ac29.99 / 1  l",
        "description": "The best of Scotch & American \u200b",
        "additional_information": "{\n    \"Order Amount\": \"1 l\",\n    \"Calories\": \"916 kJ\",\n    \"Fat\": \" / \",\n    \"thereof \": \"0 g\",\n    \"Saturated Fatty Acids\": \"0 g\",\n    \"Carbonate\": \"0 g\",\n    \"Sugar\": \"0 g\",\n    \"Protein\": \"0 g\",\n    \"Salt\": \"0 g\",\n    \"Fiber\": \"0 g\",\n    \"made in\": \"United Kingdom\",\n    \"With Colorant\": \"Yes\",\n    \"Storage Conditions\": \"Store in an upright position / Store out of direct sunlight\",\n    \"Warning Hints\": \"DRINK RESPONSIBLY\",\n    \"Item Number\": \"1490551\",\n    \"Net Weight\": \"1 kg\",\n    \"Package Height\": \"27.9 cm\",\n    \"Package Length\": \"6.5 cm\",\n    \"Package Width\": \"9.5 cm\"\n}"
    },
    {
        "product_name": "Ballantine's Ballantine's TMI Elton.J 40%1L 40 1000",
        "brand_name": "Ballantine's",
        "brand_url": "https://shop.frankfurt-airport.com/en-US/brand/ballantine-s",
        "retailer_name": "Frankfurt Duty Free",
        "retailer_url": "https://shop.frankfurt-airport.com/en-US/retailer/heinemann",
        "price": "\u20ac22.99",
        "price_per_quantity": "\u20ac22.99 / 1  l",
        "description": "Iconic whisky meets iconic artist in this limited edition design of Ballantine's Finest Scotch Whisky, celebrating true music icon Elton John. The crest illustration is inspired by his 1975 Dodger Stadium Live Tour look, and the 'E' is taken from his greatest hits album, Diamonds.Iconic whisky meets iconic artist in this limited edition design of Ballantine's Finest Scotch Whisky, celebrating true music icon Elton John. The crest illustration is inspired by his 1975 Dodger Stadium Live Tour look, and the 'E' is taken from his greatest hits album, Diamonds.",
        "additional_information": "{\n    \"Order Amount\": \"1 l\",\n    \"made in\": \"United Kingdom\",\n    \"With Colorant\": \"No\",\n    \"Storage Conditions\": \"Store in a cool dry place.\",\n    \"Warning Hints\": \"Drink responsibly.\",\n    \"Item Number\": \"1679298\",\n    \"Net Weight\": \"1 kg\",\n    \"Package Height\": \"27 cm\",\n    \"Package Length\": \"10.1 cm\",\n    \"Package Width\": \"7 cm\"\n}"
    },
    {
        "product_name": "BAILEYS TIRAMISU CREAM LIQUEUR 17% 0.7L",
        "brand_name": "Baileys",
        "brand_url": "https://shop.frankfurt-airport.com/en-US/brand/baileys",
        "retailer_name": "Frankfurt Duty Free",
        "retailer_url": "https://shop.frankfurt-airport.com/en-US/retailer/heinemann",
        "price": "\u20ac17.90",
        "price_per_quantity": "\u20ac25.57 / 1  l",
        "description": "\"This new cocktail-inspired limited edition liqueur combines the deliciousness of Baileys Irish Cream with the decadent flavours of a tiramisu dessert \u2013 yum! This scrumptious cream liqueur is a delicious mix of flavours - mascarpone, espresso with hints of chocolate.",
        "additional_information": "{\n    \"Order Amount\": \"0.7 l\",\n    \"made in\": \"Ireland\",\n    \"With Colorant\": \"No\",\n    \"Storage Conditions\": \"Store in a cool dry place.\",\n    \"Warning Hints\": \"It's worth giving serious thought to your own approach to alcohol. Carry out a self-assessment test now --> drinkiq.com\",\n    \"Item Number\": \"1596706\",\n    \"Net Weight\": \"0.7 kg\",\n    \"Package Height\": \"28 cm\",\n    \"Package Length\": \"8.5 cm\",\n    \"Package Width\": \"8.5 cm\"\n}"
    },
    {
        "product_name": "Baileys Irish Cream Liqueur 17% 0.05L PET",
        "brand_name": "Baileys",
        "brand_url": "https://shop.frankfurt-airport.com/en-US/brand/baileys",
        "retailer_name": "Frankfurt Duty Free",
        "retailer_url": "https://shop.frankfurt-airport.com/en-US/retailer/heinemann",
        "price": "\u20ac3.99",
        "price_per_quantity": "\u20ac79.80 / 1  l",
        "description": "Baileys\u00ae is a subtle yet sweet liqueur characterized by a rich, golden brown colour and a creamy texture. The flavour is uniquely balanced with whiskey, vanilla and chocolate to ensure a consistently smooth finish. From the Baileys family to yours, it\u2019s the perfect way to bring everyone together.Baileys\u00ae is a subtle yet sweet liqueur characterized by a rich, golden brown colour and a creamy texture. The flavour is uniquely balanced with whiskey, vanilla and chocolate to ensure a consistently smooth finish. From the Baileys family to yours, it\u2019s the perfect way to bring everyone together.",
        "additional_information": "{\n    \"Order Amount\": \"0.05 l\",\n    \"Calories\": \"1,361 kJ\",\n    \"Fat\": \" / \",\n    \"Carbonate\": \"327 kcal\",\n    \"Protein\": \"14 g\",\n    \"made in\": \"24 g\",\n    \"With Colorant\": \"3 g\",\n    \"GMO Free\": \"Ireland\",\n    \"Warning Hints\": \"Yes\",\n    \"Item Number\": \"Yes\",\n    \"Net Weight\": \"It's worth giving serious thought to your own approach to alcohol. Carry out a self-assessment test now --> drinkiq.com\",\n    \"Package Height\": \"1026593\",\n    \"Package Length\": \"0.05 kg\",\n    \"Package Width\": \"10 cm\"\n}"
    },
    {
        "product_name": "Baileys Espresso Crme 17% 1L",
        "brand_name": "Baileys",
        "brand_url": "https://shop.frankfurt-airport.com/en-US/brand/baileys",
        "retailer_name": "Frankfurt Duty Free",
        "retailer_url": "https://shop.frankfurt-airport.com/en-US/retailer/heinemann",
        "price": "\u20ac23.99",
        "price_per_quantity": "\u20ac23.99 / 1  l",
        "description": "BAILEYS Espresso Cr\u00e8me combines the intense flavor & aroma of\u00a0 premium roasted Colombian coffee beans, finished with a smooth cr\u00e8me flavor that is highlighted by subtle vanilla notes. Espresso Cr\u00e8me is a delicious and versatile\u00a0 Irish cream liqueur made to drink straight as a shot or for\u00a0 mixing with other spirits.",
        "additional_information": "{\n    \"Order Amount\": \"1 l\",\n    \"Calories\": \"460 kJ\",\n    \"made in\": \" / \",\n    \"With Colorant\": \"110 kcal\",\n    \"GMO Free\": \"Ireland\",\n    \"Warning Hints\": \"Yes\",\n    \"Item Number\": \"Yes\",\n    \"Net Weight\": \"It's worth giving serious thought to your own approach to alcohol. Carry out a self-assessment test now --> drinkiq.com\",\n    \"Package Height\": \"1219658\",\n    \"Package Length\": \"1 kg\",\n    \"Package Width\": \"32 cm\"\n}"
    },
    {
        "product_name": "Baileys Birthday Cake Cream Liqueur 17% 0.7L",
        "brand_name": "Baileys",
        "brand_url": "https://shop.frankfurt-airport.com/en-US/brand/baileys",
        "retailer_name": "Frankfurt Duty Free",
        "retailer_url": "https://shop.frankfurt-airport.com/en-US/retailer/heinemann",
        "price": "\u20ac17.99",
        "price_per_quantity": "\u20ac25.70 / 1  l",
        "description": "Give in to temptation and celebrate with friends, a perfect boozy dessert, especially to celebrate you or someone you love! Baileys is now your perfect complement to celebrate your birthday get togethers! Forget plates, all you need is a glass. Celebrate birthdays with your friends and family the right way. Now there is a grown-up way to \u201ccut the cake\u201d with friends.Give in to temptation and celebrate with friends, a perfect boozy dessert, especially to celebrate you or someone you love! Baileys is now your perfect complement to celebrate your birthday get togethers! Forget plates, all you need is a glass. Celebrate birthdays with your friends and family the right way. Now there is a grown-up way to \u201ccut the cake\u201d with friends.",
        "additional_information": "{\n    \"Order Amount\": \"0.7 l\",\n    \"Calories\": \"1,315 kJ\",\n    \"Fat\": \" / \",\n    \"thereof \": \"21.7 g\",\n    \"Saturated Fatty Acids\": \"13.6 g\",\n    \"Carbonate\": \"0 g\",\n    \"Sugar\": \"18.5 g\",\n    \"Protein\": \"2.8 g\",\n    \"Salt\": \"0.5 g\",\n    \"made in\": \"Ireland\",\n    \"With Colorant\": \"No\",\n    \"Storage Conditions\": \"Store in a cool dry place.\",\n    \"Warning Hints\": \"It's worth giving serious thought to your own approach to alcohol. Carry out a self-assessment test now --> drinkiq.com\",\n    \"Item Number\": \"1487752\",\n    \"Net Weight\": \"0.7 kg\",\n    \"Package Height\": \"8.5 cm\",\n    \"Package Length\": \"28 cm\",\n    \"Package Width\": \"8.5 cm\"\n}"
    },
    {
        "product_name": "Baileys Irish Cream Liqueur 17% 1.5L",
        "brand_name": "Baileys",
        "brand_url": "https://shop.frankfurt-airport.com/en-US/brand/baileys",
        "retailer_name": "Frankfurt Duty Free",
        "retailer_url": "https://shop.frankfurt-airport.com/en-US/retailer/heinemann",
        "price": "\u20ac39.99",
        "price_per_quantity": "\u20ac26.66 / 1  l",
        "description": "Baileys\u00ae is a subtle yet sweet liqueur characterized by a rich, golden brown colour and a creamy texture. The flavour is uniquely balanced with whiskey, vanilla and chocolate to ensure a consistently smooth finish. From the Baileys family to yours, it\u2019s the perfect way to bring everyone together.Baileys\u00ae is a subtle yet sweet liqueur characterized by a rich, golden brown colour and a creamy texture. The flavour is uniquely balanced with whiskey, vanilla and chocolate to ensure a consistently smooth finish. From the Baileys family to yours, it\u2019s the perfect way to bring everyone together.",
        "additional_information": "{\n    \"Order Amount\": \"1.5 l\",\n    \"Calories\": \"328 kJ\",\n    \"Fat\": \" / \",\n    \"thereof \": \"24 g\",\n    \"Saturated Fatty Acids\": \"8 g\",\n    \"Carbonate\": \"8 g\",\n    \"Sugar\": \"20 g\",\n    \"Protein\": \"2.8 g\",\n    \"Salt\": \"0 g\",\n    \"made in\": \"Ireland\",\n    \"With Colorant\": \"Yes\",\n    \"GMO Free\": \"Yes\",\n    \"Warning Hints\": \"It's worth giving serious thought to your own approach to alcohol. Carry out a self-assessment test now --> drinkiq.com\",\n    \"Item Number\": \"1026286\",\n    \"Net Weight\": \"1.5 kg\",\n    \"Package Height\": \"31.5 cm\",\n    \"Package Length\": \"11 cm\",\n    \"Package Width\": \"11 cm\"\n}"
    },
    {
        "product_name": "Baileys Salted Caramel Liqueur 17% 1L",
        "brand_name": "Baileys",
        "brand_url": "https://shop.frankfurt-airport.com/en-US/brand/baileys",
        "retailer_name": "Frankfurt Duty Free",
        "retailer_url": "https://shop.frankfurt-airport.com/en-US/retailer/heinemann",
        "price": "\u20ac23.99",
        "price_per_quantity": "\u20ac23.99 / 1  l",
        "description": "Joining the already popular existing lines of this classic, the Baileys Creme Caramel recipe blends the premium ingredients of Baileys Original - fresh Irish cream and triple distilled Irish Whiskey - with a rich salted caramel flavour.Joining the already popular existing lines of this classic, the Baileys Creme Caramel recipe blends the premium ingredients of Baileys Original - fresh Irish cream and triple distilled Irish Whiskey - with a rich salted caramel flavour.",
        "additional_information": "{\n    \"Order Amount\": \"1 l\",\n    \"Calories\": \"315 kJ\",\n    \"Fat\": \" / \",\n    \"thereof \": \"22 g\",\n    \"Saturated Fatty Acids\": \"14 g\",\n    \"Carbonate\": \"9 g\",\n    \"Sugar\": \"19 g\",\n    \"Protein\": \"3 g\",\n    \"Salt\": \"0 g\",\n    \"made in\": \"Ireland\",\n    \"With Colorant\": \"Yes\",\n    \"Warning Hints\": \"It's worth giving serious thought to your own approach to alcohol. Carry out a self-assessment test now --> drinkiq.com\",\n    \"Item Number\": \"1141770\",\n    \"Net Weight\": \"1 kg\",\n    \"Package Height\": \"30.85 cm\",\n    \"Package Length\": \"9.7 cm\",\n    \"Package Width\": \"9.7 cm\"\n}"
    },
    {
        "product_name": "Baileys Irish Cream Liqueur 17% 1L",
        "brand_name": "Baileys",
        "brand_url": "https://shop.frankfurt-airport.com/en-US/brand/baileys",
        "retailer_name": "Frankfurt Duty Free",
        "retailer_url": "https://shop.frankfurt-airport.com/en-US/retailer/heinemann",
        "price": "\u20ac23.99",
        "price_per_quantity": "\u20ac23.99 / 1  l",
        "description": "Baileys\u00ae is a subtle yet sweet liqueur characterised by a rich, golden brown tone and a sensual creamy texture. The flavour is delicately balanced between whiskey, vanilla and chocolate, so as to ensure a consistently smooth finish. From the Baileys family to yours, it\u2019s the perfect way to bring everyone back together.Baileys\u00ae is a subtle yet sweet liqueur characterised by a rich, golden brown tone and a sensual creamy texture. The flavour is delicately balanced between whiskey, vanilla and chocolate, so as to ensure a consistently smooth finish. From the Baileys family to yours, it\u2019s the perfect way to bring everyone back together.",
        "additional_information": "{\n    \"Order Amount\": \"1 l\",\n    \"Calories\": \"1,360 kJ\",\n    \"Fat\": \" / \",\n    \"thereof \": \"24 g\",\n    \"Saturated Fatty Acids\": \"8 g\",\n    \"Carbonate\": \"8 g\",\n    \"Sugar\": \"20 g\",\n    \"Protein\": \"2.8 g\",\n    \"Salt\": \"0 g\",\n    \"made in\": \"Ireland\",\n    \"With Colorant\": \"Yes\",\n    \"GMO Free\": \"Yes\",\n    \"Warning Hints\": \"It's worth giving serious thought to your own approach to alcohol. Carry out a self-assessment test now --> drinkiq.com\",\n    \"Item Number\": \"1026284\",\n    \"Net Weight\": \"1 kg\",\n    \"Package Height\": \"33.5 cm\",\n    \"Package Length\": \"10 cm\",\n    \"Package Width\": \"10 cm\"\n}"
    },
    {
        "product_name": "Yves Saint Laurent Make-up Sets No.1 Duo Touche clat",
        "brand_name": "Yves Saint Laurent",
        "brand_url": "https://shop.frankfurt-airport.com/en-US/brand/yves-saint-laurent",
        "retailer_name": "Frankfurt Duty Free",
        "retailer_url": "https://shop.frankfurt-airport.com/en-US/retailer/heinemann",
        "price": "\u20ac54.99",
        "price_per_quantity": "",
        "description": "Radiant Touch Wherever you go, take Touche \u00c9clat, (the ideal partner) for a brighter, luminous complexion in seconds Now available in a duo pack. Duo Touche \u00c9clat cont.: 2 x Touche \u00c9clat No.1Radiant Touch Wherever you go, take Touche \u00c9clat, (the ideal partner) for a brighter, luminous complexion in seconds Now available in a duo pack. Duo Touche \u00c9clat cont.: 2 x Touche \u00c9clat No.1",
        "additional_information": "{\n    \"made in\": \"France\",\n    \"Warning Hints\": \"Avoid eye contact. Keep away from direct heat and sunlight.\",\n    \"Item Number\": \"830831\",\n    \"Product Series\": \"Make-Up Set\",\n    \"Net Weight\": \"0.005 kg\",\n    \"Package Height\": \"13 cm\",\n    \"Package Length\": \"2.7 cm\",\n    \"Package Width\": \"4.8 cm\"\n}"
    },
    {
        "product_name": "Yves Saint Laurent Le Vestiaire des Parfums Eau de Parfum Tuxedo 125 ml",
        "brand_name": "Yves Saint Laurent",
        "brand_url": "https://shop.frankfurt-airport.com/en-US/brand/yves-saint-laurent",
        "retailer_name": "Frankfurt Duty Free",
        "retailer_url": "https://shop.frankfurt-airport.com/en-US/retailer/heinemann",
        "price": "\u20ac279.99",
        "price_per_quantity": "\u20ac223.99 / 100  ml",
        "description": "Inspired by the emblematic creations of Mr YSL, LVDP is a collection of fragrances that each interprets a centrepiece of the couturier's wardrobe. Tuxedo, Caban, Saharienne, Trench, Caftan: Perfumes graced by an ultimate signature. A black ensemble, shiny satin and matt grain de poudre fabrics: the tuxedo is an icon. Reinvented by Mr Yves Saint Laurent, it reveals an insolent sensuality and draws the seemingly strict contours of an androgynous eroticism. An eternally bold look. Tuxedo reveals its refined sense in an architectural bottle, enlighted with a pure square silver trim and an ornamented jewel cap, mirror to the iconic tuxedo cloth: the \u201cgrain de poudre\u201d. The matte texture of patchouli enlightened by the dark brightness of spices. A contemporary elegance twisted by a note of utter impertinence. Dry and smoked amber - fluid and shiny encence - sour berries.Inspired by the emblematic creations of Mr YSL, LVDP is a collection of fragrances that each interprets a centrepiece of the couturier's wardrobe. Tuxedo, Caban, Saharienne, Trench, Caftan: Perfumes graced by an ultimate signature. A black ensemble, shiny satin and matt grain de poudre fabrics: the tuxedo is an icon. Reinvented by Mr Yves Saint Laurent, it reveals an insolent sensuality and draws the seemingly strict contours of an androgynous eroticism. An eternally bold look. Tuxedo reveals its refined sense in an architectural bottle, enlighted with a pure square silver trim and an ornamented jewel cap, mirror to the iconic tuxedo cloth: the \u201cgrain de poudre\u201d. The matte texture of patchouli enlightened by the dark brightness of spices. A contemporary elegance twisted by a note of utter impertinence. Dry and smoked amber - fluid and shiny encence - sour berries.",
        "additional_information": "{\n    \"Order Amount\": \"125 ml\",\n    \"Target Gender\": \"Female\",\n    \"made in\": \"France\",\n    \"Type of Fragrance\": \"Eau De Parfum\",\n    \"Warning Hints\": \"Avoid eye contact. Keep away from direct heat and sunlight.\",\n    \"Item Number\": \"1282448\",\n    \"Product Series\": \"Le Vestiaire des Parfums\",\n    \"Net Weight\": \"0.125 kg\",\n    \"Package Height\": \"15.5 cm\",\n    \"Package Length\": \"7.4 cm\",\n    \"Package Width\": \"7.4 cm\"\n}"
    },
    {
        "product_name": "Yves Saint Laurent Volume Effet Faux Cils Mascara N 1 Black",
        "brand_name": "Yves Saint Laurent",
        "brand_url": "https://shop.frankfurt-airport.com/en-US/brand/yves-saint-laurent",
        "retailer_name": "Frankfurt Duty Free",
        "retailer_url": "https://shop.frankfurt-airport.com/en-US/retailer/heinemann",
        "price": "\u20ac34.99",
        "price_per_quantity": "\u20ac466.53 / 100  ml",
        "description": "The most emblematic of YSL false lash effects. An exclusive combination of a soft bristled brush and a cream formula incredibly intensifies the look. Improved formula. Does not dry out.The most emblematic of YSL false lash effects. An exclusive combination of a soft bristled brush and a cream formula incredibly intensifies the look. Improved formula. Does not dry out.",
        "additional_information": "{\n    \"Order Amount\": \"7.5 ml\",\n    \"made in\": \"France\",\n    \"Item Number\": \"1114508\",\n    \"Manufacturer Color\": \"No. 0001 - BLACK\",\n    \"Product Series\": \"Volume Effet Faux Cils\",\n    \"Net Weight\": \"0.008 kg\",\n    \"Package Height\": \"13.8 cm\",\n    \"Package Length\": \"2.1 cm\",\n    \"Package Width\": \"2.1 cm\"\n}"
    },
    {
        "product_name": "Yves Saint Laurent Couture Eye Liner Eyeliner N 1 Black",
        "brand_name": "Yves Saint Laurent",
        "brand_url": "https://shop.frankfurt-airport.com/en-US/brand/yves-saint-laurent",
        "retailer_name": "Frankfurt Duty Free",
        "retailer_url": "https://shop.frankfurt-airport.com/en-US/retailer/heinemann",
        "price": "\u20ac37.99",
        "price_per_quantity": "\u20ac1,287.80 / 100  ml",
        "description": "Couture Eyeliner glides onto the eyelid for a foolproof, long-lasting & no-smudge result. Its ultra-slim tip provides a perfectly even line and ultimate precision on the first try. Enriched with an exclusive complex of active ingredients, its formula visibly intensifies and enhances the eyes.Couture Eyeliner glides onto the eyelid for a foolproof, long-lasting & no-smudge result. Its ultra-slim tip provides a perfectly even line and ultimate precision on the first try. Enriched with an exclusive complex of active ingredients, its formula visibly intensifies and enhances the eyes.",
        "additional_information": "{\n    \"Order Amount\": \"2.95 ml\",\n    \"made in\": \"France\",\n    \"Warning Hints\": \"Avoid eye contact. Keep away from direct heat and sunlight.\",\n    \"Item Number\": \"1265393\",\n    \"Manufacturer Color\": \"BLACK\",\n    \"Product Series\": \"Couture\",\n    \"Net Weight\": \"0.003 kg\",\n    \"Package Height\": \"11 cm\",\n    \"Package Length\": \"2 cm\",\n    \"Package Width\": \"1.8 cm\"\n}"
    },
    {
        "product_name": "Yves Saint Laurent Le Vestiaire des Parfums Eau de Parfum Caban 125 ml",
        "brand_name": "Yves Saint Laurent",
        "brand_url": "https://shop.frankfurt-airport.com/en-US/brand/yves-saint-laurent",
        "retailer_name": "Frankfurt Duty Free",
        "retailer_url": "https://shop.frankfurt-airport.com/en-US/retailer/heinemann",
        "price": "\u20ac279.99",
        "price_per_quantity": "\u20ac223.99 / 100  ml",
        "description": "Designed to confront the sea, the cold and the rain, the caban - French term given to the pea coat - provides sailors with a protective cocoon of thick raw wool. Mr Yves Saint Laurent urbanised it to turn it into a manifesto of style. While its wide cut and  authentic aspect remain unchanged, the introduction of golden carved buttons adorns it with a jewel-like radiance. The comfort of an enveloping tonka bean illuminated by the sparks of pink pepper. The ease of a felt-like refinement lined with a delicate authenticity.Designed to confront the sea, the cold and the rain, the caban - French term given to the pea coat - provides sailors with a protective cocoon of thick raw wool. Mr Yves Saint Laurent urbanised it to turn it into a manifesto of style. While its wide cut and  authentic aspect remain unchanged, the introduction of golden carved buttons adorns it with a jewel-like radiance. The comfort of an enveloping tonka bean illuminated by the sparks of pink pepper. The ease of a felt-like refinement lined with a delicate authenticity.",
        "additional_information": "{\n    \"Order Amount\": \"125 ml\",\n    \"Target Gender\": \"Female\",\n    \"made in\": \"France\",\n    \"Type of Fragrance\": \"Eau De Parfum\",\n    \"Warning Hints\": \"Avoid eye contact. Keep away from direct heat and sunlight.\",\n    \"Item Number\": \"1282446\",\n    \"Product Series\": \"Le Vestiaire des Parfums\",\n    \"Net Weight\": \"0.125 kg\",\n    \"Package Height\": \"15.5 cm\",\n    \"Package Length\": \"7.4 cm\",\n    \"Package Width\": \"7.4 cm\"\n}"
    },
    {
        "product_name": "Yves Saint Laurent Oriental Collection Supreme Bouquet Eau de Parfum 75 ml",
        "brand_name": "Yves Saint Laurent",
        "brand_url": "https://shop.frankfurt-airport.com/en-US/brand/yves-saint-laurent",
        "retailer_name": "Frankfurt Duty Free",
        "retailer_url": "https://shop.frankfurt-airport.com/en-US/retailer/heinemann",
        "price": "\u20ac229.99",
        "price_per_quantity": "\u20ac306.65 / 100  ml",
        "description": "Inspired by the creations of Mr. Yves Saint Laurent, Le Vestiaire des Parfums Collection Orientale is a range of 5 fragrances that each evokes oriental inspirations that has deeply nourished the Couturier. Inspired by oriental flowers, Mr. Yves Saint Laurent modernized floral print. In Supreme Bouquet, the opulent tuberose is like a rich floral pattern, whereas the delicate Ylang Ylang is a more subtle floral print.Inspired by the creations of Mr. Yves Saint Laurent, Le Vestiaire des Parfums Collection Orientale is a range of 5 fragrances that each evokes oriental inspirations that has deeply nourished the Couturier. Inspired by oriental flowers, Mr. Yves Saint Laurent modernized floral print. In Supreme Bouquet, the opulent tuberose is like a rich floral pattern, whereas the delicate Ylang Ylang is a more subtle floral print.",
        "additional_information": "{\n    \"Order Amount\": \"75 ml\",\n    \"Target Gender\": \"Female\",\n    \"made in\": \"France\",\n    \"Type of Fragrance\": \"Eau De Parfum\",\n    \"Warning Hints\": \"Avoid eye contact. Keep away from direct heat and sunlight.\",\n    \"Item Number\": \"1265668\",\n    \"Product Series\": \"Le Vestiaire des Parfums\",\n    \"Net Weight\": \"0.075 kg\",\n    \"Package Height\": \"13.7 cm\",\n    \"Package Length\": \"5.8 cm\",\n    \"Package Width\": \"5.9 cm\"\n}"
    },
    {
        "product_name": "Yves Saint Laurent Touche Eclat Concealer N 2 Luminous Ivory",
        "brand_name": "Yves Saint Laurent",
        "brand_url": "https://shop.frankfurt-airport.com/en-US/brand/yves-saint-laurent",
        "retailer_name": "Frankfurt Duty Free",
        "retailer_url": "https://shop.frankfurt-airport.com/en-US/retailer/heinemann",
        "price": "\u20ac29.99",
        "price_per_quantity": "\u20ac1,199.60 / 100  ml",
        "description": "Instant highlighter A take-anywhere pen-brush for adding a touch of light or banishing shadows and signs of fatigue from the eye area, the hollow of the chin, the contour of the lips and the sides of the nose. All skin types. Apply on bare skin or over make-up, then blend with the fingertips for instant radiance and freshness.Instant highlighter A take-anywhere pen-brush for adding a touch of light or banishing shadows and signs of fatigue from the eye area, the hollow of the chin, the contour of the lips and the sides of the nose. All skin types. Apply on bare skin or over make-up, then blend with the fingertips for instant radiance and freshness.",
        "additional_information": "{\n    \"Order Amount\": \"2.5 ml\",\n    \"made in\": \"France\",\n    \"Item Number\": \"618475\",\n    \"Manufacturer Color\": \"No. 00002 - IVOIRE LUMIERE\",\n    \"Product Series\": \"Touche Eclat\",\n    \"Net Weight\": \"0.002 kg\",\n    \"Package Height\": \"12.6 cm\",\n    \"Package Length\": \"2.1 cm\",\n    \"Package Width\": \"2 cm\"\n}"
    },
    {
        "product_name": "Yves Saint Laurent L Homme Deodorant Stick 75 ml",
        "brand_name": "Yves Saint Laurent",
        "brand_url": "https://shop.frankfurt-airport.com/en-US/brand/yves-saint-laurent",
        "retailer_name": "Frankfurt Duty Free",
        "retailer_url": "https://shop.frankfurt-airport.com/en-US/retailer/heinemann",
        "price": "\u20ac32.99",
        "price_per_quantity": "\u20ac43.99 / 100  g",
        "description": "Alcohol Free Deodorant Stick: An efficient protection all-day long. An alcohol-free formula to guarantee comfort to all types of skin, event the most sensitive.Alcohol Free Deodorant Stick: An efficient protection all-day long. An alcohol-free formula to guarantee comfort to all types of skin, event the most sensitive.",
        "additional_information": "{\n    \"Order Amount\": \"75 g\",\n    \"Target Gender\": \"Male\",\n    \"made in\": \"France\",\n    \"Item Number\": \"834714\",\n    \"Product Series\": \"L'Homme\",\n    \"Net Weight\": \"0.075 kg\",\n    \"Package Height\": \"10 cm\",\n    \"Package Length\": \"4.5 cm\",\n    \"Package Width\": \"4.5 cm\"\n}"
    },
    {
        "product_name": "Yves Saint Laurent Libre Eau de Parfum 50 ml",
        "brand_name": "Yves Saint Laurent",
        "brand_url": "https://shop.frankfurt-airport.com/en-US/brand/yves-saint-laurent",
        "retailer_name": "Frankfurt Duty Free",
        "retailer_url": "https://shop.frankfurt-airport.com/en-US/retailer/heinemann",
        "price": "\u20ac94.99",
        "price_per_quantity": "\u20ac189.98 / 100  ml",
        "description": "Libre, the new feminine perfume by Yves Saint Laurent, the freedom to live everything with excess. The perfume of a strong, bold and  free woman experimenting her freedom extremely. The first floral lavender. The tension between the burning sensuality of an orange blossom from Morocco & the boldness of a lavender from France with a feminine twist. A singular trail like a breath of freedom. A couture sharp angle bottle twisted by a luxury oversized accessory. The iconic Cassandre logotype freely bent & nailed into the glass like a jewel. Sexy golden chains and an asymmetric black lacquered cap that tops it off. The scent of freedom.Libre, the new feminine perfume by Yves Saint Laurent, the freedom to live everything with excess. The perfume of a strong, bold and  free woman experimenting her freedom extremely. The first floral lavender. The tension between the burning sensuality of an orange blossom from Morocco & the boldness of a lavender from France with a feminine twist. A singular trail like a breath of freedom. A couture sharp angle bottle twisted by a luxury oversized accessory. The iconic Cassandre logotype freely bent & nailed into the glass like a jewel. Sexy golden chains and an asymmetric black lacquered cap that tops it off. The scent of freedom.",
        "additional_information": "{\n    \"Order Amount\": \"50 ml\",\n    \"Target Gender\": \"Female\",\n    \"made in\": \"France\",\n    \"Type of Fragrance\": \"Eau De Parfum\",\n    \"Warning Hints\": \"Avoid eye contact. Keep away from direct heat and sunlight.\",\n    \"Item Number\": \"1403073\",\n    \"Product Series\": \"Libre\",\n    \"Net Weight\": \"0.05 kg\",\n    \"Package Height\": \"12 cm\",\n    \"Package Length\": \"4 cm\",\n    \"Package Width\": \"6.1 cm\"\n}"
    },
    {
        "product_name": "Yves Saint Laurent Touche Eclat Concealer N 3",
        "brand_name": "Yves Saint Laurent",
        "brand_url": "https://shop.frankfurt-airport.com/en-US/brand/yves-saint-laurent",
        "retailer_name": "Frankfurt Duty Free",
        "retailer_url": "https://shop.frankfurt-airport.com/en-US/retailer/heinemann",
        "price": "\u20ac29.99",
        "price_per_quantity": "\u20ac1,199.60 / 100  ml",
        "description": "Instant highlighter A take-anywhere pen-brush for adding a touch of light or banishing shadows and signs of fatigue from the eye area, the hollow of the chin, the contour of the lips and the sides of the nose. All skin types. Apply on bare skin or over make-up, then blend with the fingertips for instant radiance and freshness.Instant highlighter A take-anywhere pen-brush for adding a touch of light or banishing shadows and signs of fatigue from the eye area, the hollow of the chin, the contour of the lips and the sides of the nose. All skin types. Apply on bare skin or over make-up, then blend with the fingertips for instant radiance and freshness.",
        "additional_information": "{\n    \"Order Amount\": \"2.5 ml\",\n    \"made in\": \"France\",\n    \"Item Number\": \"618395\",\n    \"Manufacturer Color\": \"No. 3 - PECHE LUMIERE\",\n    \"Product Series\": \"Touche Eclat\",\n    \"Net Weight\": \"0.002 kg\",\n    \"Package Height\": \"13.3 cm\",\n    \"Package Length\": \"2.2 cm\",\n    \"Package Width\": \"2.3 cm\"\n}"
    },
    {
        "product_name": "Yves Saint Laurent Volume Effet Faux Cils Mascara Curler N 1 Black Classical",
        "brand_name": "Yves Saint Laurent",
        "brand_url": "https://shop.frankfurt-airport.com/en-US/brand/yves-saint-laurent",
        "retailer_name": "Frankfurt Duty Free",
        "retailer_url": "https://shop.frankfurt-airport.com/en-US/retailer/heinemann",
        "price": "\u20ac34.99",
        "price_per_quantity": "\u20ac538.31 / 100  ml",
        "description": "The caring formula is infused with three oils-coconut oil, walnut leaves and bamboo oil-to intensely nourish lashes, keep the curl supple and shiny.The caring formula is infused with three oils-coconut oil, walnut leaves and bamboo oil-to intensely nourish lashes, keep the curl supple and shiny.",
        "additional_information": "{\n    \"Order Amount\": \"6.5 ml\",\n    \"made in\": \"France\",\n    \"Warning Hints\": \"Avoid eye contact. Keep away from direct heat and sunlight.\",\n    \"Item Number\": \"1324243\",\n    \"Manufacturer Color\": \"BLACK CLASSICAL\",\n    \"Product Series\": \"Volume Effet Faux Cils\",\n    \"Net Weight\": \"0.006 kg\",\n    \"Package Height\": \"13.8 cm\",\n    \"Package Length\": \"2.1 cm\",\n    \"Package Width\": \"2 cm\"\n}"
    },
    {
        "product_name": "Yves Saint Laurent Top Secrets Instant Moisture Glow 40 ml",
        "brand_name": "Yves Saint Laurent",
        "brand_url": "https://shop.frankfurt-airport.com/en-US/brand/yves-saint-laurent",
        "retailer_name": "Frankfurt Duty Free",
        "retailer_url": "https://shop.frankfurt-airport.com/en-US/retailer/heinemann",
        "price": "\u20ac57.99",
        "price_per_quantity": "\u20ac144.98 / 100  ml",
        "description": "Yves Saint Laurent reveals its \u201ctop secret\u201d that delivers instant and long-lasting hydration to moisturise skin to glowing perfection, anytime, anywhere. This silky, 72-hour hydrating, yet ultra-lightweight formulation instantly revitalizes the look of skin with a fresh, watery effect leaving behind a seemingly soft, skin feeling. Skin is plumped with moisture helping even the look of skin texture and leaves skin feeling smoother.Yves Saint Laurent reveals its \u201ctop secret\u201d that delivers instant and long-lasting hydration to moisturise skin to glowing perfection, anytime, anywhere. This silky, 72-hour hydrating, yet ultra-lightweight formulation instantly revitalizes the look of skin with a fresh, watery effect leaving behind a seemingly soft, skin feeling. Skin is plumped with moisture helping even the look of skin texture and leaves skin feeling smoother.",
        "additional_information": "{\n    \"Order Amount\": \"40 ml\",\n    \"made in\": \"France\",\n    \"Warning Hints\": \"Avoid eye contact. Keep away from direct heat and sunlight.\",\n    \"Item Number\": \"1160506\",\n    \"Product Series\": \"Top Secrets\",\n    \"Net Weight\": \"0.04 kg\",\n    \"Package Height\": \"15.5 cm\",\n    \"Package Length\": \"3 cm\",\n    \"Package Width\": \"2.8 cm\"\n}"
    },
    {
        "product_name": "Yves Saint Laurent Rouge Pur Couture Lipstick N 83 Fiery Red",
        "brand_name": "Yves Saint Laurent",
        "brand_url": "https://shop.frankfurt-airport.com/en-US/brand/yves-saint-laurent",
        "retailer_name": "Frankfurt Duty Free",
        "retailer_url": "https://shop.frankfurt-airport.com/en-US/retailer/heinemann",
        "price": "\u20ac38.99",
        "price_per_quantity": "\u20ac974.75 / 100  g",
        "description": "Since 1978, the iconic Rouge Pur Couture  lipstick is the manifesto of a free and audacious femininity that breaks the rules to reinvent them. A wardrobe of pure and emblematic colours: the reds, the oranges, the fuchsias, the nudes.Since 1978, the iconic Rouge Pur Couture  lipstick is the manifesto of a free and audacious femininity that breaks the rules to reinvent them. A wardrobe of pure and emblematic colours: the reds, the oranges, the fuchsias, the nudes.",
        "additional_information": "{\n    \"Order Amount\": \"4 g\",\n    \"made in\": \"France\",\n    \"Warning Hints\": \"Avoid eye contact. Keep away from direct heat and sunlight.\",\n    \"Item Number\": \"1402230\",\n    \"Manufacturer Color\": \"No. 83 - FIERY RED\",\n    \"Product Series\": \"Rouge Pur Couture\",\n    \"Net Weight\": \"0.004 kg\",\n    \"Package Height\": \"7.8 cm\",\n    \"Package Length\": \"2.2 cm\",\n    \"Package Width\": \"2.3 cm\"\n}"
    },
    {
        "product_name": "Yves Saint Laurent Touche Eclat Concealer N 1.5 Radiant Silk",
        "brand_name": "Yves Saint Laurent",
        "brand_url": "https://shop.frankfurt-airport.com/en-US/brand/yves-saint-laurent",
        "retailer_name": "Frankfurt Duty Free",
        "retailer_url": "https://shop.frankfurt-airport.com/en-US/retailer/heinemann",
        "price": "\u20ac29.99",
        "price_per_quantity": "\u20ac1,199.60 / 100  ml",
        "description": "Instant highlighter A take-anywhere pen-brush for adding a touch of light or banishing shadows and signs of fatigue from the eye area, the hollow of the chin, the contour of the lips and the sides of the nose. All skin types. Apply on bare skin or over make-up, then blend with the fingertips for instant radiance and freshness.Instant highlighter A take-anywhere pen-brush for adding a touch of light or banishing shadows and signs of fatigue from the eye area, the hollow of the chin, the contour of the lips and the sides of the nose. All skin types. Apply on bare skin or over make-up, then blend with the fingertips for instant radiance and freshness.",
        "additional_information": "{\n    \"Order Amount\": \"2.5 ml\",\n    \"made in\": \"France\",\n    \"Item Number\": \"522612\",\n    \"Manufacturer Color\": \"SOIE LUMIERE\",\n    \"Product Series\": \"Touche Eclat\",\n    \"Net Weight\": \"0.002 kg\",\n    \"Package Height\": \"13.3 cm\",\n    \"Package Length\": \"2.2 cm\",\n    \"Package Width\": \"2.3 cm\"\n}"
    },
    {
        "product_name": "Yves Saint Laurent Y Eau de Parfum 100 ml",
        "brand_name": "Yves Saint Laurent",
        "brand_url": "https://shop.frankfurt-airport.com/en-US/brand/yves-saint-laurent",
        "retailer_name": "Frankfurt Duty Free",
        "retailer_url": "https://shop.frankfurt-airport.com/en-US/retailer/heinemann",
        "price": "\u20ac109.99",
        "price_per_quantity": "\u20ac109.99 / 100  ml",
        "description": "The juice of this new fragrance is deep, fresh and masculine. Created by the legendary perfumer Dominique Ropion, Y Eau de Parfum  is an intense white and dark foug\u00e8re.The juice of this new fragrance is deep, fresh and masculine. Created by the legendary perfumer Dominique Ropion, Y Eau de Parfum  is an intense white and dark foug\u00e8re.",
        "additional_information": "{\n    \"Order Amount\": \"100 ml\",\n    \"Target Gender\": \"Male\",\n    \"made in\": \"France\",\n    \"Type of Fragrance\": \"Eau De Parfum\",\n    \"Warning Hints\": \"Avoid eye contact. Keep away from direct heat and sunlight.\",\n    \"Item Number\": \"1325993\",\n    \"Product Series\": \"Y\",\n    \"Net Weight\": \"0.1 kg\",\n    \"Package Height\": \"14 cm\",\n    \"Package Length\": \"5 cm\",\n    \"Package Width\": \"6.4 cm\"\n}"
    },
    {
        "product_name": "Yves Saint Laurent Rouge Pur Couture The Slim Lipstick Nr. 416",
        "brand_name": "Yves Saint Laurent",
        "brand_url": "https://shop.frankfurt-airport.com/en-US/brand/yves-saint-laurent",
        "retailer_name": "Frankfurt Duty Free",
        "retailer_url": "https://shop.frankfurt-airport.com/en-US/retailer/heinemann",
        "price": "\u20ac38.99",
        "price_per_quantity": "\u20ac1,772.27 / 100  g",
        "description": "Leather-matte finish in a square tapered bullet. Utmost precision. Couture colours & total coverage in one coat. Flexible & comfortable wear all day.Leather-matte finish in a square tapered bullet. Utmost precision. Couture colours & total coverage in one coat. Flexible & comfortable wear all day.",
        "additional_information": "{\n    \"Order Amount\": \"2.2 g\",\n    \"made in\": \"France\",\n    \"Warning Hints\": \"Avoid eye contact. Keep away from direct heat and sunlight.\",\n    \"Item Number\": \"1516913\",\n    \"Manufacturer Color\": \"No. 416\",\n    \"Product Series\": \"Rouge Pur Couture The Slim\",\n    \"Net Weight\": \"0.002 kg\",\n    \"Package Height\": \"10.2 cm\",\n    \"Package Length\": \"1.75 cm\",\n    \"Package Width\": \"1.75 cm\"\n}"
    },
    {
        "product_name": "Yves Saint Laurent Rouge Pur Couture The Slim Lipstick The Slim Velvet Radical Nr. 315",
        "brand_name": "Yves Saint Laurent",
        "brand_url": "https://shop.frankfurt-airport.com/en-US/brand/yves-saint-laurent",
        "retailer_name": "Frankfurt Duty Free",
        "retailer_url": "https://shop.frankfurt-airport.com/en-US/retailer/heinemann",
        "price": "\u20ac38.99",
        "price_per_quantity": "\u20ac1,772.27 / 100  g",
        "description": "Intensely pigmented velvet matte lipstick with lasting wear of intense colour. 67% caring ingredients including roast leaf extract from YSL BEAUT\u00c9 OURIKA GARDENS offer weightless comfort. Square bullet makes the application easy and ultra precise.Intensely pigmented velvet matte lipstick with lasting wear of intense colour. 67% caring ingredients including roast leaf extract from YSL BEAUT\u00c9 OURIKA GARDENS offer weightless comfort. Square bullet makes the application easy and ultra precise.",
        "additional_information": "{\n    \"Order Amount\": \"2.2 g\",\n    \"made in\": \"France\",\n    \"Warning Hints\": \"Avoid eye contact. Keep away from direct heat and sunlight.\",\n    \"Item Number\": \"1516929\",\n    \"Manufacturer Color\": \"No. 315\",\n    \"Product Series\": \"Rouge Pur Couture The Slim\",\n    \"Net Weight\": \"0.002 kg\",\n    \"Package Height\": \"10.2 cm\",\n    \"Package Length\": \"1.75 cm\",\n    \"Package Width\": \"1.75 cm\"\n}"
    },
    {
        "product_name": "Yves Saint Laurent Rouge Pur Couture The Slim Lipstick Nr. 32",
        "brand_name": "Yves Saint Laurent",
        "brand_url": "https://shop.frankfurt-airport.com/en-US/brand/yves-saint-laurent",
        "retailer_name": "Frankfurt Duty Free",
        "retailer_url": "https://shop.frankfurt-airport.com/en-US/retailer/heinemann",
        "price": "\u20ac38.99",
        "price_per_quantity": "\u20ac1,772.27 / 100  g",
        "description": "Leather-matte finish in a square tapered bullet. Utmost precision. Couture colours & total coverage in one coat. Flexible & comfortable wear all day.Leather-matte finish in a square tapered bullet. Utmost precision. Couture colours & total coverage in one coat. Flexible & comfortable wear all day.",
        "additional_information": "{\n    \"Order Amount\": \"2.2 g\",\n    \"made in\": \"France\",\n    \"Warning Hints\": \"Avoid eye contact. Keep away from direct heat and sunlight.\",\n    \"Item Number\": \"1493494\",\n    \"Manufacturer Color\": \"No. 32 - 32\",\n    \"Product Series\": \"Rouge Pur Couture The Slim\",\n    \"Net Weight\": \"0.003 kg\",\n    \"Package Height\": \"10.2 cm\",\n    \"Package Length\": \"1.75 cm\",\n    \"Package Width\": \"1.75 cm\"\n}"
    },
    {
        "product_name": "Yves Saint Laurent Rouge Pur Couture The Slim Lipstick Nr. 33",
        "brand_name": "Yves Saint Laurent",
        "brand_url": "https://shop.frankfurt-airport.com/en-US/brand/yves-saint-laurent",
        "retailer_name": "Frankfurt Duty Free",
        "retailer_url": "https://shop.frankfurt-airport.com/en-US/retailer/heinemann",
        "price": "\u20ac38.99",
        "price_per_quantity": "\u20ac1,772.27 / 100  g",
        "description": "Leather-matte finish in a square tapered bullet. Utmost precision. Couture colours & total coverage in one coat. Flexible & comfortable wear all day.Leather-matte finish in a square tapered bullet. Utmost precision. Couture colours & total coverage in one coat. Flexible & comfortable wear all day.",
        "additional_information": "{\n    \"Order Amount\": \"2.2 g\",\n    \"made in\": \"France\",\n    \"Warning Hints\": \"Avoid eye contact. Keep away from direct heat and sunlight.\",\n    \"Item Number\": \"1516914\",\n    \"Manufacturer Color\": \"No. 33\",\n    \"Product Series\": \"Rouge Pur Couture The Slim\",\n    \"Net Weight\": \"0.002 kg\",\n    \"Package Height\": \"10.2 cm\",\n    \"Package Length\": \"1.75 cm\",\n    \"Package Width\": \"1.75 cm\"\n}"
    },
    {
        "product_name": "Yves Saint Laurent Rouge Pur Couture The Slim Lipstick The Slim Velvet Radical Nr. 314",
        "brand_name": "Yves Saint Laurent",
        "brand_url": "https://shop.frankfurt-airport.com/en-US/brand/yves-saint-laurent",
        "retailer_name": "Frankfurt Duty Free",
        "retailer_url": "https://shop.frankfurt-airport.com/en-US/retailer/heinemann",
        "price": "\u20ac38.99",
        "price_per_quantity": "\u20ac1,772.27 / 100  g",
        "description": "Intensely pigmented velvet matte lipstick with lasting wear of intense colour. 67% caring ingredients including roast leaf extract from YSL BEAUT\u00c9 OURIKA GARDENS offer weightless comfort. Square bullet makes the application easy and ultra precise.Intensely pigmented velvet matte lipstick with lasting wear of intense colour. 67% caring ingredients including roast leaf extract from YSL BEAUT\u00c9 OURIKA GARDENS offer weightless comfort. Square bullet makes the application easy and ultra precise.",
        "additional_information": "{\n    \"Order Amount\": \"2.2 g\",\n    \"made in\": \"France\",\n    \"Warning Hints\": \"Avoid eye contact. Keep away from direct heat and sunlight.\",\n    \"Item Number\": \"1516928\",\n    \"Manufacturer Color\": \"No. 314\",\n    \"Product Series\": \"Rouge Pur Couture The Slim\",\n    \"Net Weight\": \"0.002 kg\",\n    \"Package Height\": \"10.2 cm\",\n    \"Package Length\": \"1.75 cm\",\n    \"Package Width\": \"1.75 cm\"\n}"
    },
    {
        "product_name": "Yves Saint Laurent All Hours Concealer N MN7 15 ml",
        "brand_name": "Yves Saint Laurent",
        "brand_url": "https://shop.frankfurt-airport.com/en-US/brand/yves-saint-laurent",
        "retailer_name": "Frankfurt Duty Free",
        "retailer_url": "https://shop.frankfurt-airport.com/en-US/retailer/heinemann",
        "price": "\u20ac38.99",
        "price_per_quantity": "\u20ac259.93 / 100  ml",
        "description": "A multi-use concealer to precisely conceal, sculpt or enhance with a luminous matt finish. Moistrurized up to 24h.A multi-use concealer to precisely conceal, sculpt or enhance with a luminous matt finish. Moistrurized up to 24h.",
        "additional_information": "{\n    \"Order Amount\": \"15 ml\",\n    \"made in\": \"France\",\n    \"Warning Hints\": \"Avoid eye contact. Keep away from direct heat and sunlight.\",\n    \"Item Number\": \"1592597\",\n    \"Manufacturer Color\": \"NA\",\n    \"Product Series\": \"All Hours\",\n    \"Net Weight\": \"0.015 kg\",\n    \"Package Height\": \"11.1 cm\",\n    \"Package Length\": \"2.45 cm\",\n    \"Package Width\": \"2.45 cm\"\n}"
    },
    {
        "product_name": "Yves Saint Laurent Rouge Pur Couture The Slim Lipstick The Slim Velvet Radical Nr. 1966",
        "brand_name": "Yves Saint Laurent",
        "brand_url": "https://shop.frankfurt-airport.com/en-US/brand/yves-saint-laurent",
        "retailer_name": "Frankfurt Duty Free",
        "retailer_url": "https://shop.frankfurt-airport.com/en-US/retailer/heinemann",
        "price": "\u20ac38.99",
        "price_per_quantity": "\u20ac1,772.27 / 100  g",
        "description": "Intensely pigmented velvet matte lipstick with lasting wear of intense colour. 67% caring ingredients including roast leaf extract from YSL BEAUT\u00c9 OURIKA GARDENS offer weightless comfort. Square bullet makes the application easy and ultra precise.Intensely pigmented velvet matte lipstick with lasting wear of intense colour. 67% caring ingredients including roast leaf extract from YSL BEAUT\u00c9 OURIKA GARDENS offer weightless comfort. Square bullet makes the application easy and ultra precise.",
        "additional_information": "{\n    \"Order Amount\": \"2.2 g\",\n    \"made in\": \"France\",\n    \"Warning Hints\": \"Avoid eye contact. Keep away from direct heat and sunlight.\",\n    \"Item Number\": \"1516926\",\n    \"Manufacturer Color\": \"No. 1966\",\n    \"Product Series\": \"Rouge Pur Couture The Slim\",\n    \"Net Weight\": \"0.002 kg\",\n    \"Package Height\": \"10.2 cm\",\n    \"Package Length\": \"1.75 cm\",\n    \"Package Width\": \"1.75 cm\"\n}"
    },
    {
        "product_name": "Yves Saint Laurent All Hours Concealer N LN4 15 ml",
        "brand_name": "Yves Saint Laurent",
        "brand_url": "https://shop.frankfurt-airport.com/en-US/brand/yves-saint-laurent",
        "retailer_name": "Frankfurt Duty Free",
        "retailer_url": "https://shop.frankfurt-airport.com/en-US/retailer/heinemann",
        "price": "\u20ac38.99",
        "price_per_quantity": "\u20ac259.93 / 100  ml",
        "description": "A multi-use concealer to precisely conceal, sculpt or enhance with a luminous matt finish. Moistrurized up to 24h.A multi-use concealer to precisely conceal, sculpt or enhance with a luminous matt finish. Moistrurized up to 24h.",
        "additional_information": "{\n    \"Order Amount\": \"15 ml\",\n    \"made in\": \"France\",\n    \"Warning Hints\": \"Avoid eye contact. Keep away from direct heat and sunlight.\",\n    \"Item Number\": \"1592593\",\n    \"Manufacturer Color\": \"LN4\",\n    \"Product Series\": \"All Hours\",\n    \"Net Weight\": \"0.015 kg\",\n    \"Package Height\": \"11.3 cm\",\n    \"Package Length\": \"2.5 cm\",\n    \"Package Width\": \"2.5 cm\"\n}"
    },
    {
        "product_name": "Yves Saint Laurent Rouge Volupte Loveshine Candy Glaze Lipstick N 04 Nude Pleasure",
        "brand_name": "Yves Saint Laurent",
        "brand_url": "https://shop.frankfurt-airport.com/en-US/brand/yves-saint-laurent",
        "retailer_name": "Frankfurt Duty Free",
        "retailer_url": "https://shop.frankfurt-airport.com/en-US/retailer/heinemann",
        "price": "\u20ac35.99",
        "price_per_quantity": "\u20ac1,124.69 / 100  g",
        "description": "Shine of a gloss, care of a balm. High colour & glossy shine double care\u2122 balm. 8 hour nourish & restore with 78% caring ingredients including pomegranate extract, cold pressed mango oil, vitamin E and hyaluronic acid.Shine of a gloss, care of a balm. High colour & glossy shine double care\u2122 balm. 8 hour nourish & restore with 78% caring ingredients including pomegranate extract, cold pressed mango oil, vitamin E and hyaluronic acid.",
        "additional_information": "{\n    \"Order Amount\": \"3.2 g\",\n    \"made in\": \"Korea \\u2013 Republic Of\",\n    \"Item Number\": \"1564760\",\n    \"Manufacturer Color\": \"No. 04 - Nude Pleasure\",\n    \"Product Series\": \"Rouge Volupte\",\n    \"Net Weight\": \"0.003 kg\",\n    \"Package Height\": \"8.4 cm\",\n    \"Package Length\": \"2.2 cm\",\n    \"Package Width\": \"2.2 cm\"\n}"
    },
    {
        "product_name": "Yves Saint Laurent Rouge Pur Couture The Slim Lipstick Nr. 1966",
        "brand_name": "Yves Saint Laurent",
        "brand_url": "https://shop.frankfurt-airport.com/en-US/brand/yves-saint-laurent",
        "retailer_name": "Frankfurt Duty Free",
        "retailer_url": "https://shop.frankfurt-airport.com/en-US/retailer/heinemann",
        "price": "\u20ac38.99",
        "price_per_quantity": "\u20ac1,772.27 / 100  g",
        "description": "Leather-matte finish in a square tapered bullet. Utmost precision. Couture colours & total coverage in one coat. Flexible & comfortable wear all day.Leather-matte finish in a square tapered bullet. Utmost precision. Couture colours & total coverage in one coat. Flexible & comfortable wear all day.",
        "additional_information": "{\n    \"Order Amount\": \"2.2 g\",\n    \"made in\": \"France\",\n    \"Warning Hints\": \"Avoid eye contact. Keep away from direct heat and sunlight.\",\n    \"Item Number\": \"1493495\",\n    \"Manufacturer Color\": \"No. 1966 - 1966\",\n    \"Product Series\": \"Rouge Pur Couture The Slim\",\n    \"Net Weight\": \"0.003 kg\",\n    \"Package Height\": \"10.2 cm\",\n    \"Package Length\": \"1.75 cm\",\n    \"Package Width\": \"1.75 cm\"\n}"
    },
    {
        "product_name": "Yves Saint Laurent Y Eau de Parfum Intense 60 ml",
        "brand_name": "Yves Saint Laurent",
        "brand_url": "https://shop.frankfurt-airport.com/en-US/brand/yves-saint-laurent",
        "retailer_name": "Frankfurt Duty Free",
        "retailer_url": "https://shop.frankfurt-airport.com/en-US/retailer/heinemann",
        "price": "\u20ac89.99",
        "price_per_quantity": "\u20ac149.98 / 100  ml",
        "description": "YOUR PASSION AMPLIFIED. THE FRAGRANCE OF SELF-ACCOMPLISHMENT Y EAU DE PARFUM INTENSE expresses an exhilarating moment when you release your creative energy. Sharing your ideas, your gifts, your passion with the world. The fragrance of self-accomplishment, the  amplified intensity of sharing your passion. HIGHLY COOL, INTENSELY SENSUAL. ALL-DAY LONG INTENSITY IN A SPRAY. Y EAU DE PARFUM INTENSE amplifies Y\u2019s signature contrast between the cool and the sensual, spicing up the blend with blue juniper berries. Fresh Diva lavender heart from Provence into an overdose of deep, elegant, sexy woody notes of patchouli from Bali. Highly cool. Intensely  sensual, with a day-long intensity in a spray, amplify your passion, Amplify your Y. THE BOTTLE. A STATEMENT OF COOL & ELEGANCE The  Yconic bottle created by Suzanne Dalton takes on a bold new twist. A translucent, deep, night-blue shade that asserts the freshness  and intensity of the fragrance it holds. The bright silver Y that slashes through the square-shouldered bottle accents the V-shaped  notch in the glass \u2013 a technical feat that turns the Yconic bottle into covetable piece of design. Go deep blue. Amplify the statement.YOUR PASSION AMPLIFIED. THE FRAGRANCE OF SELF-ACCOMPLISHMENT Y EAU DE PARFUM INTENSE expresses an exhilarating moment when you release your creative energy. Sharing your ideas, your gifts, your passion with the world. The fragrance of self-accomplishment, the  amplified intensity of sharing your passion. HIGHLY COOL, INTENSELY SENSUAL. ALL-DAY LONG INTENSITY IN A SPRAY. Y EAU DE PARFUM INTENSE amplifies Y\u2019s signature contrast between the cool and the sensual, spicing up the blend with blue juniper berries. Fresh Diva lavender heart from Provence into an overdose of deep, elegant, sexy woody notes of patchouli from Bali. Highly cool. Intensely  sensual, with a day-long intensity in a spray, amplify your passion, Amplify your Y. THE BOTTLE. A STATEMENT OF COOL & ELEGANCE The  Yconic bottle created by Suzanne Dalton takes on a bold new twist. A translucent, deep, night-blue shade that asserts the freshness  and intensity of the fragrance it holds. The bright silver Y that slashes through the square-shouldered bottle accents the V-shaped  notch in the glass \u2013 a technical feat that turns the Yconic bottle into covetable piece of design. Go deep blue. Amplify the statement.",
        "additional_information": "{\n    \"Order Amount\": \"60 ml\",\n    \"Target Gender\": \"Male\",\n    \"made in\": \"France\",\n    \"Type of Fragrance\": \"Eau De Parfum\",\n    \"Warning Hints\": \"Avoid eye contact. Keep away from direct heat and sunlight.\",\n    \"Item Number\": \"1564765\",\n    \"Product Series\": \"Y\",\n    \"Net Weight\": \"0.06 kg\",\n    \"Package Height\": \"12.3 cm\",\n    \"Package Length\": \"5 cm\",\n    \"Package Width\": \"6 cm\"\n}"
    },
    {
        "product_name": "Yves Saint Laurent All Hours Concealer N LC5 15 ml",
        "brand_name": "Yves Saint Laurent",
        "brand_url": "https://shop.frankfurt-airport.com/en-US/brand/yves-saint-laurent",
        "retailer_name": "Frankfurt Duty Free",
        "retailer_url": "https://shop.frankfurt-airport.com/en-US/retailer/heinemann",
        "price": "\u20ac38.99",
        "price_per_quantity": "\u20ac259.93 / 100  ml",
        "description": "A multi-use concealer to precisely conceal, sculpt or enhance with a luminous matt finish. Moistrurized up to 24h.A multi-use concealer to precisely conceal, sculpt or enhance with a luminous matt finish. Moistrurized up to 24h.",
        "additional_information": "{\n    \"Order Amount\": \"15 ml\",\n    \"made in\": \"France\",\n    \"Warning Hints\": \"Avoid eye contact. Keep away from direct heat and sunlight.\",\n    \"Item Number\": \"1592600\",\n    \"Manufacturer Color\": \"LC5\",\n    \"Product Series\": \"All Hours\",\n    \"Net Weight\": \"0.015 kg\",\n    \"Package Height\": \"11.1 cm\",\n    \"Package Length\": \"2.45 cm\",\n    \"Package Width\": \"2.45 cm\"\n}"
    },
    {
        "product_name": "Yves Saint Laurent Y Set",
        "brand_name": "Yves Saint Laurent",
        "brand_url": "https://shop.frankfurt-airport.com/en-US/brand/yves-saint-laurent",
        "retailer_name": "Frankfurt Duty Free",
        "retailer_url": "https://shop.frankfurt-airport.com/en-US/retailer/heinemann",
        "price": "\u20ac109.99",
        "price_per_quantity": "",
        "description": "The juice of this new fragrance is deep, fresh and masculine. Created by the legendary perfumer Dominique Ropion, Y Eau de Parfum is an intense white and dark foug\u00e8re.The juice of this new fragrance is deep, fresh and masculine. Created by the legendary perfumer Dominique Ropion, Y Eau de Parfum is an intense white and dark foug\u00e8re.",
        "additional_information": "{\n    \"Target Gender\": \"Male\",\n    \"made in\": \"France\",\n    \"Warning Hints\": \"Avoid eye contact. Keep away from direct heat and sunlight.\",\n    \"Item Number\": \"1531521\",\n    \"Product Series\": \"Y\",\n    \"Net Weight\": \"0.175 kg\",\n    \"Package Height\": \"14.5 cm\",\n    \"Package Length\": \"11.5 cm\",\n    \"Package Width\": \"5.3 cm\"\n}"
    },
    {
        "product_name": "Yves Saint Laurent Rouge Volupte Loveshine Candy Glaze Lipstick N 06 Burgundy Temptation",
        "brand_name": "Yves Saint Laurent",
        "brand_url": "https://shop.frankfurt-airport.com/en-US/brand/yves-saint-laurent",
        "retailer_name": "Frankfurt Duty Free",
        "retailer_url": "https://shop.frankfurt-airport.com/en-US/retailer/heinemann",
        "price": "\u20ac35.99",
        "price_per_quantity": "\u20ac1,124.69 / 100  g",
        "description": "Shine of a gloss, care of a balm. High colour & glossy shine double care\u2122 balm. 8 hour nourish & restore with 78% caring ingredients including pomegranate extract, cold pressed mango oil, vitamin E and hyaluronic acid.Shine of a gloss, care of a balm. High colour & glossy shine double care\u2122 balm. 8 hour nourish & restore with 78% caring ingredients including pomegranate extract, cold pressed mango oil, vitamin E and hyaluronic acid.",
        "additional_information": "{\n    \"Order Amount\": \"3.2 g\",\n    \"made in\": \"Korea \\u2013 Republic Of\",\n    \"Item Number\": \"1564761\",\n    \"Manufacturer Color\": \"No. 06 - Burgundy Temptatio\",\n    \"Product Series\": \"Rouge Volupte\",\n    \"Net Weight\": \"0.003 kg\",\n    \"Package Height\": \"8.2 cm\",\n    \"Package Length\": \"2.2 cm\",\n    \"Package Width\": \"2.2 cm\"\n}"
    },
    {
        "product_name": "Yves Saint Laurent Rouge Pur Couture The Slim Lipstick The Slim Velvet Radical Nr. 313",
        "brand_name": "Yves Saint Laurent",
        "brand_url": "https://shop.frankfurt-airport.com/en-US/brand/yves-saint-laurent",
        "retailer_name": "Frankfurt Duty Free",
        "retailer_url": "https://shop.frankfurt-airport.com/en-US/retailer/heinemann",
        "price": "\u20ac38.99",
        "price_per_quantity": "\u20ac1,772.27 / 100  g",
        "description": "Intensely pigmented velvet matte lipstick with lasting wear of intense colour. 67% caring ingredients including roast leaf extract from YSL BEAUT\u00c9 OURIKA GARDENS offer weightless comfort. Square bullet makes the application easy and ultra precise.Intensely pigmented velvet matte lipstick with lasting wear of intense colour. 67% caring ingredients including roast leaf extract from YSL BEAUT\u00c9 OURIKA GARDENS offer weightless comfort. Square bullet makes the application easy and ultra precise.",
        "additional_information": "{\n    \"Order Amount\": \"2.2 g\",\n    \"made in\": \"France\",\n    \"Warning Hints\": \"Avoid eye contact. Keep away from direct heat and sunlight.\",\n    \"Item Number\": \"1516927\",\n    \"Manufacturer Color\": \"No. 313\",\n    \"Product Series\": \"Rouge Pur Couture The Slim\",\n    \"Net Weight\": \"0.002 kg\",\n    \"Package Height\": \"10.2 cm\",\n    \"Package Length\": \"1.75 cm\",\n    \"Package Width\": \"1.75 cm\"\n}"
    },
    {
        "product_name": "Yves Saint Laurent Encre de Peau Foundation All Hours Reno Nr. MN9 25 ml",
        "brand_name": "Yves Saint Laurent",
        "brand_url": "https://shop.frankfurt-airport.com/en-US/brand/yves-saint-laurent",
        "retailer_name": "Frankfurt Duty Free",
        "retailer_url": "https://shop.frankfurt-airport.com/en-US/retailer/heinemann",
        "price": "\u20ac39.99",
        "price_per_quantity": "\u20ac159.96 / 100  ml",
        "description": "Complexion perfection you can rely on all day, all night, ALL HOURS. An upgraded breathable formula providing 24h* full coverage and  weightless feel. Experience an ultra-sensorial skin on skin sensation with a seamless cover action, as if you had a flawless naked skin. The new formula is infused with Hyaluronic acid. It provides all day hydration feel and day after day skin caring benefits, even after removal. Proven: skin feels softer, smoother, hydrated, after only 2 weeks*. For ALL HOURS renovation, YSL developed our first Skin-Fusing\u2122 technology to mimic the composition of the skin for a total fusion. To achieve a triple proof: Transfer proof, Waterproof, and Sport proof. The complexion remains flawless and fresh, for a 24h* natural luminous matte makeup result. *Consumer test with 111 women.Complexion perfection you can rely on all day, all night, ALL HOURS. An upgraded breathable formula providing 24h* full coverage and  weightless feel. Experience an ultra-sensorial skin on skin sensation with a seamless cover action, as if you had a flawless naked skin. The new formula is infused with Hyaluronic acid. It provides all day hydration feel and day after day skin caring benefits, even after removal. Proven: skin feels softer, smoother, hydrated, after only 2 weeks*. For ALL HOURS renovation, YSL developed our first Skin-Fusing\u2122 technology to mimic the composition of the skin for a total fusion. To achieve a triple proof: Transfer proof, Waterproof, and Sport proof. The complexion remains flawless and fresh, for a 24h* natural luminous matte makeup result. *Consumer test with 111 women.",
        "additional_information": "{\n    \"Order Amount\": \"25 ml\",\n    \"made in\": \"France\",\n    \"Warning Hints\": \"Avoid eye contact. Keep away from direct heat and sunlight.\",\n    \"Item Number\": \"1524141\",\n    \"Manufacturer Color\": \"MN9\",\n    \"Product Series\": \"All Hours\",\n    \"Net Weight\": \"0.025 kg\",\n    \"Package Height\": \"12 cm\",\n    \"Package Length\": \"3.8 cm\",\n    \"Package Width\": \"3.2 cm\"\n}"
    },
    {
        "product_name": "Yves Saint Laurent Encre de Peau Foundation All Hours Reno Nr. MN1 25 ml",
        "brand_name": "Yves Saint Laurent",
        "brand_url": "https://shop.frankfurt-airport.com/en-US/brand/yves-saint-laurent",
        "retailer_name": "Frankfurt Duty Free",
        "retailer_url": "https://shop.frankfurt-airport.com/en-US/retailer/heinemann",
        "price": "\u20ac39.99",
        "price_per_quantity": "\u20ac159.96 / 100  ml",
        "description": "Complexion perfection you can rely on all day, all night, ALL HOURS. An upgraded breathable formula providing 24h* full coverage and  weightless feel. Experience an ultra-sensorial skin on skin sensation with a seamless cover action, as if you had a flawless naked skin. The new formula is infused with Hyaluronic acid. It provides all day hydration feel and day after day skin caring benefits, even after removal. Proven: skin feels softer, smoother, hydrated, after only 2 weeks*. For ALL HOURS renovation, YSL developed our first Skin-Fusing\u2122 technology to mimic the composition of the skin for a total fusion. To achieve a triple proof: Transfer proof, Waterproof, and Sport proof. The complexion remains flawless and fresh, for a 24h* natural luminous matte makeup result. *Consumer test with 111 women.Complexion perfection you can rely on all day, all night, ALL HOURS. An upgraded breathable formula providing 24h* full coverage and  weightless feel. Experience an ultra-sensorial skin on skin sensation with a seamless cover action, as if you had a flawless naked skin. The new formula is infused with Hyaluronic acid. It provides all day hydration feel and day after day skin caring benefits, even after removal. Proven: skin feels softer, smoother, hydrated, after only 2 weeks*. For ALL HOURS renovation, YSL developed our first Skin-Fusing\u2122 technology to mimic the composition of the skin for a total fusion. To achieve a triple proof: Transfer proof, Waterproof, and Sport proof. The complexion remains flawless and fresh, for a 24h* natural luminous matte makeup result. *Consumer test with 111 women.",
        "additional_information": "{\n    \"Order Amount\": \"25 ml\",\n    \"made in\": \"France\",\n    \"Warning Hints\": \"Avoid eye contact. Keep away from direct heat and sunlight.\",\n    \"Item Number\": \"1524145\",\n    \"Manufacturer Color\": \"MN1\",\n    \"Product Series\": \"All Hours\",\n    \"Net Weight\": \"0.025 kg\",\n    \"Package Height\": \"11.8 cm\",\n    \"Package Length\": \"3.8 cm\",\n    \"Package Width\": \"3.2 cm\"\n}"
    },
    {
        "product_name": "Yves Saint Laurent Encre de Peau Foundation All Hours Reno Nr. DN5 25 ml",
        "brand_name": "Yves Saint Laurent",
        "brand_url": "https://shop.frankfurt-airport.com/en-US/brand/yves-saint-laurent",
        "retailer_name": "Frankfurt Duty Free",
        "retailer_url": "https://shop.frankfurt-airport.com/en-US/retailer/heinemann",
        "price": "\u20ac39.99",
        "price_per_quantity": "\u20ac159.96 / 100  ml",
        "description": "Complexion perfection you can rely on all day, all night, ALL HOURS. An upgraded breathable formula providing 24h* full coverage and  weightless feel. Experience an ultra-sensorial skin on skin sensation with a seamless cover action, as if you had a flawless naked skin. The new formula is infused with Hyaluronic acid. It provides all day hydration feel and day after day skin caring benefits, even after removal. Proven: skin feels softer, smoother, hydrated, after only 2 weeks*. For ALL HOURS renovation, YSL developed our first Skin-Fusing\u2122 technology to mimic the composition of the skin for a total fusion. To achieve a triple proof: Transfer proof, Waterproof, and Sport proof. The complexion remains flawless and fresh, for a 24h* natural luminous matte makeup result. *Consumer test with 111 women.Complexion perfection you can rely on all day, all night, ALL HOURS. An upgraded breathable formula providing 24h* full coverage and  weightless feel. Experience an ultra-sensorial skin on skin sensation with a seamless cover action, as if you had a flawless naked skin. The new formula is infused with Hyaluronic acid. It provides all day hydration feel and day after day skin caring benefits, even after removal. Proven: skin feels softer, smoother, hydrated, after only 2 weeks*. For ALL HOURS renovation, YSL developed our first Skin-Fusing\u2122 technology to mimic the composition of the skin for a total fusion. To achieve a triple proof: Transfer proof, Waterproof, and Sport proof. The complexion remains flawless and fresh, for a 24h* natural luminous matte makeup result. *Consumer test with 111 women.",
        "additional_information": "{\n    \"Order Amount\": \"25 ml\",\n    \"made in\": \"France\",\n    \"Warning Hints\": \"Avoid eye contact. Keep away from direct heat and sunlight.\",\n    \"Item Number\": \"1524138\",\n    \"Manufacturer Color\": \"DN5\",\n    \"Product Series\": \"All Hours\",\n    \"Net Weight\": \"0.025 kg\",\n    \"Package Height\": \"11.8 cm\",\n    \"Package Length\": \"3.8 cm\",\n    \"Package Width\": \"3.2 cm\"\n}"
    },
    {
        "product_name": "Yves Saint Laurent Libre Intense Eau de Parfum Intense 90 ml",
        "brand_name": "Yves Saint Laurent",
        "brand_url": "https://shop.frankfurt-airport.com/en-US/brand/yves-saint-laurent",
        "retailer_name": "Frankfurt Duty Free",
        "retailer_url": "https://shop.frankfurt-airport.com/en-US/retailer/heinemann",
        "price": "\u20ac139.99",
        "price_per_quantity": "\u20ac155.54 / 100  ml",
        "description": "LIBRE, the new eau de parfum INTENSE by Yves Saint Laurent. The perfume of an intense woman living her roaring freedom and following  her instincts. The iconic structure of LIBRE, a tension between the lavender from France and the orange blossom from Morocco, reinterpreted in a suave and sensual way. The intensity of a melting floral heart where orange blossom flower absolute and blazing orchid accord fuse. The iconic LIBRE IT-bottle reflects the perfume tension between masculinity and femininity. A straight geometric  silohuette embedded in the smoking. The couture extravagance of the oversize Cassandre bent & nailed into the glass, breaking all the codes. Libre intense encapsulates a new fragrance shade, between fire and gold. An audaciously masculine signature twisted in its most feminine way by the desirability of the emblematic LIBRE bottle. A fragrance like a shout of freedom, the freedom to live everything with excess.LIBRE, the new eau de parfum INTENSE by Yves Saint Laurent. The perfume of an intense woman living her roaring freedom and following  her instincts. The iconic structure of LIBRE, a tension between the lavender from France and the orange blossom from Morocco, reinterpreted in a suave and sensual way. The intensity of a melting floral heart where orange blossom flower absolute and blazing orchid accord fuse. The iconic LIBRE IT-bottle reflects the perfume tension between masculinity and femininity. A straight geometric  silohuette embedded in the smoking. The couture extravagance of the oversize Cassandre bent & nailed into the glass, breaking all the codes. Libre intense encapsulates a new fragrance shade, between fire and gold. An audaciously masculine signature twisted in its most feminine way by the desirability of the emblematic LIBRE bottle. A fragrance like a shout of freedom, the freedom to live everything with excess.",
        "additional_information": "{\n    \"Order Amount\": \"90 ml\",\n    \"Target Gender\": \"Female\",\n    \"made in\": \"France\",\n    \"Type of Fragrance\": \"Eau De Parfum\",\n    \"Warning Hints\": \"Avoid eye contact. Keep away from direct heat and sunlight.\",\n    \"Item Number\": \"1470875\",\n    \"Product Series\": \"Libre\",\n    \"Net Weight\": \"0.09 kg\",\n    \"Package Height\": \"14.5 cm\",\n    \"Package Length\": \"5 cm\",\n    \"Package Width\": \"6.4 cm\"\n}"
    },
    {
        "product_name": "Yves Saint Laurent Rouge Pur Couture The Slim Velvet Radical Lipstick N 321",
        "brand_name": "Yves Saint Laurent",
        "brand_url": "https://shop.frankfurt-airport.com/en-US/brand/yves-saint-laurent",
        "retailer_name": "Frankfurt Duty Free",
        "retailer_url": "https://shop.frankfurt-airport.com/en-US/retailer/heinemann",
        "price": "\u20ac38.99",
        "price_per_quantity": "\u20ac1,949.50 / 100  g",
        "description": "Intensely pigmented velvet matte lipstick with lasting wear of intense colour. Square bullet makes the application easy and ultra precise.Intensely pigmented velvet matte lipstick with lasting wear of intense colour. Square bullet makes the application easy and ultra precise.",
        "additional_information": "{\n    \"Order Amount\": \"2 g\",\n    \"made in\": \"France\",\n    \"Item Number\": \"1613873\",\n    \"Manufacturer Color\": \"No. 321\",\n    \"Product Series\": \"Rouge Pur Couture The Slim\",\n    \"Net Weight\": \"0.002 kg\",\n    \"Package Height\": \"10.3 cm\",\n    \"Package Length\": \"1.8 cm\",\n    \"Package Width\": \"1.8 cm\"\n}"
    },
    {
        "product_name": "Yves Saint Laurent Encre de Peau Foundation All Hours Reno Nr. DW7 25 ml",
        "brand_name": "Yves Saint Laurent",
        "brand_url": "https://shop.frankfurt-airport.com/en-US/brand/yves-saint-laurent",
        "retailer_name": "Frankfurt Duty Free",
        "retailer_url": "https://shop.frankfurt-airport.com/en-US/retailer/heinemann",
        "price": "\u20ac39.99",
        "price_per_quantity": "\u20ac159.96 / 100  ml",
        "description": "Complexion perfection you can rely on all day, all night, ALL HOURS. An upgraded breathable formula providing 24h* full coverage and  weightless feel. Experience an ultra-sensorial skin on skin sensation with a seamless cover action, as if you had a flawless naked skin. The new formula is infused with Hyaluronic acid. It provides all day hydration feel and day after day skin caring benefits, even after removal. Proven: skin feels softer, smoother, hydrated, after only 2 weeks*. For ALL HOURS renovation, YSL developed our first Skin-Fusing\u2122 technology to mimic the composition of the skin for a total fusion. To achieve a triple proof: Transfer proof, Waterproof, and Sport proof. The complexion remains flawless and fresh, for a 24h* natural luminous matte makeup result. *Consumer test with 111 women.Complexion perfection you can rely on all day, all night, ALL HOURS. An upgraded breathable formula providing 24h* full coverage and  weightless feel. Experience an ultra-sensorial skin on skin sensation with a seamless cover action, as if you had a flawless naked skin. The new formula is infused with Hyaluronic acid. It provides all day hydration feel and day after day skin caring benefits, even after removal. Proven: skin feels softer, smoother, hydrated, after only 2 weeks*. For ALL HOURS renovation, YSL developed our first Skin-Fusing\u2122 technology to mimic the composition of the skin for a total fusion. To achieve a triple proof: Transfer proof, Waterproof, and Sport proof. The complexion remains flawless and fresh, for a 24h* natural luminous matte makeup result. *Consumer test with 111 women.",
        "additional_information": "{\n    \"Order Amount\": \"25 ml\",\n    \"made in\": \"France\",\n    \"Warning Hints\": \"Avoid eye contact. Keep away from direct heat and sunlight.\",\n    \"Item Number\": \"1524137\",\n    \"Manufacturer Color\": \"DW7\",\n    \"Product Series\": \"All Hours\",\n    \"Net Weight\": \"0.025 kg\",\n    \"Package Height\": \"12 cm\",\n    \"Package Length\": \"3.8 cm\",\n    \"Package Width\": \"3.2 cm\"\n}"
    },
    {
        "product_name": "Yves Saint Laurent Rouge Pur Couture The Slim Lipstick N 37 Red",
        "brand_name": "Yves Saint Laurent",
        "brand_url": "https://shop.frankfurt-airport.com/en-US/brand/yves-saint-laurent",
        "retailer_name": "Frankfurt Duty Free",
        "retailer_url": "https://shop.frankfurt-airport.com/en-US/retailer/heinemann",
        "price": "\u20ac38.99",
        "price_per_quantity": "\u20ac1,949.50 / 100  g",
        "description": "Leather-matte finish in a square tapered bullet. Utmost precision. Couture colours & total coverage in one coat. Flexible & comfortable wear all day.Leather-matte finish in a square tapered bullet. Utmost precision. Couture colours & total coverage in one coat. Flexible & comfortable wear all day.",
        "additional_information": "{\n    \"Order Amount\": \"2 g\",\n    \"made in\": \"France\",\n    \"Warning Hints\": \"Avoid eye contact. Keep away from direct heat and sunlight.\",\n    \"Item Number\": \"1613869\",\n    \"Manufacturer Color\": \"No. 37 - Red\",\n    \"Product Series\": \"Rouge Pur Couture The Slim\",\n    \"Net Weight\": \"0.002 kg\",\n    \"Package Height\": \"10.2 cm\",\n    \"Package Length\": \"1.8 cm\",\n    \"Package Width\": \"1.8 cm\"\n}"
    },
    {
        "product_name": "Yves Saint Laurent Rouge Pur Couture The Slim Lipstick N 38 Red",
        "brand_name": "Yves Saint Laurent",
        "brand_url": "https://shop.frankfurt-airport.com/en-US/brand/yves-saint-laurent",
        "retailer_name": "Frankfurt Duty Free",
        "retailer_url": "https://shop.frankfurt-airport.com/en-US/retailer/heinemann",
        "price": "\u20ac38.99",
        "price_per_quantity": "\u20ac1,949.50 / 100  g",
        "description": "Leather-matte finish in a square tapered bullet. Utmost precision. Couture colours & total coverage in one coat. Flexible & comfortable wear all day.Leather-matte finish in a square tapered bullet. Utmost precision. Couture colours & total coverage in one coat. Flexible & comfortable wear all day.",
        "additional_information": "{\n    \"Order Amount\": \"2 g\",\n    \"made in\": \"France\",\n    \"Warning Hints\": \"Avoid eye contact. Keep away from direct heat and sunlight.\",\n    \"Item Number\": \"1613870\",\n    \"Manufacturer Color\": \"No. 38 - Red\",\n    \"Product Series\": \"Rouge Pur Couture The Slim\",\n    \"Net Weight\": \"0.002 kg\",\n    \"Package Height\": \"10.3 cm\",\n    \"Package Length\": \"1.8 cm\",\n    \"Package Width\": \"1.8 cm\"\n}"
    },
    {
        "product_name": "Yves Saint Laurent Encre de Peau Foundation All Hours Reno Nr. MN7 25 ml",
        "brand_name": "Yves Saint Laurent",
        "brand_url": "https://shop.frankfurt-airport.com/en-US/brand/yves-saint-laurent",
        "retailer_name": "Frankfurt Duty Free",
        "retailer_url": "https://shop.frankfurt-airport.com/en-US/retailer/heinemann",
        "price": "\u20ac39.99",
        "price_per_quantity": "\u20ac159.96 / 100  ml",
        "description": "Complexion perfection you can rely on all day, all night, ALL HOURS. An upgraded breathable formula providing 24h* full coverage and  weightless feel. Experience an ultra-sensorial skin on skin sensation with a seamless cover action, as if you had a flawless naked skin. The new formula is infused with Hyaluronic acid. It provides all day hydration feel and day after day skin caring benefits, even after removal. Proven: skin feels softer, smoother, hydrated, after only 2 weeks*. For ALL HOURS renovation, YSL developed our first Skin-Fusing\u2122 technology to mimic the composition of the skin for a total fusion. To achieve a triple proof: Transfer proof, Waterproof, and Sport proof. The complexion remains flawless and fresh, for a 24h* natural luminous matte makeup result. *Consumer test with 111 women.Complexion perfection you can rely on all day, all night, ALL HOURS. An upgraded breathable formula providing 24h* full coverage and  weightless feel. Experience an ultra-sensorial skin on skin sensation with a seamless cover action, as if you had a flawless naked skin. The new formula is infused with Hyaluronic acid. It provides all day hydration feel and day after day skin caring benefits, even after removal. Proven: skin feels softer, smoother, hydrated, after only 2 weeks*. For ALL HOURS renovation, YSL developed our first Skin-Fusing\u2122 technology to mimic the composition of the skin for a total fusion. To achieve a triple proof: Transfer proof, Waterproof, and Sport proof. The complexion remains flawless and fresh, for a 24h* natural luminous matte makeup result. *Consumer test with 111 women.",
        "additional_information": "{\n    \"Order Amount\": \"25 ml\",\n    \"made in\": \"France\",\n    \"Warning Hints\": \"Avoid eye contact. Keep away from direct heat and sunlight.\",\n    \"Item Number\": \"1524144\",\n    \"Manufacturer Color\": \"MN7\",\n    \"Product Series\": \"All Hours\",\n    \"Net Weight\": \"0.025 kg\",\n    \"Package Height\": \"12 cm\",\n    \"Package Length\": \"3.8 cm\",\n    \"Package Width\": \"3.2 cm\"\n}"
    },
    {
        "product_name": "Yves Saint Laurent Encre de Peau Foundation All Hours Reno Nr. LN1 25 ml",
        "brand_name": "Yves Saint Laurent",
        "brand_url": "https://shop.frankfurt-airport.com/en-US/brand/yves-saint-laurent",
        "retailer_name": "Frankfurt Duty Free",
        "retailer_url": "https://shop.frankfurt-airport.com/en-US/retailer/heinemann",
        "price": "\u20ac39.99",
        "price_per_quantity": "\u20ac159.96 / 100  ml",
        "description": "Complexion perfection you can rely on all day, all night, ALL HOURS. An upgraded breathable formula providing 24h* full coverage and  weightless feel. Experience an ultra-sensorial skin on skin sensation with a seamless cover action, as if you had a flawless naked skin. The new formula is infused with Hyaluronic acid. It provides all day hydration feel and day after day skin caring benefits, even after removal. Proven: skin feels softer, smoother, hydrated, after only 2 weeks*. For ALL HOURS renovation, YSL developed our first Skin-Fusing\u2122 technology to mimic the composition of the skin for a total fusion. To achieve a triple proof: Transfer proof, Waterproof, and Sport proof. The complexion remains flawless and fresh, for a 24h* natural luminous matte makeup result. *Consumer test with 111 women.Complexion perfection you can rely on all day, all night, ALL HOURS. An upgraded breathable formula providing 24h* full coverage and  weightless feel. Experience an ultra-sensorial skin on skin sensation with a seamless cover action, as if you had a flawless naked skin. The new formula is infused with Hyaluronic acid. It provides all day hydration feel and day after day skin caring benefits, even after removal. Proven: skin feels softer, smoother, hydrated, after only 2 weeks*. For ALL HOURS renovation, YSL developed our first Skin-Fusing\u2122 technology to mimic the composition of the skin for a total fusion. To achieve a triple proof: Transfer proof, Waterproof, and Sport proof. The complexion remains flawless and fresh, for a 24h* natural luminous matte makeup result. *Consumer test with 111 women.",
        "additional_information": "{\n    \"Order Amount\": \"25 ml\",\n    \"made in\": \"France\",\n    \"Warning Hints\": \"Avoid eye contact. Keep away from direct heat and sunlight.\",\n    \"Item Number\": \"1524148\",\n    \"Manufacturer Color\": \"LN1\",\n    \"Product Series\": \"All Hours\",\n    \"Net Weight\": \"0.025 kg\",\n    \"Package Height\": \"11.7 cm\",\n    \"Package Length\": \"3.7 cm\",\n    \"Package Width\": \"3.2 cm\"\n}"
    },
    {
        "product_name": "Yves Saint Laurent Rouge Pur Couture The Slim Lipstick N 2024 Red",
        "brand_name": "Yves Saint Laurent",
        "brand_url": "https://shop.frankfurt-airport.com/en-US/brand/yves-saint-laurent",
        "retailer_name": "Frankfurt Duty Free",
        "retailer_url": "https://shop.frankfurt-airport.com/en-US/retailer/heinemann",
        "price": "\u20ac38.99",
        "price_per_quantity": "\u20ac1,949.50 / 100  g",
        "description": "Leather-matte finish in a square tapered bullet. Utmost precision. Couture colours & total coverage in one coat. Flexible & comfortable wear all day.Leather-matte finish in a square tapered bullet. Utmost precision. Couture colours & total coverage in one coat. Flexible & comfortable wear all day.",
        "additional_information": "{\n    \"Order Amount\": \"2 g\",\n    \"made in\": \"France\",\n    \"Warning Hints\": \"Avoid eye contact. Keep away from direct heat and sunlight.\",\n    \"Item Number\": \"1613871\",\n    \"Manufacturer Color\": \"No. 2024 - Red\",\n    \"Product Series\": \"Rouge Pur Couture The Slim\",\n    \"Net Weight\": \"0.002 kg\",\n    \"Package Height\": \"10.2 cm\",\n    \"Package Length\": \"1.8 cm\",\n    \"Package Width\": \"1.8 cm\"\n}"
    },
    {
        "product_name": "Yves Saint Laurent Rouge Pur Couture The Slim Lipstick N 35 Loud Brown",
        "brand_name": "Yves Saint Laurent",
        "brand_url": "https://shop.frankfurt-airport.com/en-US/brand/yves-saint-laurent",
        "retailer_name": "Frankfurt Duty Free",
        "retailer_url": "https://shop.frankfurt-airport.com/en-US/retailer/heinemann",
        "price": "\u20ac38.99",
        "price_per_quantity": "\u20ac1,772.27 / 100  g",
        "description": "Leather-matte finish in a square tapered bullet. utmost precision. Couture colours & total coverage in one coat. Flexible & comfortable wear all day.Leather-matte finish in a square tapered bullet. utmost precision. Couture colours & total coverage in one coat. Flexible & comfortable wear all day.",
        "additional_information": "{\n    \"Order Amount\": \"2.2 g\",\n    \"made in\": \"France\",\n    \"Warning Hints\": \"Avoid eye contact. Keep away from direct heat and sunlight.\",\n    \"Item Number\": \"1558629\",\n    \"Manufacturer Color\": \"No. 35 - LOUD BROWN\",\n    \"Product Series\": \"Rouge Pur Couture The Slim\",\n    \"Net Weight\": \"0.002 kg\",\n    \"Package Height\": \"10.5 cm\",\n    \"Package Length\": \"2 cm\",\n    \"Package Width\": \"2 cm\"\n}"
    },
    {
        "product_name": "Yves Saint Laurent Encre de Peau Foundation All Hours Reno Nr. LW7 25 ml",
        "brand_name": "Yves Saint Laurent",
        "brand_url": "https://shop.frankfurt-airport.com/en-US/brand/yves-saint-laurent",
        "retailer_name": "Frankfurt Duty Free",
        "retailer_url": "https://shop.frankfurt-airport.com/en-US/retailer/heinemann",
        "price": "\u20ac39.99",
        "price_per_quantity": "\u20ac159.96 / 100  ml",
        "description": "Complexion perfection you can rely on all day, all night, ALL HOURS. An upgraded breathable formula providing 24h* full coverage and  weightless feel. Experience an ultra-sensorial skin on skin sensation with a seamless cover action, as if you had a flawless naked skin. The new formula is infused with Hyaluronic acid. It provides all day hydration feel and day after day skin caring benefits, even after removal. Proven: skin feels softer, smoother, hydrated, after only 2 weeks*. For ALL HOURS renovation, YSL developed our first Skin-Fusing\u2122 technology to mimic the composition of the skin for a total fusion. To achieve a triple proof: Transfer proof, Waterproof, and Sport proof. The complexion remains flawless and fresh, for a 24h* natural luminous matte makeup result. *Consumer test with 111 women.Complexion perfection you can rely on all day, all night, ALL HOURS. An upgraded breathable formula providing 24h* full coverage and  weightless feel. Experience an ultra-sensorial skin on skin sensation with a seamless cover action, as if you had a flawless naked skin. The new formula is infused with Hyaluronic acid. It provides all day hydration feel and day after day skin caring benefits, even after removal. Proven: skin feels softer, smoother, hydrated, after only 2 weeks*. For ALL HOURS renovation, YSL developed our first Skin-Fusing\u2122 technology to mimic the composition of the skin for a total fusion. To achieve a triple proof: Transfer proof, Waterproof, and Sport proof. The complexion remains flawless and fresh, for a 24h* natural luminous matte makeup result. *Consumer test with 111 women.",
        "additional_information": "{\n    \"Order Amount\": \"25 ml\",\n    \"made in\": \"France\",\n    \"Warning Hints\": \"Avoid eye contact. Keep away from direct heat and sunlight.\",\n    \"Item Number\": \"1524146\",\n    \"Manufacturer Color\": \"LW7\",\n    \"Product Series\": \"All Hours\",\n    \"Net Weight\": \"0.025 kg\",\n    \"Package Height\": \"11.8 cm\",\n    \"Package Length\": \"3.8 cm\",\n    \"Package Width\": \"3.2 cm\"\n}"
    },
    {
        "product_name": "Yves Saint Laurent Rouge Pur Couture The Slim Lipstick N 34 Blasting Terra",
        "brand_name": "Yves Saint Laurent",
        "brand_url": "https://shop.frankfurt-airport.com/en-US/brand/yves-saint-laurent",
        "retailer_name": "Frankfurt Duty Free",
        "retailer_url": "https://shop.frankfurt-airport.com/en-US/retailer/heinemann",
        "price": "\u20ac38.99",
        "price_per_quantity": "\u20ac1,772.27 / 100  g",
        "description": "Leather-matte finish in a square tapered bullet. utmost precision. Couture colours & total coverage in one coat. Flexible & comfortable wear all day.Leather-matte finish in a square tapered bullet. utmost precision. Couture colours & total coverage in one coat. Flexible & comfortable wear all day.",
        "additional_information": "{\n    \"Order Amount\": \"2.2 g\",\n    \"made in\": \"France\",\n    \"Warning Hints\": \"Avoid eye contact. Keep away from direct heat and sunlight.\",\n    \"Item Number\": \"1558628\",\n    \"Manufacturer Color\": \"No. 34 - BLASTING TERRA\",\n    \"Product Series\": \"Rouge Pur Couture The Slim\",\n    \"Net Weight\": \"0.002 kg\",\n    \"Package Height\": \"10.5 cm\",\n    \"Package Length\": \"2 cm\",\n    \"Package Width\": \"2 cm\"\n}"
    },
    {
        "product_name": "Yves Saint Laurent Lash Clash Mascara N 2 Brown",
        "brand_name": "Yves Saint Laurent",
        "brand_url": "https://shop.frankfurt-airport.com/en-US/brand/yves-saint-laurent",
        "retailer_name": "Frankfurt Duty Free",
        "retailer_url": "https://shop.frankfurt-airport.com/en-US/retailer/heinemann",
        "price": "\u20ac29.99",
        "price_per_quantity": "\u20ac374.88 / 100  ml",
        "description": "WHAT IT IS Meet Lash Clash, YSL Beauty\u2019s new game-changing mascara. NEW! Lash Clash exists now in a new uninhibited Brown to reveal the real you. Your lash look now elevated. A couture mascara that delivers extreme buildable volume and intense finishes. The oversized mascara brush and fragrance-free, paraben-free formula deliver buildable extreme brown color with all-day long-lasting wear. We\u2019re talking: +200% VOLUME INSTANTLY* 24-HOUR WEAR EXTREME COUTURE FINISHES *UP TO What it does Formulated with nourishing Iris Extract, Lash Clash delivers +200% more volume with 24-hour smudge-proof wear for intense color from root to tip. The massive Double-Conical brush holds extra formula to coat lashes with deep black pigment in just one coat. Achieve varying levels of intensity from one to five strokes with the buildable volume formula. Lash Clash is outfitted in sleek YSL packaging to become the ultimate luxury must-have. Sourced from YSL Beauty\u2019s Ourika Community Gardens, Lash Clash\u2019s fragrance-free formula is enriched with Iris Florentina extract that stimulates and protects the synthesis of dermaproteins day after day, helping lashes stay ever so-supple, soft to the touch and healthy. Intrinsically modern, it feels fresh and different today. An extreme volume for a more natural lash look, brown is universally appealing, working with all eye, hair and skin tones.WHAT IT IS Meet Lash Clash, YSL Beauty\u2019s new game-changing mascara. NEW! Lash Clash exists now in a new uninhibited Brown to reveal the real you. Your lash look now elevated. A couture mascara that delivers extreme buildable volume and intense finishes. The oversized mascara brush and fragrance-free, paraben-free formula deliver buildable extreme brown color with all-day long-lasting wear. We\u2019re talking: +200% VOLUME INSTANTLY* 24-HOUR WEAR EXTREME COUTURE FINISHES *UP TO What it does Formulated with nourishing Iris Extract, Lash Clash delivers +200% more volume with 24-hour smudge-proof wear for intense color from root to tip. The massive Double-Conical brush holds extra formula to coat lashes with deep black pigment in just one coat. Achieve varying levels of intensity from one to five strokes with the buildable volume formula. Lash Clash is outfitted in sleek YSL packaging to become the ultimate luxury must-have. Sourced from YSL Beauty\u2019s Ourika Community Gardens, Lash Clash\u2019s fragrance-free formula is enriched with Iris Florentina extract that stimulates and protects the synthesis of dermaproteins day after day, helping lashes stay ever so-supple, soft to the touch and healthy. Intrinsically modern, it feels fresh and different today. An extreme volume for a more natural lash look, brown is universally appealing, working with all eye, hair and skin tones.",
        "additional_information": "{\n    \"Order Amount\": \"8 ml\",\n    \"made in\": \"France\",\n    \"Warning Hints\": \"Avoid eye contact. Keep away from direct heat and sunlight.\",\n    \"Item Number\": \"1570897\",\n    \"Manufacturer Color\": \"No. 2 - BROWN\",\n    \"Product Series\": \"Lash Clash\",\n    \"Net Weight\": \"0.008 kg\",\n    \"Package Height\": \"14 cm\",\n    \"Package Length\": \"2.45 cm\",\n    \"Package Width\": \"2.45 cm\"\n}"
    },
    {
        "product_name": "Yves Saint Laurent Rouge Pur Couture The Slim Lipstick Velvet Radical N 317 Exploding Nude",
        "brand_name": "Yves Saint Laurent",
        "brand_url": "https://shop.frankfurt-airport.com/en-US/brand/yves-saint-laurent",
        "retailer_name": "Frankfurt Duty Free",
        "retailer_url": "https://shop.frankfurt-airport.com/en-US/retailer/heinemann",
        "price": "\u20ac38.99",
        "price_per_quantity": "\u20ac1,772.27 / 100  g",
        "description": "Intensely pigmented velvet matte lipstick with lasting wear of intense colour. 67% caring ingredients including roast leaf extract from YSL BEAUT\u00c9 OURIKA GARDENS offer weightless comfort. Square bullet makes the application easy and ultra precise.Intensely pigmented velvet matte lipstick with lasting wear of intense colour. 67% caring ingredients including roast leaf extract from YSL BEAUT\u00c9 OURIKA GARDENS offer weightless comfort. Square bullet makes the application easy and ultra precise.",
        "additional_information": "{\n    \"Order Amount\": \"2.2 g\",\n    \"made in\": \"France\",\n    \"Warning Hints\": \"Avoid eye contact. Keep away from direct heat and sunlight.\",\n    \"Item Number\": \"1558632\",\n    \"Manufacturer Color\": \"No. 317 - EXPLODING NUDE\",\n    \"Product Series\": \"Rouge Pur Couture The Slim\",\n    \"Net Weight\": \"0.002 kg\",\n    \"Package Height\": \"10.5 cm\",\n    \"Package Length\": \"2 cm\",\n    \"Package Width\": \"2 cm\"\n}"
    },
    {
        "product_name": "Yves Saint Laurent Lash Clash Extreme Volume Mascara N 04",
        "brand_name": "Yves Saint Laurent",
        "brand_url": "https://shop.frankfurt-airport.com/en-US/brand/yves-saint-laurent",
        "retailer_name": "Frankfurt Duty Free",
        "retailer_url": "https://shop.frankfurt-airport.com/en-US/retailer/heinemann",
        "price": "\u20ac29.99",
        "price_per_quantity": "\u20ac333.22 / 100  ml",
        "description": "Lash Clash Extreme Volume Mascara, a clash of massive volume and Electric couture Blue finishLash Clash Extreme Volume Mascara, a clash of massive volume and Electric couture Blue finish",
        "additional_information": "{\n    \"Order Amount\": \"9 ml\",\n    \"made in\": \"France\",\n    \"Warning Hints\": \"Avoid eye contact. Keep away from direct heat and sunlight.\",\n    \"Item Number\": \"1594981\",\n    \"Manufacturer Color\": \"No. 04\",\n    \"Product Series\": \"Lash Clash\",\n    \"Net Weight\": \"0.009 kg\",\n    \"Package Height\": \"14 cm\",\n    \"Package Length\": \"2.5 cm\",\n    \"Package Width\": \"2.4 cm\"\n}"
    },
    {
        "product_name": "Yves Saint Laurent Rouge Pur Couture The Slim Lipstick Velvet Radical N 316 Vibe in Amber",
        "brand_name": "Yves Saint Laurent",
        "brand_url": "https://shop.frankfurt-airport.com/en-US/brand/yves-saint-laurent",
        "retailer_name": "Frankfurt Duty Free",
        "retailer_url": "https://shop.frankfurt-airport.com/en-US/retailer/heinemann",
        "price": "\u20ac38.99",
        "price_per_quantity": "\u20ac1,772.27 / 100  g",
        "description": "Leather-matte finish in a square tapered bullet. utmost precision. Couture colours & total coverage in one coat. Flexible & comfortable wear all day.Leather-matte finish in a square tapered bullet. utmost precision. Couture colours & total coverage in one coat. Flexible & comfortable wear all day.",
        "additional_information": "{\n    \"Order Amount\": \"2.2 g\",\n    \"made in\": \"France\",\n    \"Warning Hints\": \"Avoid eye contact. Keep away from direct heat and sunlight.\",\n    \"Item Number\": \"1558631\",\n    \"Manufacturer Color\": \"No. 316 - VIBE IN AMBER\",\n    \"Product Series\": \"Rouge Pur Couture The Slim\",\n    \"Net Weight\": \"0.002 kg\",\n    \"Package Height\": \"10.5 cm\",\n    \"Package Length\": \"2 cm\",\n    \"Package Width\": \"2 cm\"\n}"
    },
    {
        "product_name": "Yves Saint Laurent All Hours Concealer N MC2 15 ml",
        "brand_name": "Yves Saint Laurent",
        "brand_url": "https://shop.frankfurt-airport.com/en-US/brand/yves-saint-laurent",
        "retailer_name": "Frankfurt Duty Free",
        "retailer_url": "https://shop.frankfurt-airport.com/en-US/retailer/heinemann",
        "price": "\u20ac38.99",
        "price_per_quantity": "\u20ac259.93 / 100  ml",
        "description": "UP TO 24H* FULL WEAR \u2013 FEELS BARE \u2013 LONG CARE A creamy, creaseless and buildable fluid concealer for up to 24H* full coverage and luminous matte finish. Dark circles & redness? Covered. Fine lines & imperfection? Blurred. Face & eye features? Softly sculpted. This 85% skincare base concealer is weightless, comfortable and moisturizing for up to 24 hours*. The formula is enriched with Caffeine extracts, and Jasmine petals known for anti-dullness and soothing properties. Instantly, the complexion is perfected up to 24h* and after 14 days, skin looks smoother, softer and firmer. All Hours Precise Angles Concealer can do it all: Conceal, Sculpt, Enhance thanks to its ultra precise applicator. Conceal undereyes and imperfections with the ultra precise tip to reach all angles, expertly sculpt face features with broad sides, or enhance complexion with a full face-face application. New All Hours Precise Angles Concealer. Available in 18 shades. CONSUMERS AGREE** : 95.3% observed their skin as looking smoother 90.7% said it felt softer 83.3% said their fine lines and imperfections were less visible 77.3% agreed that their skin looked firmer *Consumer test on 165 women in US. ** Consumer test on bare skin after 14 days on 165 US Consumers results after 14 days on 165 US consumers.UP TO 24H* FULL WEAR \u2013 FEELS BARE \u2013 LONG CARE A creamy, creaseless and buildable fluid concealer for up to 24H* full coverage and luminous matte finish. Dark circles & redness? Covered. Fine lines & imperfection? Blurred. Face & eye features? Softly sculpted. This 85% skincare base concealer is weightless, comfortable and moisturizing for up to 24 hours*. The formula is enriched with Caffeine extracts, and Jasmine petals known for anti-dullness and soothing properties. Instantly, the complexion is perfected up to 24h* and after 14 days, skin looks smoother, softer and firmer. All Hours Precise Angles Concealer can do it all: Conceal, Sculpt, Enhance thanks to its ultra precise applicator. Conceal undereyes and imperfections with the ultra precise tip to reach all angles, expertly sculpt face features with broad sides, or enhance complexion with a full face-face application. New All Hours Precise Angles Concealer. Available in 18 shades. CONSUMERS AGREE** : 95.3% observed their skin as looking smoother 90.7% said it felt softer 83.3% said their fine lines and imperfections were less visible 77.3% agreed that their skin looked firmer *Consumer test on 165 women in US. ** Consumer test on bare skin after 14 days on 165 US Consumers results after 14 days on 165 US consumers.",
        "additional_information": "{\n    \"Order Amount\": \"15 ml\",\n    \"made in\": \"France\",\n    \"Warning Hints\": \"Avoid eye contact. Keep away from direct heat and sunlight.\",\n    \"Item Number\": \"1594344\",\n    \"Manufacturer Color\": \"MC2\",\n    \"Product Series\": \"All Hours\",\n    \"Net Weight\": \"0.015 kg\",\n    \"Package Height\": \"11.1 cm\",\n    \"Package Length\": \"2.45 cm\",\n    \"Package Width\": \"2.45 cm\"\n}"
    },
    {
        "product_name": "Yves Saint Laurent All Hours Concealer N DN5 15 ml",
        "brand_name": "Yves Saint Laurent",
        "brand_url": "https://shop.frankfurt-airport.com/en-US/brand/yves-saint-laurent",
        "retailer_name": "Frankfurt Duty Free",
        "retailer_url": "https://shop.frankfurt-airport.com/en-US/retailer/heinemann",
        "price": "\u20ac38.99",
        "price_per_quantity": "\u20ac259.93 / 100  ml",
        "description": "UP TO 24H* FULL WEAR \u2013 FEELS BARE \u2013 LONG CARE A creamy, creaseless and buildable fluid concealer for up to 24H* full coverage and luminous matte finish. Dark circles & redness? Covered. Fine lines & imperfection? Blurred. Face & eye features? Softly sculpted. This 85% skincare base concealer is weightless, comfortable and moisturizing for up to 24 hours*. The formula is enriched with Caffeine extracts, and Jasmine petals known for anti-dullness and soothing properties. Instantly, the complexion is perfected up to 24h* and after 14 days, skin looks smoother, softer and firmer. All Hours Precise Angles Concealer can do it all: Conceal, Sculpt, Enhance thanks to its ultra precise applicator. Conceal undereyes and imperfections with the ultra precise tip to reach all angles, expertly sculpt face features with broad sides, or enhance complexion with a full face-face application. New All Hours Precise Angles Concealer. Available in 18 shades. CONSUMERS AGREE** : 95.3% observed their skin as looking smoother 90.7% said it felt softer 83.3% said their fine lines and imperfections were less visible 77.3% agreed that their skin looked firmer *Consumer test on 165 women in US. ** Consumer test on bare skin after 14 days on 165 US Consumers results after 14 days on 165 US consumers.UP TO 24H* FULL WEAR \u2013 FEELS BARE \u2013 LONG CARE A creamy, creaseless and buildable fluid concealer for up to 24H* full coverage and luminous matte finish. Dark circles & redness? Covered. Fine lines & imperfection? Blurred. Face & eye features? Softly sculpted. This 85% skincare base concealer is weightless, comfortable and moisturizing for up to 24 hours*. The formula is enriched with Caffeine extracts, and Jasmine petals known for anti-dullness and soothing properties. Instantly, the complexion is perfected up to 24h* and after 14 days, skin looks smoother, softer and firmer. All Hours Precise Angles Concealer can do it all: Conceal, Sculpt, Enhance thanks to its ultra precise applicator. Conceal undereyes and imperfections with the ultra precise tip to reach all angles, expertly sculpt face features with broad sides, or enhance complexion with a full face-face application. New All Hours Precise Angles Concealer. Available in 18 shades. CONSUMERS AGREE** : 95.3% observed their skin as looking smoother 90.7% said it felt softer 83.3% said their fine lines and imperfections were less visible 77.3% agreed that their skin looked firmer *Consumer test on 165 women in US. ** Consumer test on bare skin after 14 days on 165 US Consumers results after 14 days on 165 US consumers.",
        "additional_information": "{\n    \"Order Amount\": \"15 ml\",\n    \"made in\": \"France\",\n    \"Warning Hints\": \"Avoid eye contact. Keep away from direct heat and sunlight.\",\n    \"Item Number\": \"1594347\",\n    \"Manufacturer Color\": \"DN5\",\n    \"Product Series\": \"All Hours\",\n    \"Net Weight\": \"0.015 kg\",\n    \"Package Height\": \"11.1 cm\",\n    \"Package Length\": \"2.45 cm\",\n    \"Package Width\": \"2.45 cm\"\n}"
    },
    {
        "product_name": "Yves Saint Laurent Lines Liberated Eyeliner N 05",
        "brand_name": "Yves Saint Laurent",
        "brand_url": "https://shop.frankfurt-airport.com/en-US/brand/yves-saint-laurent",
        "retailer_name": "Frankfurt Duty Free",
        "retailer_url": "https://shop.frankfurt-airport.com/en-US/retailer/heinemann",
        "price": "\u20ac33.99",
        "price_per_quantity": "\u20ac2,832.50 / 100  g",
        "description": "The new YSL Beauty Eye Pencils. Highly pigmented, highly blendable 24H wear. Smudge-resistant. Waterproof. Dare to discover unbridled pigments with a shot of invigorating color in 1 stroke. Ultra-charged pigments for boldly vibrant matte, satin matte & chrome finishes. Indulge in ultra-gliding high-pleasure texture. Experience the 3-in-1 slant-angle brush to sculpt, blend & stretch your look. Enjoy the enriched formula with cactus fig oil with the exclusive YSL Beauty Ourika Community Gardens for all day comfort . Available in 12 hyper-charged shades.The new YSL Beauty Eye Pencils. Highly pigmented, highly blendable 24H wear. Smudge-resistant. Waterproof. Dare to discover unbridled pigments with a shot of invigorating color in 1 stroke. Ultra-charged pigments for boldly vibrant matte, satin matte & chrome finishes. Indulge in ultra-gliding high-pleasure texture. Experience the 3-in-1 slant-angle brush to sculpt, blend & stretch your look. Enjoy the enriched formula with cactus fig oil with the exclusive YSL Beauty Ourika Community Gardens for all day comfort . Available in 12 hyper-charged shades.",
        "additional_information": "{\n    \"Order Amount\": \"1.2 g\",\n    \"made in\": \"Germany\",\n    \"Warning Hints\": \"Avoid eye contact. Keep away from direct heat and sunlight.\",\n    \"Item Number\": \"1626111\",\n    \"Manufacturer Color\": \"No. 05\",\n    \"Product Series\": \"Lines Liberated\",\n    \"Net Weight\": \"0.001 kg\",\n    \"Package Height\": \"16.2 cm\",\n    \"Package Length\": \"1.45 cm\",\n    \"Package Width\": \"1.45 cm\"\n}"
    },
    {
        "product_name": "Yves Saint Laurent Rouge Pur Couture Reno Lipstick N O4",
        "brand_name": "Yves Saint Laurent",
        "brand_url": "https://shop.frankfurt-airport.com/en-US/brand/yves-saint-laurent",
        "retailer_name": "Frankfurt Duty Free",
        "retailer_url": "https://shop.frankfurt-airport.com/en-US/retailer/heinemann",
        "price": "\u20ac38.99",
        "price_per_quantity": "\u20ac1,026.05 / 100  g",
        "description": "Pure color, instant lip fusion. Pure care for (up to) 16h comfort.* Pure couture satin look.Pure color, instant lip fusion. Pure care for (up to) 16h comfort.* Pure couture satin look.",
        "additional_information": "{\n    \"Order Amount\": \"3.8 g\",\n    \"made in\": \"France\",\n    \"Warning Hints\": \"Avoid eye contact. Keep away from direct heat and sunlight.\",\n    \"Item Number\": \"1606880\",\n    \"Manufacturer Color\": \"O4\",\n    \"Product Series\": \"Rouge Pur Couture\",\n    \"Net Weight\": \"0.004 kg\",\n    \"Package Height\": \"8 cm\",\n    \"Package Length\": \"2.4 cm\",\n    \"Package Width\": \"2.4 cm\"\n}"
    },
    {
        "product_name": "Yves Saint Laurent Rouge Pur Couture Reno Lipstick N R11",
        "brand_name": "Yves Saint Laurent",
        "brand_url": "https://shop.frankfurt-airport.com/en-US/brand/yves-saint-laurent",
        "retailer_name": "Frankfurt Duty Free",
        "retailer_url": "https://shop.frankfurt-airport.com/en-US/retailer/heinemann",
        "price": "\u20ac38.99",
        "price_per_quantity": "\u20ac1,026.05 / 100  g",
        "description": "Pure color, instant lip fusion. Pure care for (up to) 16h comfort.* Pure couture satin look.Pure color, instant lip fusion. Pure care for (up to) 16h comfort.* Pure couture satin look.",
        "additional_information": "{\n    \"Order Amount\": \"3.8 g\",\n    \"made in\": \"France\",\n    \"Warning Hints\": \"Avoid eye contact. Keep away from direct heat and sunlight.\",\n    \"Item Number\": \"1606874\",\n    \"Manufacturer Color\": \"R11\",\n    \"Product Series\": \"Rouge Pur Couture\",\n    \"Net Weight\": \"0.004 kg\",\n    \"Package Height\": \"7.85 cm\",\n    \"Package Length\": \"2.4 cm\",\n    \"Package Width\": \"2.4 cm\"\n}"
    },
    {
        "product_name": "Yves Saint Laurent Mascara Volume Effet Faux Cils Radical Mascara N 1 Noir Radical",
        "brand_name": "Yves Saint Laurent",
        "brand_url": "https://shop.frankfurt-airport.com/en-US/brand/yves-saint-laurent",
        "retailer_name": "Frankfurt Duty Free",
        "retailer_url": "https://shop.frankfurt-airport.com/en-US/retailer/heinemann",
        "price": "\u20ac34.99",
        "price_per_quantity": "\u20ac437.38 / 100  ml",
        "description": "Black intensity, extreme volume. The new brush and saturated Carbon Black formula. Delivers immediate volume for an ultra black \u201cfalse lash effect\u201d. The caring formula infused with walnut extract from the YSL Beauty Ourika gardens, and Argan oil, for enhanced and supple eyelashes.Black intensity, extreme volume. The new brush and saturated Carbon Black formula. Delivers immediate volume for an ultra black \u201cfalse lash effect\u201d. The caring formula infused with walnut extract from the YSL Beauty Ourika gardens, and Argan oil, for enhanced and supple eyelashes.",
        "additional_information": "{\n    \"Order Amount\": \"8 ml\",\n    \"made in\": \"France\",\n    \"Item Number\": \"1457165\",\n    \"Manufacturer Color\": \"No. 1 - NOIR RADICAL\",\n    \"Product Series\": \"Volume Effet Faux Cils\",\n    \"Net Weight\": \"0.008 kg\",\n    \"Package Height\": \"13.6 cm\",\n    \"Package Length\": \"2 cm\",\n    \"Package Width\": \"2 cm\"\n}"
    },
    {
        "product_name": "Yves Saint Laurent Le Vestiaire des Parfums Capeline Eau de Parfum 125 ml",
        "brand_name": "Yves Saint Laurent",
        "brand_url": "https://shop.frankfurt-airport.com/en-US/brand/yves-saint-laurent",
        "retailer_name": "Frankfurt Duty Free",
        "retailer_url": "https://shop.frankfurt-airport.com/en-US/retailer/heinemann",
        "price": "\u20ac279.99",
        "price_per_quantity": "\u20ac223.99 / 100  ml",
        "description": "The elegant contrast between grosgrain ribbon & black felt is expresses through the iconic lily flower; the nonchalant attitude of the parisian woman finds echo in the sensuality of vanillaThe elegant contrast between grosgrain ribbon & black felt is expresses through the iconic lily flower; the nonchalant attitude of the parisian woman finds echo in the sensuality of vanilla",
        "additional_information": "{\n    \"Order Amount\": \"125 ml\",\n    \"Target Gender\": \"Female\",\n    \"made in\": \"France\",\n    \"Type of Fragrance\": \"Parfum\",\n    \"Warning Hints\": \"Avoid eye contact. Keep away from direct heat and sunlight.\",\n    \"Item Number\": \"1457148\",\n    \"Product Series\": \"Le Vestiaire des Parfums\",\n    \"Net Weight\": \"0.125 kg\",\n    \"Package Height\": \"17.6 cm\",\n    \"Package Length\": \"7.4 cm\",\n    \"Package Width\": \"7.4 cm\"\n}"
    },
    {
        "product_name": "Yves Saint Laurent All Hours Hyper Bronze Powder N 03",
        "brand_name": "Yves Saint Laurent",
        "brand_url": "https://shop.frankfurt-airport.com/en-US/brand/yves-saint-laurent",
        "retailer_name": "Frankfurt Duty Free",
        "retailer_url": "https://shop.frankfurt-airport.com/en-US/retailer/heinemann",
        "price": "\u20ac42.99",
        "price_per_quantity": "\u20ac505.76 / 100  g",
        "description": "All Hours Hyper Bronze, the new couture multi-use bronzing powder for a 24H wear and, natural sun-kissed glow finish.All Hours Hyper Bronze, the new couture multi-use bronzing powder for a 24H wear and, natural sun-kissed glow finish.",
        "additional_information": "{\n    \"Order Amount\": \"8.5 g\",\n    \"made in\": \"France\",\n    \"Warning Hints\": \"Avoid eye contact. Keep away from direct heat and sunlight.\",\n    \"Item Number\": \"1623776\",\n    \"Manufacturer Color\": \"No. 03\",\n    \"Product Series\": \"All Hours\",\n    \"Net Weight\": \"0.009 kg\",\n    \"Package Height\": \"8.4 cm\",\n    \"Package Length\": \"3 cm\",\n    \"Package Width\": \"8.3 cm\"\n}"
    },
    {
        "product_name": "Yves Saint Laurent Rouge Pur Couture Reno Lipstick N P2",
        "brand_name": "Yves Saint Laurent",
        "brand_url": "https://shop.frankfurt-airport.com/en-US/brand/yves-saint-laurent",
        "retailer_name": "Frankfurt Duty Free",
        "retailer_url": "https://shop.frankfurt-airport.com/en-US/retailer/heinemann",
        "price": "\u20ac38.99",
        "price_per_quantity": "\u20ac1,026.05 / 100  g",
        "description": "Pure color, instant lip fusion. Pure care for (up to) 16h comfort.* Pure couture satin look.Pure color, instant lip fusion. Pure care for (up to) 16h comfort.* Pure couture satin look.",
        "additional_information": "{\n    \"Order Amount\": \"3.8 g\",\n    \"made in\": \"France\",\n    \"Warning Hints\": \"Avoid eye contact. Keep away from direct heat and sunlight.\",\n    \"Item Number\": \"1606881\",\n    \"Manufacturer Color\": \"P2\",\n    \"Product Series\": \"Rouge Pur Couture\",\n    \"Net Weight\": \"0.004 kg\",\n    \"Package Height\": \"8 cm\",\n    \"Package Length\": \"2.4 cm\",\n    \"Package Width\": \"2.4 cm\"\n}"
    },
    {
        "product_name": "Yves Saint Laurent Libre Absolu Platine Eau de Parfum 50 ml",
        "brand_name": "Yves Saint Laurent",
        "brand_url": "https://shop.frankfurt-airport.com/en-US/brand/yves-saint-laurent",
        "retailer_name": "Frankfurt Duty Free",
        "retailer_url": "https://shop.frankfurt-airport.com/en-US/retailer/heinemann",
        "price": "\u20ac99.99",
        "price_per_quantity": "\u20ac199.98 / 100  ml",
        "description": "LIBRE L'ABSOLU PLATINE, the new feminine perfume by Yves Saint Laurent, the absolute intensity to burn from cold & shiver from heat.  The perfume of a strong, bold and free woman experimenting her freedom absolutely. A new clash of desirability, bringing together the two most precious materials of the world, gold & platinum. The iconic couture gold Cassandre is artfully bent and nailed into the glass, now preciously infused with a silver platinum texture. The hottest jewel-like bottle, encapsulating a unique metallic trail with the highest concentration ever on LIBRE. A new absolute & unmistakable intensity, evoking a fiery burn and a shiver-inducing chill all at once. The burning sensuality of an orange blossom from Morocco & the boldness of a Diva lavender from France perfectly blend with a new exclusive & addictive sensual white lavender accord. A new tension between hot and cold, like a cutting-ice breath of freedom. Indulge in the luxurious scent of LIBRE L'ABSOLU PLATINE and experience the absolute freedom.LIBRE L'ABSOLU PLATINE, the new feminine perfume by Yves Saint Laurent, the absolute intensity to burn from cold & shiver from heat.  The perfume of a strong, bold and free woman experimenting her freedom absolutely. A new clash of desirability, bringing together the two most precious materials of the world, gold & platinum. The iconic couture gold Cassandre is artfully bent and nailed into the glass, now preciously infused with a silver platinum texture. The hottest jewel-like bottle, encapsulating a unique metallic trail with the highest concentration ever on LIBRE. A new absolute & unmistakable intensity, evoking a fiery burn and a shiver-inducing chill all at once. The burning sensuality of an orange blossom from Morocco & the boldness of a Diva lavender from France perfectly blend with a new exclusive & addictive sensual white lavender accord. A new tension between hot and cold, like a cutting-ice breath of freedom. Indulge in the luxurious scent of LIBRE L'ABSOLU PLATINE and experience the absolute freedom.",
        "additional_information": "{\n    \"Order Amount\": \"50 ml\",\n    \"Target Gender\": \"Female\",\n    \"made in\": \"France\",\n    \"Type of Fragrance\": \"Eau De Parfum\",\n    \"Warning Hints\": \"Avoid eye contact. Keep away from direct heat and sunlight.\",\n    \"Item Number\": \"1584233\",\n    \"Product Series\": \"Libre\",\n    \"Net Weight\": \"0.05 kg\",\n    \"Package Height\": \"12.2 cm\",\n    \"Package Length\": \"6.3 cm\",\n    \"Package Width\": \"4.2 cm\"\n}"
    },
    {
        "product_name": "Yves Saint Laurent Rouge Pur Couture Reno Lipstick N PM",
        "brand_name": "Yves Saint Laurent",
        "brand_url": "https://shop.frankfurt-airport.com/en-US/brand/yves-saint-laurent",
        "retailer_name": "Frankfurt Duty Free",
        "retailer_url": "https://shop.frankfurt-airport.com/en-US/retailer/heinemann",
        "price": "\u20ac38.99",
        "price_per_quantity": "\u20ac1,026.05 / 100  g",
        "description": "Pure color, instant lip fusion. Pure care for (up to) 16h comfort.* Pure couture satin look.Pure color, instant lip fusion. Pure care for (up to) 16h comfort.* Pure couture satin look.",
        "additional_information": "{\n    \"Order Amount\": \"3.8 g\",\n    \"made in\": \"France\",\n    \"Warning Hints\": \"Avoid eye contact. Keep away from direct heat and sunlight.\",\n    \"Item Number\": \"1606781\",\n    \"Manufacturer Color\": \"PM\",\n    \"Product Series\": \"Rouge Pur Couture\",\n    \"Net Weight\": \"0.004 kg\",\n    \"Package Height\": \"8 cm\",\n    \"Package Length\": \"2.4 cm\",\n    \"Package Width\": \"2.4 cm\"\n}"
    },
    {
        "product_name": "Yves Saint Laurent Rouge Pur Couture The Bold Lipstick N 14 Nude Look",
        "brand_name": "Yves Saint Laurent",
        "brand_url": "https://shop.frankfurt-airport.com/en-US/brand/yves-saint-laurent",
        "retailer_name": "Frankfurt Duty Free",
        "retailer_url": "https://shop.frankfurt-airport.com/en-US/retailer/heinemann",
        "price": "\u20ac44.99",
        "price_per_quantity": "\u20ac1,606.79 / 100  g",
        "description": "Couture shine lipstick for the unshy. Bold colour & shine in one stroke - clutches your lips & holds strong without running. So intense yet so thin in a stretchable texture. 10h moisturized comfort feel* with 40% care. *Consumer test on 125 womenCouture shine lipstick for the unshy. Bold colour & shine in one stroke - clutches your lips & holds strong without running. So intense yet so thin in a stretchable texture. 10h moisturized comfort feel* with 40% care. *Consumer test on 125 women",
        "additional_information": "{\n    \"Order Amount\": \"2.8 g\",\n    \"made in\": \"France\",\n    \"Warning Hints\": \"Avoid eye contact. Keep away from direct heat and sunlight.\",\n    \"Item Number\": \"1562949\",\n    \"Manufacturer Color\": \"No. 14 - NUDE TRIBUTE\",\n    \"Product Series\": \"Rouge Pur Couture The Bold\",\n    \"Net Weight\": \"0.003 kg\",\n    \"Package Height\": \"8.5 cm\",\n    \"Package Length\": \"2.3 cm\",\n    \"Package Width\": \"2.4 cm\"\n}"
    },
    {
        "product_name": "Yves Saint Laurent Black Opium Le Parfum Eau de Parfum 90 ml",
        "brand_name": "Yves Saint Laurent",
        "brand_url": "https://shop.frankfurt-airport.com/en-US/brand/yves-saint-laurent",
        "retailer_name": "Frankfurt Duty Free",
        "retailer_url": "https://shop.frankfurt-airport.com/en-US/retailer/heinemann",
        "price": "\u20ac144.99",
        "price_per_quantity": "\u20ac161.10 / 100  ml",
        "description": "Black Opium Le Parfum is the most intense and radical interpretation of Black Opium, by Yves Saint Laurent.Black Opium Le Parfum is the most intense and radical interpretation of Black Opium, by Yves Saint Laurent.",
        "additional_information": "{\n    \"Order Amount\": \"90 ml\",\n    \"Target Gender\": \"Female\",\n    \"made in\": \"France\",\n    \"Type of Fragrance\": \"Eau De Parfum\",\n    \"Warning Hints\": \"Avoid eye contact. Keep away from direct heat and sunlight.\",\n    \"Item Number\": \"1550995\",\n    \"Product Series\": \"Black Opium\",\n    \"Net Weight\": \"0.09 kg\",\n    \"Package Height\": \"13.6 cm\",\n    \"Package Length\": \"9.3 cm\",\n    \"Package Width\": \"3.6 cm\"\n}"
    },
    {
        "product_name": "Yves Saint Laurent Rouge Volupte Loveshine Candy Glow Lipstick N 5B",
        "brand_name": "Yves Saint Laurent",
        "brand_url": "https://shop.frankfurt-airport.com/en-US/brand/yves-saint-laurent",
        "retailer_name": "Frankfurt Duty Free",
        "retailer_url": "https://shop.frankfurt-airport.com/en-US/retailer/heinemann",
        "price": "\u20ac35.99",
        "price_per_quantity": "\u20ac1,124.69 / 100  g",
        "description": "WHAT IT IS: Tinted butter lip balm that treats your lips with healthy glow & soothing care. Healthy glow and soothing care. 24H nourishment for bouncy, dewy & nourished lips. BENEFITS: Instantly smoothed out, lips look plumper & fuller. 85% care-charged formula with PH color rush technologyTM adapts to and enhances natural lip color reviving the complexion. 98% natural origin, it\u2019s charged with caring maracuja oil, shea & jojoba butters. FINISH & EFFECT: Healthy dewy glow with a sheer color. Healthy-looking lips look bouncy, plumpy and cared for.WHAT IT IS: Tinted butter lip balm that treats your lips with healthy glow & soothing care. Healthy glow and soothing care. 24H nourishment for bouncy, dewy & nourished lips. BENEFITS: Instantly smoothed out, lips look plumper & fuller. 85% care-charged formula with PH color rush technologyTM adapts to and enhances natural lip color reviving the complexion. 98% natural origin, it\u2019s charged with caring maracuja oil, shea & jojoba butters. FINISH & EFFECT: Healthy dewy glow with a sheer color. Healthy-looking lips look bouncy, plumpy and cared for.",
        "additional_information": "{\n    \"Order Amount\": \"3.2 g\",\n    \"made in\": \"France\",\n    \"Warning Hints\": \"Avoid eye contact. Keep away from direct heat and sunlight.\",\n    \"Item Number\": \"1622372\",\n    \"Manufacturer Color\": \"5B\",\n    \"Product Series\": \"Rouge Volupte\",\n    \"Net Weight\": \"0.003 kg\",\n    \"Package Height\": \"8.5 cm\",\n    \"Package Length\": \"2.4 cm\",\n    \"Package Width\": \"2.5 cm\"\n}"
    },
    {
        "product_name": "Yves Saint Laurent Rouge Pur Couture Reno Lipstick Refill N PM",
        "brand_name": "Yves Saint Laurent",
        "brand_url": "https://shop.frankfurt-airport.com/en-US/brand/yves-saint-laurent",
        "retailer_name": "Frankfurt Duty Free",
        "retailer_url": "https://shop.frankfurt-airport.com/en-US/retailer/heinemann",
        "price": "\u20ac29.99",
        "price_per_quantity": "\u20ac789.21 / 100  g",
        "description": "URE COLOR, INSTANT LIP FUSION. PURE CARE FOR (UP TO) 16H COMFORT.* PURE COUTURE SATIN LOOK.URE COLOR, INSTANT LIP FUSION. PURE CARE FOR (UP TO) 16H COMFORT.* PURE COUTURE SATIN LOOK.",
        "additional_information": "{\n    \"Order Amount\": \"3.8 g\",\n    \"made in\": \"France\",\n    \"Warning Hints\": \"Avoid eye contact. Keep away from direct heat and sunlight.\",\n    \"Item Number\": \"1606708\",\n    \"Manufacturer Color\": \"PM\",\n    \"Product Series\": \"Rouge Pur Couture\",\n    \"Net Weight\": \"0.004 kg\",\n    \"Package Height\": \"6 cm\",\n    \"Package Length\": \"2.1 cm\",\n    \"Package Width\": \"2.1 cm\"\n}"
    },
    {
        "product_name": "Yves Saint Laurent Rouge Volupte Loveshine Candy Glow Lipstick N 1B",
        "brand_name": "Yves Saint Laurent",
        "brand_url": "https://shop.frankfurt-airport.com/en-US/brand/yves-saint-laurent",
        "retailer_name": "Frankfurt Duty Free",
        "retailer_url": "https://shop.frankfurt-airport.com/en-US/retailer/heinemann",
        "price": "\u20ac35.99",
        "price_per_quantity": "\u20ac1,124.69 / 100  g",
        "description": "WHAT IT IS: Tinted butter lip balm that treats your lips with healthy glow & soothing care. Healthy glow and soothing care. 24H nourishment for bouncy, dewy & nourished lips. BENEFITS: Instantly smoothed out, lips look plumper & fuller. 85% care-charged formula with PH color rush technologyTM adapts to and enhances natural lip color reviving the complexion. 98% natural origin, it\u2019s charged with caring maracuja oil, shea & jojoba butters. FINISH & EFFECT: Healthy dewy glow with a sheer color. Healthy-looking lips look bouncy, plumpy and cared for.WHAT IT IS: Tinted butter lip balm that treats your lips with healthy glow & soothing care. Healthy glow and soothing care. 24H nourishment for bouncy, dewy & nourished lips. BENEFITS: Instantly smoothed out, lips look plumper & fuller. 85% care-charged formula with PH color rush technologyTM adapts to and enhances natural lip color reviving the complexion. 98% natural origin, it\u2019s charged with caring maracuja oil, shea & jojoba butters. FINISH & EFFECT: Healthy dewy glow with a sheer color. Healthy-looking lips look bouncy, plumpy and cared for.",
        "additional_information": "{\n    \"Order Amount\": \"3.2 g\",\n    \"made in\": \"France\",\n    \"Warning Hints\": \"Avoid eye contact. Keep away from direct heat and sunlight.\",\n    \"Item Number\": \"1622227\",\n    \"Manufacturer Color\": \"1B\",\n    \"Product Series\": \"Rouge Volupte\",\n    \"Net Weight\": \"0.003 kg\",\n    \"Package Height\": \"8.5 cm\",\n    \"Package Length\": \"2.4 cm\",\n    \"Package Width\": \"2.4 cm\"\n}"
    },
    {
        "product_name": "Yves Saint Laurent Rouge Pur Couture Reno Lipstick N N5",
        "brand_name": "Yves Saint Laurent",
        "brand_url": "https://shop.frankfurt-airport.com/en-US/brand/yves-saint-laurent",
        "retailer_name": "Frankfurt Duty Free",
        "retailer_url": "https://shop.frankfurt-airport.com/en-US/retailer/heinemann",
        "price": "\u20ac38.99",
        "price_per_quantity": "\u20ac1,026.05 / 100  g",
        "description": "Pure color, instant lip fusion. Pure care for (up to) 16h comfort.* Pure couture satin look.Pure color, instant lip fusion. Pure care for (up to) 16h comfort.* Pure couture satin look.",
        "additional_information": "{\n    \"Order Amount\": \"3.8 g\",\n    \"made in\": \"France\",\n    \"Warning Hints\": \"Avoid eye contact. Keep away from direct heat and sunlight.\",\n    \"Item Number\": \"1606773\",\n    \"Manufacturer Color\": \"N5\",\n    \"Product Series\": \"Rouge Pur Couture\",\n    \"Net Weight\": \"0.004 kg\",\n    \"Package Height\": \"7.85 cm\",\n    \"Package Length\": \"2.4 cm\",\n    \"Package Width\": \"2.4 cm\"\n}"
    },
    {
        "product_name": "Yves Saint Laurent Rouge Volupte Loveshine Lipstick N 150",
        "brand_name": "Yves Saint Laurent",
        "brand_url": "https://shop.frankfurt-airport.com/en-US/brand/yves-saint-laurent",
        "retailer_name": "Frankfurt Duty Free",
        "retailer_url": "https://shop.frankfurt-airport.com/en-US/retailer/heinemann",
        "price": "\u20ac35.99",
        "price_per_quantity": "\u20ac1,124.69 / 100  g",
        "description": "WHAT IT IS: A wet shine lipstick that quenches your thirsty lips with 24H dripping hydration leaving juicy wet shine. Experience our  unique transformative texture - from lipstick to wet-shine lip oil. Indulge in luscious colors so easily buildable. BENEFITS: Up to  24H dripping hydration and water loss prevention. Lips feel hydrated, nourished and protected. Give in to the caring formula enriched with fig pulp from Ourika community garden and 6 pure nourishing oils for visibly softer and healthier looking lips. FINISH  & EFFECT: Light reflecting semi-sheer wet shine finish and buildable color payoff. Lips that are luscious and healthy-looking. Layer for more shine and color payoff.WHAT IT IS: A wet shine lipstick that quenches your thirsty lips with 24H dripping hydration leaving juicy wet shine. Experience our  unique transformative texture - from lipstick to wet-shine lip oil. Indulge in luscious colors so easily buildable. BENEFITS: Up to  24H dripping hydration and water loss prevention. Lips feel hydrated, nourished and protected. Give in to the caring formula enriched with fig pulp from Ourika community garden and 6 pure nourishing oils for visibly softer and healthier looking lips. FINISH  & EFFECT: Light reflecting semi-sheer wet shine finish and buildable color payoff. Lips that are luscious and healthy-looking. Layer for more shine and color payoff.",
        "additional_information": "{\n    \"Order Amount\": \"3.2 g\",\n    \"made in\": \"France\",\n    \"Warning Hints\": \"Avoid eye contact. Keep away from direct heat and sunlight.\",\n    \"Item Number\": \"1622406\",\n    \"Manufacturer Color\": \"No. 150\",\n    \"Product Series\": \"Rouge Volupte\",\n    \"Net Weight\": \"0.003 kg\",\n    \"Package Height\": \"8.5 cm\",\n    \"Package Length\": \"2.5 cm\",\n    \"Package Width\": \"2.5 cm\"\n}"
    },
    {
        "product_name": "Yves Saint Laurent Rouge Volupte Loveshine Candy Glow Lipstick N 44B",
        "brand_name": "Yves Saint Laurent",
        "brand_url": "https://shop.frankfurt-airport.com/en-US/brand/yves-saint-laurent",
        "retailer_name": "Frankfurt Duty Free",
        "retailer_url": "https://shop.frankfurt-airport.com/en-US/retailer/heinemann",
        "price": "\u20ac35.99",
        "price_per_quantity": "\u20ac1,124.69 / 100  g",
        "description": "WHAT IT IS: Tinted butter lip balm that treats your lips with healthy glow & soothing care. Healthy glow and soothing care. 24H nourishment for bouncy, dewy & nourished lips. BENEFITS: Instantly smoothed out, lips look plumper & fuller. 85% care-charged formula with PH color rush technologyTM adapts to and enhances natural lip color reviving the complexion. 98% natural origin, it\u2019s charged with caring maracuja oil, shea & jojoba butters. FINISH & EFFECT: Healthy dewy glow with a sheer color. Healthy-looking lips look bouncy, plumpy and cared for.WHAT IT IS: Tinted butter lip balm that treats your lips with healthy glow & soothing care. Healthy glow and soothing care. 24H nourishment for bouncy, dewy & nourished lips. BENEFITS: Instantly smoothed out, lips look plumper & fuller. 85% care-charged formula with PH color rush technologyTM adapts to and enhances natural lip color reviving the complexion. 98% natural origin, it\u2019s charged with caring maracuja oil, shea & jojoba butters. FINISH & EFFECT: Healthy dewy glow with a sheer color. Healthy-looking lips look bouncy, plumpy and cared for.",
        "additional_information": "{\n    \"Order Amount\": \"3.2 g\",\n    \"made in\": \"France\",\n    \"Warning Hints\": \"Avoid eye contact. Keep away from direct heat and sunlight.\",\n    \"Item Number\": \"1622370\",\n    \"Manufacturer Color\": \"44B\",\n    \"Product Series\": \"Rouge Volupte\",\n    \"Net Weight\": \"0.003 kg\",\n    \"Package Height\": \"8.5 cm\",\n    \"Package Length\": \"2.4 cm\",\n    \"Package Width\": \"2.4 cm\"\n}"
    },
    {
        "product_name": "Yves Saint Laurent Rouge Volupte Loveshine Lipstick N 122",
        "brand_name": "Yves Saint Laurent",
        "brand_url": "https://shop.frankfurt-airport.com/en-US/brand/yves-saint-laurent",
        "retailer_name": "Frankfurt Duty Free",
        "retailer_url": "https://shop.frankfurt-airport.com/en-US/retailer/heinemann",
        "price": "\u20ac35.99",
        "price_per_quantity": "\u20ac1,124.69 / 100  g",
        "description": "WHAT IT IS: A wet shine lipstick that quenches your thirsty lips with 24H dripping hydration leaving juicy wet shine. Experience our  unique transformative texture - from lipstick to wet-shine lip oil. Indulge in luscious colors so easily buildable. BENEFITS: Up to  24H dripping hydration and water loss prevention. Lips feel hydrated, nourished and protected. Give in to the caring formula enriched with fig pulp from Ourika community garden and 6 pure nourishing oils for visibly softer and healthier looking lips. FINISH  & EFFECT: Light reflecting semi-sheer wet shine finish and buildable color payoff. Lips that are luscious and healthy-looking. Layer for more shine and color payoff.WHAT IT IS: A wet shine lipstick that quenches your thirsty lips with 24H dripping hydration leaving juicy wet shine. Experience our  unique transformative texture - from lipstick to wet-shine lip oil. Indulge in luscious colors so easily buildable. BENEFITS: Up to  24H dripping hydration and water loss prevention. Lips feel hydrated, nourished and protected. Give in to the caring formula enriched with fig pulp from Ourika community garden and 6 pure nourishing oils for visibly softer and healthier looking lips. FINISH  & EFFECT: Light reflecting semi-sheer wet shine finish and buildable color payoff. Lips that are luscious and healthy-looking. Layer for more shine and color payoff.",
        "additional_information": "{\n    \"Order Amount\": \"3.2 g\",\n    \"made in\": \"France\",\n    \"Warning Hints\": \"Avoid eye contact. Keep away from direct heat and sunlight.\",\n    \"Item Number\": \"1622405\",\n    \"Manufacturer Color\": \"No. 122\",\n    \"Product Series\": \"Rouge Volupte\",\n    \"Net Weight\": \"0.003 kg\",\n    \"Package Height\": \"8.5 cm\",\n    \"Package Length\": \"2.5 cm\",\n    \"Package Width\": \"2.5 cm\"\n}"
    },
    {
        "product_name": "Yves Saint Laurent Rouge Volupte Loveshine Lipstick N 212",
        "brand_name": "Yves Saint Laurent",
        "brand_url": "https://shop.frankfurt-airport.com/en-US/brand/yves-saint-laurent",
        "retailer_name": "Frankfurt Duty Free",
        "retailer_url": "https://shop.frankfurt-airport.com/en-US/retailer/heinemann",
        "price": "\u20ac35.99",
        "price_per_quantity": "\u20ac1,124.69 / 100  g",
        "description": "WHAT IT IS: A wet shine lipstick that quenches your thirsty lips with 24H dripping hydration leaving juicy wet shine. Experience our  unique transformative texture - from lipstick to wet-shine lip oil. Indulge in luscious colors so easily buildable. BENEFITS: Up to  24H dripping hydration and water loss prevention. Lips feel hydrated, nourished and protected. Give in to the caring formula enriched with fig pulp from Ourika community garden and 6 pure nourishing oils for visibly softer and healthier looking lips. FINISH  & EFFECT: Light reflecting semi-sheer wet shine finish and buildable color payoff. Lips that are luscious and healthy-looking. Layer for more shine and color payoff.WHAT IT IS: A wet shine lipstick that quenches your thirsty lips with 24H dripping hydration leaving juicy wet shine. Experience our  unique transformative texture - from lipstick to wet-shine lip oil. Indulge in luscious colors so easily buildable. BENEFITS: Up to  24H dripping hydration and water loss prevention. Lips feel hydrated, nourished and protected. Give in to the caring formula enriched with fig pulp from Ourika community garden and 6 pure nourishing oils for visibly softer and healthier looking lips. FINISH  & EFFECT: Light reflecting semi-sheer wet shine finish and buildable color payoff. Lips that are luscious and healthy-looking. Layer for more shine and color payoff.",
        "additional_information": "{\n    \"Order Amount\": \"3.2 g\",\n    \"made in\": \"France\",\n    \"Warning Hints\": \"Avoid eye contact. Keep away from direct heat and sunlight.\",\n    \"Item Number\": \"1622410\",\n    \"Manufacturer Color\": \"No. 212\",\n    \"Product Series\": \"Rouge Volupte\",\n    \"Net Weight\": \"0.003 kg\",\n    \"Package Height\": \"8 cm\",\n    \"Package Length\": \"2.5 cm\",\n    \"Package Width\": \"2.4 cm\"\n}"
    },
    {
        "product_name": "Yves Saint Laurent Rouge Volupte Loveshine Lipstick N 80",
        "brand_name": "Yves Saint Laurent",
        "brand_url": "https://shop.frankfurt-airport.com/en-US/brand/yves-saint-laurent",
        "retailer_name": "Frankfurt Duty Free",
        "retailer_url": "https://shop.frankfurt-airport.com/en-US/retailer/heinemann",
        "price": "\u20ac35.99",
        "price_per_quantity": "\u20ac1,124.69 / 100  g",
        "description": "WHAT IT IS: A wet shine lipstick that quenches your thirsty lips with 24H dripping hydration leaving juicy wet shine. Experience our  unique transformative texture - from lipstick to wet-shine lip oil. Indulge in luscious colors so easily buildable. BENEFITS: Up to  24H dripping hydration and water loss prevention. Lips feel hydrated, nourished and protected. Give in to the caring formula enriched with fig pulp from Ourika community garden and 6 pure nourishing oils for visibly softer and healthier looking lips. FINISH  & EFFECT: Light reflecting semi-sheer wet shine finish and buildable color payoff. Lips that are luscious and healthy-looking. Layer for more shine and color payoff.WHAT IT IS: A wet shine lipstick that quenches your thirsty lips with 24H dripping hydration leaving juicy wet shine. Experience our  unique transformative texture - from lipstick to wet-shine lip oil. Indulge in luscious colors so easily buildable. BENEFITS: Up to  24H dripping hydration and water loss prevention. Lips feel hydrated, nourished and protected. Give in to the caring formula enriched with fig pulp from Ourika community garden and 6 pure nourishing oils for visibly softer and healthier looking lips. FINISH  & EFFECT: Light reflecting semi-sheer wet shine finish and buildable color payoff. Lips that are luscious and healthy-looking. Layer for more shine and color payoff.",
        "additional_information": "{\n    \"Order Amount\": \"3.2 g\",\n    \"made in\": \"France\",\n    \"Warning Hints\": \"Avoid eye contact. Keep away from direct heat and sunlight.\",\n    \"Item Number\": \"1622404\",\n    \"Manufacturer Color\": \"No. 80\",\n    \"Product Series\": \"Rouge Volupte\",\n    \"Net Weight\": \"0.003 kg\",\n    \"Package Height\": \"8.5 cm\",\n    \"Package Length\": \"2.4 cm\",\n    \"Package Width\": \"2.6 cm\"\n}"
    },
    {
        "product_name": "Yves Saint Laurent All Hours Hyper Bronze Powder N 02",
        "brand_name": "Yves Saint Laurent",
        "brand_url": "https://shop.frankfurt-airport.com/en-US/brand/yves-saint-laurent",
        "retailer_name": "Frankfurt Duty Free",
        "retailer_url": "https://shop.frankfurt-airport.com/en-US/retailer/heinemann",
        "price": "\u20ac42.99",
        "price_per_quantity": "\u20ac505.76 / 100  g",
        "description": "All Hours Hyper Bronze, the new couture multi-use bronzing powder for a 24H wear and, natural sun-kissed glow finish.All Hours Hyper Bronze, the new couture multi-use bronzing powder for a 24H wear and, natural sun-kissed glow finish.",
        "additional_information": "{\n    \"Order Amount\": \"8.5 g\",\n    \"made in\": \"France\",\n    \"Warning Hints\": \"Avoid eye contact. Keep away from direct heat and sunlight.\",\n    \"Item Number\": \"1623775\",\n    \"Manufacturer Color\": \"No. 02\",\n    \"Product Series\": \"All Hours\",\n    \"Net Weight\": \"0.009 kg\",\n    \"Package Height\": \"8.3 cm\",\n    \"Package Length\": \"3 cm\",\n    \"Package Width\": \"8.3 cm\"\n}"
    },
    {
        "product_name": "Yves Saint Laurent Rouge Pur Couture Reno Lipstick N R12",
        "brand_name": "Yves Saint Laurent",
        "brand_url": "https://shop.frankfurt-airport.com/en-US/brand/yves-saint-laurent",
        "retailer_name": "Frankfurt Duty Free",
        "retailer_url": "https://shop.frankfurt-airport.com/en-US/retailer/heinemann",
        "price": "\u20ac38.99",
        "price_per_quantity": "\u20ac1,026.05 / 100  g",
        "description": "Pure color, instant lip fusion. Pure care for (up to) 16h comfort.* Pure couture satin look.Pure color, instant lip fusion. Pure care for (up to) 16h comfort.* Pure couture satin look.",
        "additional_information": "{\n    \"Order Amount\": \"3.8 g\",\n    \"made in\": \"France\",\n    \"Warning Hints\": \"Avoid eye contact. Keep away from direct heat and sunlight.\",\n    \"Item Number\": \"1606875\",\n    \"Manufacturer Color\": \"R12\",\n    \"Product Series\": \"Rouge Pur Couture\",\n    \"Net Weight\": \"0.004 kg\",\n    \"Package Height\": \"7.85 cm\",\n    \"Package Length\": \"2.4 cm\",\n    \"Package Width\": \"2.4 cm\"\n}"
    },
    {
        "product_name": "Yves Saint Laurent Rouge Volupte Loveshine Lipstick N 209",
        "brand_name": "Yves Saint Laurent",
        "brand_url": "https://shop.frankfurt-airport.com/en-US/brand/yves-saint-laurent",
        "retailer_name": "Frankfurt Duty Free",
        "retailer_url": "https://shop.frankfurt-airport.com/en-US/retailer/heinemann",
        "price": "\u20ac35.99",
        "price_per_quantity": "\u20ac1,124.69 / 100  g",
        "description": "WHAT IT IS: A wet shine lipstick that quenches your thirsty lips with 24H dripping hydration leaving juicy wet shine. Experience our  unique transformative texture - from lipstick to wet-shine lip oil. Indulge in luscious colors so easily buildable. BENEFITS: Up to  24H dripping hydration and water loss prevention. Lips feel hydrated, nourished and protected. Give in to the caring formula enriched with fig pulp from Ourika community garden and 6 pure nourishing oils for visibly softer and healthier looking lips. FINISH  & EFFECT: Light reflecting semi-sheer wet shine finish and buildable color payoff. Lips that are luscious and healthy-looking. Layer for more shine and color payoff.WHAT IT IS: A wet shine lipstick that quenches your thirsty lips with 24H dripping hydration leaving juicy wet shine. Experience our  unique transformative texture - from lipstick to wet-shine lip oil. Indulge in luscious colors so easily buildable. BENEFITS: Up to  24H dripping hydration and water loss prevention. Lips feel hydrated, nourished and protected. Give in to the caring formula enriched with fig pulp from Ourika community garden and 6 pure nourishing oils for visibly softer and healthier looking lips. FINISH  & EFFECT: Light reflecting semi-sheer wet shine finish and buildable color payoff. Lips that are luscious and healthy-looking. Layer for more shine and color payoff.",
        "additional_information": "{\n    \"Order Amount\": \"3.2 g\",\n    \"made in\": \"France\",\n    \"Warning Hints\": \"Avoid eye contact. Keep away from direct heat and sunlight.\",\n    \"Item Number\": \"1622409\",\n    \"Manufacturer Color\": \"No. 209\",\n    \"Product Series\": \"Rouge Volupte\",\n    \"Net Weight\": \"0.003 kg\",\n    \"Package Height\": \"8.5 cm\",\n    \"Package Length\": \"2.5 cm\",\n    \"Package Width\": \"2.5 cm\"\n}"
    },
    {
        "product_name": "Yves Saint Laurent Mascara Volume Effet Faux Cils Radical Duo",
        "brand_name": "Yves Saint Laurent",
        "brand_url": "https://shop.frankfurt-airport.com/en-US/brand/yves-saint-laurent",
        "retailer_name": "Frankfurt Duty Free",
        "retailer_url": "https://shop.frankfurt-airport.com/en-US/retailer/heinemann",
        "price": "\u20ac59.99",
        "price_per_quantity": "",
        "description": "Black intensity, extreme volume. The new brush and saturated Carbon Black formula delivers immediate volume for an ultra black \u201cfalse lash effect\u201d. The caring formula infused with walnut extract from the YSL Beauty Ourika gardens, and Argan oil, for enhanced and supple eyelashes.Black intensity, extreme volume. The new brush and saturated Carbon Black formula delivers immediate volume for an ultra black \u201cfalse lash effect\u201d. The caring formula infused with walnut extract from the YSL Beauty Ourika gardens, and Argan oil, for enhanced and supple eyelashes.",
        "additional_information": "{\n    \"made in\": \"France\",\n    \"Warning Hints\": \"Avoid eye contact. Keep away from direct heat and sunlight.\",\n    \"Item Number\": \"1484960\",\n    \"Product Series\": \"Mascara Set\",\n    \"Net Weight\": \"0.015 kg\",\n    \"Package Height\": \"14.3 cm\",\n    \"Package Length\": \"4 cm\",\n    \"Package Width\": \"2.2 cm\"\n}"
    },
    {
        "product_name": "Yves Saint Laurent Rouge Pur Couture Reno Lipstick N N10",
        "brand_name": "Yves Saint Laurent",
        "brand_url": "https://shop.frankfurt-airport.com/en-US/brand/yves-saint-laurent",
        "retailer_name": "Frankfurt Duty Free",
        "retailer_url": "https://shop.frankfurt-airport.com/en-US/retailer/heinemann",
        "price": "\u20ac38.99",
        "price_per_quantity": "\u20ac1,026.05 / 100  g",
        "description": "Pure color, instant lip fusion. Pure care for (up to) 16h comfort.* Pure couture satin look.Pure color, instant lip fusion. Pure care for (up to) 16h comfort.* Pure couture satin look.",
        "additional_information": "{\n    \"Order Amount\": \"3.8 g\",\n    \"made in\": \"France\",\n    \"Warning Hints\": \"Avoid eye contact. Keep away from direct heat and sunlight.\",\n    \"Item Number\": \"1606877\",\n    \"Manufacturer Color\": \"N10\",\n    \"Product Series\": \"Rouge Pur Couture\",\n    \"Net Weight\": \"0.004 kg\",\n    \"Package Height\": \"8 cm\",\n    \"Package Length\": \"2.4 cm\",\n    \"Package Width\": \"2.4 cm\"\n}"
    },
    {
        "product_name": "Yves Saint Laurent Libre Flowers and Flames Eau de Parfum Florale 50 ml",
        "brand_name": "Yves Saint Laurent",
        "brand_url": "https://shop.frankfurt-airport.com/en-US/brand/yves-saint-laurent",
        "retailer_name": "Frankfurt Duty Free",
        "retailer_url": "https://shop.frankfurt-airport.com/en-US/retailer/heinemann",
        "price": "\u20ac97.99",
        "price_per_quantity": "\u20ac195.98 / 100  ml",
        "description": "Yves Saint Laurent Libre Flowers and Flames Eau de Parfum Florale 50 ml FLOWERS, THE HOTTEST WAY. LIBRE FLOWERS & FLAMES IS A NEW SULTRY FLORAL BLAST. A SEXY WARM REINTERPRATATION OF LIBRE, DELIBERATLY SENSUAL & FLORAL. THE HOT & POWERFUL LILY FROM THE DESERT BLENDS WITH THE SOLAR & CREAMY COCO PALM TREE FLOWER, FOR A BLAZING YET COMFORTING SCENT.Yves Saint Laurent Libre Flowers and Flames Eau de Parfum Florale 50 ml FLOWERS, THE HOTTEST WAY. LIBRE FLOWERS & FLAMES IS A NEW SULTRY FLORAL BLAST. A SEXY WARM REINTERPRATATION OF LIBRE, DELIBERATLY SENSUAL & FLORAL. THE HOT & POWERFUL LILY FROM THE DESERT BLENDS WITH THE SOLAR & CREAMY COCO PALM TREE FLOWER, FOR A BLAZING YET COMFORTING SCENT.",
        "additional_information": "{\n    \"Order Amount\": \"50 ml\",\n    \"Target Gender\": \"Female\",\n    \"made in\": \"France\",\n    \"Type of Fragrance\": \"Eau De Parfum\",\n    \"Warning Hints\": \"Avoid eye contact. Keep away from direct heat and sunlight.\",\n    \"Item Number\": \"1646560\",\n    \"Product Series\": \"Libre\",\n    \"Net Weight\": \"0.05 kg\",\n    \"Package Height\": \"11.95 cm\",\n    \"Package Length\": \"4.1 cm\",\n    \"Package Width\": \"6.4 cm\"\n}"
    },
    {
        "product_name": "YSL Rouge Pur Velvet Radical Lipstick N 305",
        "brand_name": "Yves Saint Laurent",
        "brand_url": "https://shop.frankfurt-airport.com/en-US/brand/yves-saint-laurent",
        "retailer_name": "Frankfurt Duty Free",
        "retailer_url": "https://shop.frankfurt-airport.com/en-US/retailer/heinemann",
        "price": "\u20ac38.99",
        "price_per_quantity": "\u20ac1,529.02 / 100  g",
        "description": "Intensely pigmented velvet matte lipstick with lasting wear of intense colour. 67% caring ingredients including roast leaf extract from YSL BEAUT\u00c9 OURIKA GARDENS offer weightless comfort. Square bullet makes the application easy and ultra precise.Intensely pigmented velvet matte lipstick with lasting wear of intense colour. 67% caring ingredients including roast leaf extract from YSL BEAUT\u00c9 OURIKA GARDENS offer weightless comfort. Square bullet makes the application easy and ultra precise.",
        "additional_information": "{\n    \"Order Amount\": \"2.55 g\",\n    \"made in\": \"France\",\n    \"Warning Hints\": \"Avoid eye contact. Keep away from direct heat and sunlight.\",\n    \"Item Number\": \"1490460\",\n    \"Product Series\": \"Rouge Pur Couture The Slim\",\n    \"Net Weight\": \"0.003 kg\",\n    \"Package Height\": \"10.2 cm\",\n    \"Package Length\": \"1.75 cm\",\n    \"Package Width\": \"1.75 cm\"\n}"
    },
    {
        "product_name": "Yves Saint Laurent Rouge Volupte Loveshine Lipstick N 12",
        "brand_name": "Yves Saint Laurent",
        "brand_url": "https://shop.frankfurt-airport.com/en-US/brand/yves-saint-laurent",
        "retailer_name": "Frankfurt Duty Free",
        "retailer_url": "https://shop.frankfurt-airport.com/en-US/retailer/heinemann",
        "price": "\u20ac35.99",
        "price_per_quantity": "\u20ac1,124.69 / 100  g",
        "description": "WHAT IT IS: A wet shine lipstick that quenches your thirsty lips with 24H dripping hydration leaving juicy wet shine. Experience our  unique transformative texture - from lipstick to wet-shine lip oil. Indulge in luscious colors so easily buildable. BENEFITS: Up to  24H dripping hydration and water loss prevention. Lips feel hydrated, nourished and protected. Give in to the caring formula enriched with fig pulp from Ourika community garden and 6 pure nourishing oils for visibly softer and healthier looking lips. FINISH  & EFFECT: Light reflecting semi-sheer wet shine finish and buildable color payoff. Lips that are luscious and healthy-looking. Layer for more shine and color payoff.WHAT IT IS: A wet shine lipstick that quenches your thirsty lips with 24H dripping hydration leaving juicy wet shine. Experience our  unique transformative texture - from lipstick to wet-shine lip oil. Indulge in luscious colors so easily buildable. BENEFITS: Up to  24H dripping hydration and water loss prevention. Lips feel hydrated, nourished and protected. Give in to the caring formula enriched with fig pulp from Ourika community garden and 6 pure nourishing oils for visibly softer and healthier looking lips. FINISH  & EFFECT: Light reflecting semi-sheer wet shine finish and buildable color payoff. Lips that are luscious and healthy-looking. Layer for more shine and color payoff.",
        "additional_information": "{\n    \"Order Amount\": \"3.2 g\",\n    \"made in\": \"France\",\n    \"Warning Hints\": \"Avoid eye contact. Keep away from direct heat and sunlight.\",\n    \"Item Number\": \"1622401\",\n    \"Manufacturer Color\": \"No. 12\",\n    \"Product Series\": \"Rouge Volupte\",\n    \"Net Weight\": \"0.003 kg\",\n    \"Package Height\": \"8.5 cm\",\n    \"Package Length\": \"2.4 cm\",\n    \"Package Width\": \"2.5 cm\"\n}"
    },
    {
        "product_name": "Yves Saint Laurent Rouge Pur Couture Reno Lipstick Refill N NM",
        "brand_name": "Yves Saint Laurent",
        "brand_url": "https://shop.frankfurt-airport.com/en-US/brand/yves-saint-laurent",
        "retailer_name": "Frankfurt Duty Free",
        "retailer_url": "https://shop.frankfurt-airport.com/en-US/retailer/heinemann",
        "price": "\u20ac29.99",
        "price_per_quantity": "\u20ac789.21 / 100  g",
        "description": "Pure color, instant lip fusion. Pure care for (up to) 16h comfort.* Pure couture satin look.Pure color, instant lip fusion. Pure care for (up to) 16h comfort.* Pure couture satin look.",
        "additional_information": "{\n    \"Order Amount\": \"3.8 g\",\n    \"made in\": \"France\",\n    \"Warning Hints\": \"Avoid eye contact. Keep away from direct heat and sunlight.\",\n    \"Item Number\": \"1606797\",\n    \"Manufacturer Color\": \"NM\",\n    \"Product Series\": \"Rouge Pur Couture\",\n    \"Net Weight\": \"0.004 kg\",\n    \"Package Height\": \"6 cm\",\n    \"Package Length\": \"2.1 cm\",\n    \"Package Width\": \"2.1 cm\"\n}"
    },
    {
        "product_name": "Yves Saint Laurent Rouge Pur Couture Reno Lipstick Refill N OM",
        "brand_name": "Yves Saint Laurent",
        "brand_url": "https://shop.frankfurt-airport.com/en-US/brand/yves-saint-laurent",
        "retailer_name": "Frankfurt Duty Free",
        "retailer_url": "https://shop.frankfurt-airport.com/en-US/retailer/heinemann",
        "price": "\u20ac29.99",
        "price_per_quantity": "\u20ac789.21 / 100  g",
        "description": "Pure color, instant lip fusion. Pure care for (up to) 16h comfort.* Pure couture satin look.Pure color, instant lip fusion. Pure care for (up to) 16h comfort.* Pure couture satin look.",
        "additional_information": "{\n    \"Order Amount\": \"3.8 g\",\n    \"made in\": \"France\",\n    \"Warning Hints\": \"Avoid eye contact. Keep away from direct heat and sunlight.\",\n    \"Item Number\": \"1606707\",\n    \"Manufacturer Color\": \"OM\",\n    \"Product Series\": \"Rouge Pur Couture\",\n    \"Net Weight\": \"0.004 kg\",\n    \"Package Height\": \"6 cm\",\n    \"Package Length\": \"2.1 cm\",\n    \"Package Width\": \"2.1 cm\"\n}"
    },
    {
        "product_name": "Yves Saint Laurent Lines Liberated Eyeliner N 07",
        "brand_name": "Yves Saint Laurent",
        "brand_url": "https://shop.frankfurt-airport.com/en-US/brand/yves-saint-laurent",
        "retailer_name": "Frankfurt Duty Free",
        "retailer_url": "https://shop.frankfurt-airport.com/en-US/retailer/heinemann",
        "price": "\u20ac33.99",
        "price_per_quantity": "\u20ac2,832.50 / 100  g",
        "description": "The new YSL Beauty Eye Pencils. Highly pigmented, highly blendable 24H wear. Smudge-resistant. Waterproof. Dare to discover unbridled pigments with a shot of invigorating color in 1 stroke. Ultra-charged pigments for boldly vibrant matte, satin matte & chrome finishes. Indulge in ultra-gliding high-pleasure texture. Experience the 3-in-1 slant-angle brush to sculpt, blend & stretch your look. Enjoy the enriched formula with cactus fig oil with the exclusive YSL Beauty Ourika Community Gardens for all day comfort . Available in 12 hyper-charged shades.The new YSL Beauty Eye Pencils. Highly pigmented, highly blendable 24H wear. Smudge-resistant. Waterproof. Dare to discover unbridled pigments with a shot of invigorating color in 1 stroke. Ultra-charged pigments for boldly vibrant matte, satin matte & chrome finishes. Indulge in ultra-gliding high-pleasure texture. Experience the 3-in-1 slant-angle brush to sculpt, blend & stretch your look. Enjoy the enriched formula with cactus fig oil with the exclusive YSL Beauty Ourika Community Gardens for all day comfort . Available in 12 hyper-charged shades.",
        "additional_information": "{\n    \"Order Amount\": \"1.2 g\",\n    \"made in\": \"Germany\",\n    \"Warning Hints\": \"Avoid eye contact. Keep away from direct heat and sunlight.\",\n    \"Item Number\": \"1626112\",\n    \"Manufacturer Color\": \"No. 07\",\n    \"Product Series\": \"Lines Liberated\",\n    \"Net Weight\": \"0.001 kg\",\n    \"Package Height\": \"16.2 cm\",\n    \"Package Length\": \"1.45 cm\",\n    \"Package Width\": \"1.45 cm\"\n}"
    },
    {
        "product_name": "Yves Saint Laurent Rouge Pur Couture Reno Lipstick N R4",
        "brand_name": "Yves Saint Laurent",
        "brand_url": "https://shop.frankfurt-airport.com/en-US/brand/yves-saint-laurent",
        "retailer_name": "Frankfurt Duty Free",
        "retailer_url": "https://shop.frankfurt-airport.com/en-US/retailer/heinemann",
        "price": "\u20ac38.99",
        "price_per_quantity": "\u20ac1,026.05 / 100  g",
        "description": "Pure color, instant lip fusion. Pure care for (up to) 16h comfort.* Pure couture satin look.Pure color, instant lip fusion. Pure care for (up to) 16h comfort.* Pure couture satin look.",
        "additional_information": "{\n    \"Order Amount\": \"3.8 g\",\n    \"made in\": \"France\",\n    \"Warning Hints\": \"Avoid eye contact. Keep away from direct heat and sunlight.\",\n    \"Item Number\": \"1606873\",\n    \"Manufacturer Color\": \"R4\",\n    \"Product Series\": \"Rouge Pur Couture\",\n    \"Net Weight\": \"0.004 kg\",\n    \"Package Height\": \"8 cm\",\n    \"Package Length\": \"2.4 cm\",\n    \"Package Width\": \"2.4 cm\"\n}"
    },
    {
        "product_name": "Yves Saint Laurent Y Elixir Eau de Parfum 60 ml",
        "brand_name": "Yves Saint Laurent",
        "brand_url": "https://shop.frankfurt-airport.com/en-US/brand/yves-saint-laurent",
        "retailer_name": "Frankfurt Duty Free",
        "retailer_url": "https://shop.frankfurt-airport.com/en-US/retailer/heinemann",
        "price": "\u20ac99.99",
        "price_per_quantity": "\u20ac166.65 / 100  ml",
        "description": "Yves Saint Laurent Y Elixir Eau de Parfum 60ml Men's FragrancesYves Saint Laurent Y Elixir Eau de Parfum 60ml Men's Fragrances",
        "additional_information": "{\n    \"Order Amount\": \"60 ml\",\n    \"Target Gender\": \"Male\",\n    \"made in\": \"France\",\n    \"Type of Fragrance\": \"Eau De Parfum\",\n    \"Item Number\": \"1618341\",\n    \"Product Series\": \"Y\",\n    \"Net Weight\": \"0.06 kg\",\n    \"Package Height\": \"12 cm\",\n    \"Package Length\": \"5 cm\",\n    \"Package Width\": \"6 cm\"\n}"
    },
    {
        "product_name": "YSL Rouge Pur Velvet Radical Lipstick N 307",
        "brand_name": "Yves Saint Laurent",
        "brand_url": "https://shop.frankfurt-airport.com/en-US/brand/yves-saint-laurent",
        "retailer_name": "Frankfurt Duty Free",
        "retailer_url": "https://shop.frankfurt-airport.com/en-US/retailer/heinemann",
        "price": "\u20ac38.99",
        "price_per_quantity": "\u20ac1,529.02 / 100  g",
        "description": "Intensely pigmented velvet matte lipstick with lasting wear of intense colour. 67% caring ingredients including roast leaf extract from YSL BEAUT\u00c9 OURIKA GARDENS offer weightless comfort. Square bullet makes the application easy and ultra precise.Intensely pigmented velvet matte lipstick with lasting wear of intense colour. 67% caring ingredients including roast leaf extract from YSL BEAUT\u00c9 OURIKA GARDENS offer weightless comfort. Square bullet makes the application easy and ultra precise.",
        "additional_information": "{\n    \"Order Amount\": \"2.55 g\",\n    \"made in\": \"France\",\n    \"Warning Hints\": \"Avoid eye contact. Keep away from direct heat and sunlight.\",\n    \"Item Number\": \"1490461\",\n    \"Product Series\": \"Rouge Pur Couture The Slim\",\n    \"Net Weight\": \"0.003 kg\",\n    \"Package Height\": \"10.2 cm\",\n    \"Package Length\": \"1.75 cm\",\n    \"Package Width\": \"1.75 cm\"\n}"
    },
    {
        "product_name": "Yves Saint Laurent Rouge Pur Couture Reno Lipstick Refill N RM",
        "brand_name": "Yves Saint Laurent",
        "brand_url": "https://shop.frankfurt-airport.com/en-US/brand/yves-saint-laurent",
        "retailer_name": "Frankfurt Duty Free",
        "retailer_url": "https://shop.frankfurt-airport.com/en-US/retailer/heinemann",
        "price": "\u20ac29.99",
        "price_per_quantity": "\u20ac789.21 / 100  g",
        "description": "Pure color, instant lip fusion. Pure care for (up to) 16h comfort.* Pure couture satin look.Pure color, instant lip fusion. Pure care for (up to) 16h comfort.* Pure couture satin look.",
        "additional_information": "{\n    \"Order Amount\": \"3.8 g\",\n    \"made in\": \"France\",\n    \"Warning Hints\": \"Avoid eye contact. Keep away from direct heat and sunlight.\",\n    \"Item Number\": \"1606796\",\n    \"Manufacturer Color\": \"RM\",\n    \"Product Series\": \"Rouge Pur Couture\",\n    \"Net Weight\": \"0.004 kg\",\n    \"Package Height\": \"6 cm\",\n    \"Package Length\": \"2.1 cm\",\n    \"Package Width\": \"2.1 cm\"\n}"
    },
    {
        "product_name": "Yves Saint Laurent Lash Clash Waterproof Mascara N 1 Black",
        "brand_name": "Yves Saint Laurent",
        "brand_url": "https://shop.frankfurt-airport.com/en-US/brand/yves-saint-laurent",
        "retailer_name": "Frankfurt Duty Free",
        "retailer_url": "https://shop.frankfurt-airport.com/en-US/retailer/heinemann",
        "price": "\u20ac29.99",
        "price_per_quantity": "\u20ac333.22 / 100  ml",
        "description": "Yves Saint Laurent Lash Clash Mascara WP 9ml Color Cosmetic EyesYves Saint Laurent Lash Clash Mascara WP 9ml Color Cosmetic Eyes",
        "additional_information": "{\n    \"Order Amount\": \"9 ml\",\n    \"made in\": \"France\",\n    \"Item Number\": \"1618335\",\n    \"Manufacturer Color\": \"No. 1 - Black\",\n    \"Product Series\": \"Lash Clash\",\n    \"Net Weight\": \"0.009 kg\",\n    \"Package Height\": \"14 cm\",\n    \"Package Length\": \"2.5 cm\",\n    \"Package Width\": \"2.5 cm\"\n}"
    },
    {
        "product_name": "Yves Saint Laurent Rouge Pur Couture Reno Lipstick N R1971",
        "brand_name": "Yves Saint Laurent",
        "brand_url": "https://shop.frankfurt-airport.com/en-US/brand/yves-saint-laurent",
        "retailer_name": "Frankfurt Duty Free",
        "retailer_url": "https://shop.frankfurt-airport.com/en-US/retailer/heinemann",
        "price": "\u20ac38.99",
        "price_per_quantity": "\u20ac1,026.05 / 100  g",
        "description": "Pure color, instant lip fusion. Pure care for (up to) 16h comfort.* Pure couture satin look.Pure color, instant lip fusion. Pure care for (up to) 16h comfort.* Pure couture satin look.",
        "additional_information": "{\n    \"Order Amount\": \"3.8 g\",\n    \"made in\": \"France\",\n    \"Warning Hints\": \"Avoid eye contact. Keep away from direct heat and sunlight.\",\n    \"Item Number\": \"1606771\",\n    \"Manufacturer Color\": \"R1971\",\n    \"Product Series\": \"Rouge Pur Couture\",\n    \"Net Weight\": \"0.004 kg\",\n    \"Package Height\": \"8 cm\",\n    \"Package Length\": \"2.4 cm\",\n    \"Package Width\": \"2.4 cm\"\n}"
    },
    {
        "product_name": "Yves Saint Laurent Rouge Pur Couture Reno Lipstick N N157",
        "brand_name": "Yves Saint Laurent",
        "brand_url": "https://shop.frankfurt-airport.com/en-US/brand/yves-saint-laurent",
        "retailer_name": "Frankfurt Duty Free",
        "retailer_url": "https://shop.frankfurt-airport.com/en-US/retailer/heinemann",
        "price": "\u20ac38.99",
        "price_per_quantity": "\u20ac1,026.05 / 100  g",
        "description": "Pure color, instant lip fusion. Pure care for (up to) 16h comfort.* Pure couture satin look.Pure color, instant lip fusion. Pure care for (up to) 16h comfort.* Pure couture satin look.",
        "additional_information": "{\n    \"Order Amount\": \"3.8 g\",\n    \"made in\": \"France\",\n    \"Warning Hints\": \"Avoid eye contact. Keep away from direct heat and sunlight.\",\n    \"Item Number\": \"1606772\",\n    \"Manufacturer Color\": \"N157\",\n    \"Product Series\": \"Rouge Pur Couture\",\n    \"Net Weight\": \"0.004 kg\",\n    \"Package Height\": \"8 cm\",\n    \"Package Length\": \"2.4 cm\",\n    \"Package Width\": \"2.4 cm\"\n}"
    },
    {
        "product_name": "Yves Saint Laurent Le Teint Touche Eclat Creme Foundation N B20 Beige 25 ml",
        "brand_name": "Yves Saint Laurent",
        "brand_url": "https://shop.frankfurt-airport.com/en-US/brand/yves-saint-laurent",
        "retailer_name": "Frankfurt Duty Free",
        "retailer_url": "https://shop.frankfurt-airport.com/en-US/retailer/heinemann",
        "price": "\u20ac48.99",
        "price_per_quantity": "\u20ac195.96 / 100  ml",
        "description": "The 1st YSL full coverage foundation with radiance that lasts. Lasting radiance: formula with natural-origin Macadamia oil enhances skin\u2019s luminosity all day long. Full coverage: the unique pigment coating technology from YSL provides full coverage, even make-up results in a weightless creamy texture. 24H hydration: empowered by 86% skin-reglow cream and enriched with marigold bloom as well as mallow flower to protect skin from dryness and pollution. Skin appears brighter, more even-toned. Tested under dermatological control. Suitable for sensitive skin. Non-comedogenic.The 1st YSL full coverage foundation with radiance that lasts. Lasting radiance: formula with natural-origin Macadamia oil enhances skin\u2019s luminosity all day long. Full coverage: the unique pigment coating technology from YSL provides full coverage, even make-up results in a weightless creamy texture. 24H hydration: empowered by 86% skin-reglow cream and enriched with marigold bloom as well as mallow flower to protect skin from dryness and pollution. Skin appears brighter, more even-toned. Tested under dermatological control. Suitable for sensitive skin. Non-comedogenic.",
        "additional_information": "{\n    \"Order Amount\": \"25 ml\",\n    \"made in\": \"France\",\n    \"Warning Hints\": \"Avoid eye contact. Keep away from direct heat and sunlight.\",\n    \"Item Number\": \"1454852\",\n    \"Manufacturer Color\": \"BEIGE\",\n    \"Product Series\": \"Touche Eclat\",\n    \"Net Weight\": \"0.025 kg\",\n    \"Package Height\": \"11.7 cm\",\n    \"Package Length\": \"3.3 cm\",\n    \"Package Width\": \"3.8 cm\"\n}"
    },
    {
        "product_name": "Yves Saint Laurent Lines Liberated Eyeliner N 03",
        "brand_name": "Yves Saint Laurent",
        "brand_url": "https://shop.frankfurt-airport.com/en-US/brand/yves-saint-laurent",
        "retailer_name": "Frankfurt Duty Free",
        "retailer_url": "https://shop.frankfurt-airport.com/en-US/retailer/heinemann",
        "price": "\u20ac33.99",
        "price_per_quantity": "\u20ac2,832.50 / 100  g",
        "description": "The new YSL Beauty Eye Pencils. Highly pigmented, highly blendable 24H wear. Smudge-resistant. Waterproof. Dare to discover unbridled pigments with a shot of invigorating color in 1 stroke. Ultra-charged pigments for boldly vibrant matte, satin matte & chrome finishes. Indulge in ultra-gliding high-pleasure texture. Experience the 3-in-1 slant-angle brush to sculpt, blend & stretch your look. Enjoy the enriched formula with cactus fig oil with the exclusive YSL Beauty Ourika Community Gardens for all day comfort . Available in 12 hyper-charged shades.The new YSL Beauty Eye Pencils. Highly pigmented, highly blendable 24H wear. Smudge-resistant. Waterproof. Dare to discover unbridled pigments with a shot of invigorating color in 1 stroke. Ultra-charged pigments for boldly vibrant matte, satin matte & chrome finishes. Indulge in ultra-gliding high-pleasure texture. Experience the 3-in-1 slant-angle brush to sculpt, blend & stretch your look. Enjoy the enriched formula with cactus fig oil with the exclusive YSL Beauty Ourika Community Gardens for all day comfort . Available in 12 hyper-charged shades.",
        "additional_information": "{\n    \"Order Amount\": \"1.2 g\",\n    \"made in\": \"Germany\",\n    \"Warning Hints\": \"Avoid eye contact. Keep away from direct heat and sunlight.\",\n    \"Item Number\": \"1626110\",\n    \"Manufacturer Color\": \"No. 03\",\n    \"Product Series\": \"Lines Liberated\",\n    \"Net Weight\": \"0.001 kg\",\n    \"Package Height\": \"16.2 cm\",\n    \"Package Length\": \"1.45 cm\",\n    \"Package Width\": \"1.45 cm\"\n}"
    },
    {
        "product_name": "Yves Saint Laurent Rouge Pur Couture The Slim Lipstick Nr. 27",
        "brand_name": "Yves Saint Laurent",
        "brand_url": "https://shop.frankfurt-airport.com/en-US/brand/yves-saint-laurent",
        "retailer_name": "Frankfurt Duty Free",
        "retailer_url": "https://shop.frankfurt-airport.com/en-US/retailer/heinemann",
        "price": "\u20ac38.99",
        "price_per_quantity": "\u20ac1,772.27 / 100  g",
        "description": "Leather-matte finish in a square tapered bullet. Utmost precision. Couture colours & total coverage in one coat. Flexible & comfortable wear all day.Leather-matte finish in a square tapered bullet. Utmost precision. Couture colours & total coverage in one coat. Flexible & comfortable wear all day.",
        "additional_information": "{\n    \"Order Amount\": \"2.2 g\",\n    \"made in\": \"France\",\n    \"Warning Hints\": \"Avoid eye contact. Keep away from direct heat and sunlight.\",\n    \"Item Number\": \"1454834\",\n    \"Manufacturer Color\": \"No. 27 - Red\",\n    \"Product Series\": \"Rouge Pur Couture The Slim\",\n    \"Net Weight\": \"0.003 kg\",\n    \"Package Height\": \"10.2 cm\",\n    \"Package Length\": \"1.8 cm\",\n    \"Package Width\": \"1.8 cm\"\n}"
    },
    {
        "product_name": "Yves Saint Laurent Rouge Pur Couture Reno Lipstick N N1",
        "brand_name": "Yves Saint Laurent",
        "brand_url": "https://shop.frankfurt-airport.com/en-US/brand/yves-saint-laurent",
        "retailer_name": "Frankfurt Duty Free",
        "retailer_url": "https://shop.frankfurt-airport.com/en-US/retailer/heinemann",
        "price": "\u20ac38.99",
        "price_per_quantity": "\u20ac1,026.05 / 100  g",
        "description": "Pure color, instant lip fusion. Pure care for (up to) 16h comfort.* Pure couture satin look.Pure color, instant lip fusion. Pure care for (up to) 16h comfort.* Pure couture satin look.",
        "additional_information": "{\n    \"Order Amount\": \"3.8 g\",\n    \"made in\": \"France\",\n    \"Warning Hints\": \"Avoid eye contact. Keep away from direct heat and sunlight.\",\n    \"Item Number\": \"1606876\",\n    \"Manufacturer Color\": \"N1\",\n    \"Product Series\": \"Rouge Pur Couture\",\n    \"Net Weight\": \"0.004 kg\",\n    \"Package Height\": \"7.85 cm\",\n    \"Package Length\": \"2.4 cm\",\n    \"Package Width\": \"2.4 cm\"\n}"
    },
    {
        "product_name": "Yves Saint Laurent Rouge Pur Couture Reno Lipstick N R21",
        "brand_name": "Yves Saint Laurent",
        "brand_url": "https://shop.frankfurt-airport.com/en-US/brand/yves-saint-laurent",
        "retailer_name": "Frankfurt Duty Free",
        "retailer_url": "https://shop.frankfurt-airport.com/en-US/retailer/heinemann",
        "price": "\u20ac38.99",
        "price_per_quantity": "\u20ac1,026.05 / 100  g",
        "description": "Pure color, instant lip fusion. Pure care for (up to) 16h comfort.* Pure couture satin look.Pure color, instant lip fusion. Pure care for (up to) 16h comfort.* Pure couture satin look.",
        "additional_information": "{\n    \"Order Amount\": \"3.8 g\",\n    \"made in\": \"France\",\n    \"Warning Hints\": \"Avoid eye contact. Keep away from direct heat and sunlight.\",\n    \"Item Number\": \"1606872\",\n    \"Manufacturer Color\": \"R21\",\n    \"Product Series\": \"Rouge Pur Couture\",\n    \"Net Weight\": \"0.004 kg\",\n    \"Package Height\": \"8 cm\",\n    \"Package Length\": \"2.4 cm\",\n    \"Package Width\": \"2.4 cm\"\n}"
    },
    {
        "product_name": "Yves Saint Laurent Black Opium Over Red Eau de Parfum 50 ml",
        "brand_name": "Yves Saint Laurent",
        "brand_url": "https://shop.frankfurt-airport.com/en-US/brand/yves-saint-laurent",
        "retailer_name": "Frankfurt Duty Free",
        "retailer_url": "https://shop.frankfurt-airport.com/en-US/retailer/heinemann",
        "price": "\u20ac97.99",
        "price_per_quantity": "\u20ac195.98 / 100  ml",
        "description": "BLACK OPIUM EAU DE PARFUM OVER RED IS THE OVER SENSORIAL CHERRY FRAGRANCE BY YVES SAINT LAURENTBLACK OPIUM EAU DE PARFUM OVER RED IS THE OVER SENSORIAL CHERRY FRAGRANCE BY YVES SAINT LAURENT",
        "additional_information": "{\n    \"Order Amount\": \"50 ml\",\n    \"Target Gender\": \"Female\",\n    \"made in\": \"France\",\n    \"Type of Fragrance\": \"Eau De Parfum\",\n    \"Warning Hints\": \"Avoid eye contact. Keep away from direct heat and sunlight.\",\n    \"Item Number\": \"1612381\",\n    \"Product Series\": \"Black Opium\",\n    \"Net Weight\": \"0.05 kg\",\n    \"Package Height\": \"11.4 cm\",\n    \"Package Length\": \"8 cm\",\n    \"Package Width\": \"3.5 cm\"\n}"
    },
    {
        "product_name": "Yves Saint Laurent Rouge Volupte Loveshine Candy Glaze Lipstick N 05 Pink Satisfaction",
        "brand_name": "Yves Saint Laurent",
        "brand_url": "https://shop.frankfurt-airport.com/en-US/brand/yves-saint-laurent",
        "retailer_name": "Frankfurt Duty Free",
        "retailer_url": "https://shop.frankfurt-airport.com/en-US/retailer/heinemann",
        "price": "\u20ac35.99",
        "price_per_quantity": "\u20ac1,124.69 / 100  g",
        "description": "WHAT IT IS: A glazed shine lip gloss in a stick for plumper fuller lips. Addictive juicy colors for the most kissable pout. Jelly-like texture melts over your lips without stickiness. BENEFITS: 24H moisturized feel with a care-rich formula. Infused with pomegranate from our Ourika Community Garden, hyaluronic acid and vitamin E, it instantly makes your lips look visibly plumper & fuller. FINISH & EFFECT: Glazed shine and high color payoff in one stroke. Visibly plumper & fuller lips.WHAT IT IS: A glazed shine lip gloss in a stick for plumper fuller lips. Addictive juicy colors for the most kissable pout. Jelly-like texture melts over your lips without stickiness. BENEFITS: 24H moisturized feel with a care-rich formula. Infused with pomegranate from our Ourika Community Garden, hyaluronic acid and vitamin E, it instantly makes your lips look visibly plumper & fuller. FINISH & EFFECT: Glazed shine and high color payoff in one stroke. Visibly plumper & fuller lips.",
        "additional_information": "{\n    \"Order Amount\": \"3.2 g\",\n    \"made in\": \"Korea \\u2013 Republic Of\",\n    \"Warning Hints\": \"Avoid eye contact. Keep away from direct heat and sunlight.\",\n    \"Item Number\": \"1587103\",\n    \"Manufacturer Color\": \"No. 05 - Pink Satisfaction\",\n    \"Product Series\": \"Rouge Volupte\",\n    \"Net Weight\": \"0.003 kg\",\n    \"Package Height\": \"8.3 cm\",\n    \"Package Length\": \"2.2 cm\",\n    \"Package Width\": \"2.2 cm\"\n}"
    },
    {
        "product_name": "Yves Saint Laurent Couture Baby Clutch Eye Shadow Palette Over Orange",
        "brand_name": "Yves Saint Laurent",
        "brand_url": "https://shop.frankfurt-airport.com/en-US/brand/yves-saint-laurent",
        "retailer_name": "Frankfurt Duty Free",
        "retailer_url": "https://shop.frankfurt-airport.com/en-US/retailer/heinemann",
        "price": "\u20ac59.99",
        "price_per_quantity": "\u20ac1,499.75 / 100  g",
        "description": "Introducing Couture Mini Clutch, YSL Beauty\u2019s new couture object of desire that makes a statement before you even open it. Tone-on-tone palettes of four eye-sculpting colours to express your edge with high intensity pigments. Couture-inspired chromatics and luxurious finishes that take your gaze to a new dimension.Introducing Couture Mini Clutch, YSL Beauty\u2019s new couture object of desire that makes a statement before you even open it. Tone-on-tone palettes of four eye-sculpting colours to express your edge with high intensity pigments. Couture-inspired chromatics and luxurious finishes that take your gaze to a new dimension.",
        "additional_information": "{\n    \"Order Amount\": \"4 g\",\n    \"made in\": \"Italy\",\n    \"Warning Hints\": \"Avoid eye contact. Keep away from direct heat and sunlight.\",\n    \"Item Number\": \"1625748\",\n    \"Manufacturer Color\": \"Over Orange\",\n    \"Product Series\": \"Couture Baby Clutch\",\n    \"Net Weight\": \"0.004 kg\",\n    \"Package Height\": \"2.5 cm\",\n    \"Package Length\": \"8.7 cm\",\n    \"Package Width\": \"6.6 cm\"\n}"
    },
    {
        "product_name": "Yves Saint Laurent Rouge Pur Couture The Slim Lipstick Nr. 28",
        "brand_name": "Yves Saint Laurent",
        "brand_url": "https://shop.frankfurt-airport.com/en-US/brand/yves-saint-laurent",
        "retailer_name": "Frankfurt Duty Free",
        "retailer_url": "https://shop.frankfurt-airport.com/en-US/retailer/heinemann",
        "price": "\u20ac38.99",
        "price_per_quantity": "\u20ac1,772.27 / 100  g",
        "description": "Leather-matte finish in a square tapered bullet. Utmost precision. Couture colours & total coverage in one coat. Flexible & comfortable wear all day.Leather-matte finish in a square tapered bullet. Utmost precision. Couture colours & total coverage in one coat. Flexible & comfortable wear all day.",
        "additional_information": "{\n    \"Order Amount\": \"2.2 g\",\n    \"made in\": \"France\",\n    \"Warning Hints\": \"Avoid eye contact. Keep away from direct heat and sunlight.\",\n    \"Item Number\": \"1454833\",\n    \"Manufacturer Color\": \"No. 28 - CHILI\",\n    \"Product Series\": \"Rouge Pur Couture The Slim\",\n    \"Net Weight\": \"0.003 kg\",\n    \"Package Height\": \"10.2 cm\",\n    \"Package Length\": \"1.8 cm\",\n    \"Package Width\": \"1.8 cm\"\n}"
    },
    {
        "product_name": "Yves Saint Laurent Le Teint Touche Eclat Fluid Foundation N B90 Ebony 25 ml",
        "brand_name": "Yves Saint Laurent",
        "brand_url": "https://shop.frankfurt-airport.com/en-US/brand/yves-saint-laurent",
        "retailer_name": "Frankfurt Duty Free",
        "retailer_url": "https://shop.frankfurt-airport.com/en-US/retailer/heinemann",
        "price": "\u20ac48.99",
        "price_per_quantity": "\u20ac195.96 / 100  ml",
        "description": "This glow liquid foundation provides 24H* breathable medium coverage and 24H Hydration**. Infused with natural-origined Marigold & Mallow flowers coming from the YSL BEAUTY OURIKA COMMUNITY GARDENS, this formula provides a natural healthy glow for uncompromised flawless skin. The YSL Glowing Hydration ComplexTM with illuminating Mallow Flower and Glycerin, infuses skin with hydration for 24h preventing from dryness & dullness.This glow liquid foundation provides 24H* breathable medium coverage and 24H Hydration**. Infused with natural-origined Marigold & Mallow flowers coming from the YSL BEAUTY OURIKA COMMUNITY GARDENS, this formula provides a natural healthy glow for uncompromised flawless skin. The YSL Glowing Hydration ComplexTM with illuminating Mallow Flower and Glycerin, infuses skin with hydration for 24h preventing from dryness & dullness.",
        "additional_information": "{\n    \"Order Amount\": \"25 ml\",\n    \"made in\": \"France\",\n    \"Warning Hints\": \"Avoid eye contact. Keep away from direct heat and sunlight.\",\n    \"Item Number\": \"1471057\",\n    \"Manufacturer Color\": \"EBONY\",\n    \"Product Series\": \"Touche Eclat\",\n    \"Net Weight\": \"0.025 kg\",\n    \"Package Height\": \"11.65 cm\",\n    \"Package Length\": \"3.25 cm\",\n    \"Package Width\": \"3.75 cm\"\n}"
    },
    {
        "product_name": "Yves Saint Laurent Rouge Pur Couture Reno Lipstick N R1",
        "brand_name": "Yves Saint Laurent",
        "brand_url": "https://shop.frankfurt-airport.com/en-US/brand/yves-saint-laurent",
        "retailer_name": "Frankfurt Duty Free",
        "retailer_url": "https://shop.frankfurt-airport.com/en-US/retailer/heinemann",
        "price": "\u20ac38.99",
        "price_per_quantity": "\u20ac1,026.05 / 100  g",
        "description": "Pure color, instant lip fusion. Pure care for (up to) 16h comfort.* Pure couture satin look.Pure color, instant lip fusion. Pure care for (up to) 16h comfort.* Pure couture satin look.",
        "additional_information": "{\n    \"Order Amount\": \"3.8 g\",\n    \"made in\": \"France\",\n    \"Warning Hints\": \"Avoid eye contact. Keep away from direct heat and sunlight.\",\n    \"Item Number\": \"1606871\",\n    \"Manufacturer Color\": \"R1\",\n    \"Product Series\": \"Rouge Pur Couture\",\n    \"Net Weight\": \"0.004 kg\",\n    \"Package Height\": \"8 cm\",\n    \"Package Length\": \"2.4 cm\",\n    \"Package Width\": \"2.4 cm\"\n}"
    },
    {
        "product_name": "Yves Saint Laurent Le Teint Touche Eclat Fluid Foundation N BR25 Cool Beige 25 ml",
        "brand_name": "Yves Saint Laurent",
        "brand_url": "https://shop.frankfurt-airport.com/en-US/brand/yves-saint-laurent",
        "retailer_name": "Frankfurt Duty Free",
        "retailer_url": "https://shop.frankfurt-airport.com/en-US/retailer/heinemann",
        "price": "\u20ac48.99",
        "price_per_quantity": "\u20ac195.96 / 100  ml",
        "description": "This glow liquid foundation provides 24H* breathable medium coverage and 24H Hydration**. Infused with natural-origined Marigold & Mallow flowers coming from the YSL BEAUTY OURIKA COMMUNITY GARDENS, this formula provides a natural healthy glow for uncompromised flawless skin. The YSL Glowing Hydration ComplexTM with illuminating Mallow Flower and Glycerin, infuses skin with hydration for 24h preventing from dryness & dullness.This glow liquid foundation provides 24H* breathable medium coverage and 24H Hydration**. Infused with natural-origined Marigold & Mallow flowers coming from the YSL BEAUTY OURIKA COMMUNITY GARDENS, this formula provides a natural healthy glow for uncompromised flawless skin. The YSL Glowing Hydration ComplexTM with illuminating Mallow Flower and Glycerin, infuses skin with hydration for 24h preventing from dryness & dullness.",
        "additional_information": "{\n    \"Order Amount\": \"25 ml\",\n    \"made in\": \"France\",\n    \"Warning Hints\": \"Avoid eye contact. Keep away from direct heat and sunlight.\",\n    \"Item Number\": \"1471053\",\n    \"Manufacturer Color\": \"COOL BEIGE\",\n    \"Product Series\": \"Touche Eclat\",\n    \"Net Weight\": \"0.025 kg\",\n    \"Package Height\": \"11.65 cm\",\n    \"Package Length\": \"3.25 cm\",\n    \"Package Width\": \"3.75 cm\"\n}"
    },
    {
        "product_name": "Yves Saint Laurent Le Teint Touche Eclat Fluid Foundation N BD65 Warm Bronze 25 ml",
        "brand_name": "Yves Saint Laurent",
        "brand_url": "https://shop.frankfurt-airport.com/en-US/brand/yves-saint-laurent",
        "retailer_name": "Frankfurt Duty Free",
        "retailer_url": "https://shop.frankfurt-airport.com/en-US/retailer/heinemann",
        "price": "\u20ac48.99",
        "price_per_quantity": "\u20ac195.96 / 100  ml",
        "description": "This glow liquid foundation provides 24H* breathable medium coverage and 24H Hydration**. Infused with natural-origined Marigold & Mallow flowers coming from the YSL BEAUTY OURIKA COMMUNITY GARDENS, this formula provides a natural healthy glow for uncompromised flawless skin. The YSL Glowing Hydration ComplexTM with illuminating Mallow Flower and Glycerin, infuses skin with hydration for 24h preventing from dryness & dullness.This glow liquid foundation provides 24H* breathable medium coverage and 24H Hydration**. Infused with natural-origined Marigold & Mallow flowers coming from the YSL BEAUTY OURIKA COMMUNITY GARDENS, this formula provides a natural healthy glow for uncompromised flawless skin. The YSL Glowing Hydration ComplexTM with illuminating Mallow Flower and Glycerin, infuses skin with hydration for 24h preventing from dryness & dullness.",
        "additional_information": "{\n    \"Order Amount\": \"25 ml\",\n    \"made in\": \"France\",\n    \"Warning Hints\": \"Avoid eye contact. Keep away from direct heat and sunlight.\",\n    \"Item Number\": \"1471051\",\n    \"Manufacturer Color\": \"WARM BRONZE\",\n    \"Product Series\": \"Touche Eclat\",\n    \"Net Weight\": \"0.025 kg\",\n    \"Package Height\": \"11.65 cm\",\n    \"Package Length\": \"3.25 cm\",\n    \"Package Width\": \"3.75 cm\"\n}"
    },
    {
        "product_name": "Yves Saint Laurent Le Teint Touche Eclat Fluid Foundation N B40 Sand 25 ml",
        "brand_name": "Yves Saint Laurent",
        "brand_url": "https://shop.frankfurt-airport.com/en-US/brand/yves-saint-laurent",
        "retailer_name": "Frankfurt Duty Free",
        "retailer_url": "https://shop.frankfurt-airport.com/en-US/retailer/heinemann",
        "price": "\u20ac48.99",
        "price_per_quantity": "\u20ac195.96 / 100  ml",
        "description": "This glow liquid foundation provides 24H* breathable medium coverage and 24H Hydration**. Infused with natural-origined Marigold & Mallow flowers coming from the YSL BEAUTY OURIKA COMMUNITY GARDENS, this formula provides a natural healthy glow for uncompromised flawless skin. The YSL Glowing Hydration ComplexTM with illuminating Mallow Flower and Glycerin, infuses skin with hydration for 24h preventing from dryness & dullness.This glow liquid foundation provides 24H* breathable medium coverage and 24H Hydration**. Infused with natural-origined Marigold & Mallow flowers coming from the YSL BEAUTY OURIKA COMMUNITY GARDENS, this formula provides a natural healthy glow for uncompromised flawless skin. The YSL Glowing Hydration ComplexTM with illuminating Mallow Flower and Glycerin, infuses skin with hydration for 24h preventing from dryness & dullness.",
        "additional_information": "{\n    \"Order Amount\": \"25 ml\",\n    \"made in\": \"France\",\n    \"Warning Hints\": \"Avoid eye contact. Keep away from direct heat and sunlight.\",\n    \"Item Number\": \"1471061\",\n    \"Manufacturer Color\": \"SAND\",\n    \"Product Series\": \"Touche Eclat\",\n    \"Net Weight\": \"0.025 kg\",\n    \"Package Height\": \"11.65 cm\",\n    \"Package Length\": \"3.25 cm\",\n    \"Package Width\": \"3.75 cm\"\n}"
    },
    {
        "product_name": "Yves Saint Laurent Le Teint Touche Eclat Fluid Foundation N B10 Porcelain 25 ml",
        "brand_name": "Yves Saint Laurent",
        "brand_url": "https://shop.frankfurt-airport.com/en-US/brand/yves-saint-laurent",
        "retailer_name": "Frankfurt Duty Free",
        "retailer_url": "https://shop.frankfurt-airport.com/en-US/retailer/heinemann",
        "price": "\u20ac48.99",
        "price_per_quantity": "\u20ac195.96 / 100  ml",
        "description": "This glow liquid foundation provides 24H* breathable medium coverage and 24H Hydration**. Infused with natural-origined Marigold & Mallow flowers coming from the YSL BEAUTY OURIKA COMMUNITY GARDENS, this formula provides a natural healthy glow for uncompromised flawless skin. The YSL Glowing Hydration ComplexTM with illuminating Mallow Flower and Glycerin, infuses skin with hydration for 24h preventing from dryness & dullness.This glow liquid foundation provides 24H* breathable medium coverage and 24H Hydration**. Infused with natural-origined Marigold & Mallow flowers coming from the YSL BEAUTY OURIKA COMMUNITY GARDENS, this formula provides a natural healthy glow for uncompromised flawless skin. The YSL Glowing Hydration ComplexTM with illuminating Mallow Flower and Glycerin, infuses skin with hydration for 24h preventing from dryness & dullness.",
        "additional_information": "{\n    \"Order Amount\": \"25 ml\",\n    \"made in\": \"France\",\n    \"Warning Hints\": \"Avoid eye contact. Keep away from direct heat and sunlight.\",\n    \"Item Number\": \"1471066\",\n    \"Manufacturer Color\": \"PORCELAIN\",\n    \"Product Series\": \"Touche Eclat\",\n    \"Net Weight\": \"0.025 kg\",\n    \"Package Height\": \"11.65 cm\",\n    \"Package Length\": \"3.25 cm\",\n    \"Package Width\": \"3.75 cm\"\n}"
    },
    {
        "product_name": "Yves Saint Laurent Le Teint Touche Eclat Fluid Foundation N BR20 Cool Ivory 25 ml",
        "brand_name": "Yves Saint Laurent",
        "brand_url": "https://shop.frankfurt-airport.com/en-US/brand/yves-saint-laurent",
        "retailer_name": "Frankfurt Duty Free",
        "retailer_url": "https://shop.frankfurt-airport.com/en-US/retailer/heinemann",
        "price": "\u20ac48.99",
        "price_per_quantity": "\u20ac195.96 / 100  ml",
        "description": "This glow liquid foundation provides 24H* breathable medium coverage and 24H Hydration**. Infused with natural-origined Marigold & Mallow flowers coming from the YSL BEAUTY OURIKA COMMUNITY GARDENS, this formula provides a natural healthy glow for uncompromised flawless skin. The YSL Glowing Hydration ComplexTM with illuminating Mallow Flower and Glycerin, infuses skin with hydration for 24h preventing from dryness & dullness.This glow liquid foundation provides 24H* breathable medium coverage and 24H Hydration**. Infused with natural-origined Marigold & Mallow flowers coming from the YSL BEAUTY OURIKA COMMUNITY GARDENS, this formula provides a natural healthy glow for uncompromised flawless skin. The YSL Glowing Hydration ComplexTM with illuminating Mallow Flower and Glycerin, infuses skin with hydration for 24h preventing from dryness & dullness.",
        "additional_information": "{\n    \"Order Amount\": \"25 ml\",\n    \"made in\": \"France\",\n    \"Warning Hints\": \"Avoid eye contact. Keep away from direct heat and sunlight.\",\n    \"Item Number\": \"1471063\",\n    \"Manufacturer Color\": \"COOL IVORY\",\n    \"Product Series\": \"Touche Eclat\",\n    \"Net Weight\": \"0.025 kg\",\n    \"Package Height\": \"11.8 cm\",\n    \"Package Length\": \"3.8 cm\",\n    \"Package Width\": \"3.2 cm\"\n}"
    },
    {
        "product_name": "Yves Saint Laurent Le Teint Touche Eclat Fluid Foundation N BD40 Warm Sand 25 ml",
        "brand_name": "Yves Saint Laurent",
        "brand_url": "https://shop.frankfurt-airport.com/en-US/brand/yves-saint-laurent",
        "retailer_name": "Frankfurt Duty Free",
        "retailer_url": "https://shop.frankfurt-airport.com/en-US/retailer/heinemann",
        "price": "\u20ac48.99",
        "price_per_quantity": "\u20ac195.96 / 100  ml",
        "description": "This glow liquid foundation provides 24H* breathable medium coverage and 24H Hydration**. Infused with natural-origined Marigold & Mallow flowers coming from the YSL BEAUTY OURIKA COMMUNITY GARDENS, this formula provides a natural healthy glow for uncompromised flawless skin. The YSL Glowing Hydration ComplexTM with illuminating Mallow Flower and Glycerin, infuses skin with hydration for 24h preventing from dryness & dullness.This glow liquid foundation provides 24H* breathable medium coverage and 24H Hydration**. Infused with natural-origined Marigold & Mallow flowers coming from the YSL BEAUTY OURIKA COMMUNITY GARDENS, this formula provides a natural healthy glow for uncompromised flawless skin. The YSL Glowing Hydration ComplexTM with illuminating Mallow Flower and Glycerin, infuses skin with hydration for 24h preventing from dryness & dullness.",
        "additional_information": "{\n    \"Order Amount\": \"25 ml\",\n    \"made in\": \"France\",\n    \"Warning Hints\": \"Avoid eye contact. Keep away from direct heat and sunlight.\",\n    \"Item Number\": \"1471060\",\n    \"Manufacturer Color\": \"WARM SAND\",\n    \"Product Series\": \"Touche Eclat\",\n    \"Net Weight\": \"0.025 kg\",\n    \"Package Height\": \"11.65 cm\",\n    \"Package Length\": \"3.25 cm\",\n    \"Package Width\": \"3.75 cm\"\n}"
    },
    {
        "product_name": "Yves Saint Laurent Black Opium Over Red Eau de Parfum 90 ml",
        "brand_name": "Yves Saint Laurent",
        "brand_url": "https://shop.frankfurt-airport.com/en-US/brand/yves-saint-laurent",
        "retailer_name": "Frankfurt Duty Free",
        "retailer_url": "https://shop.frankfurt-airport.com/en-US/retailer/heinemann",
        "price": "\u20ac134.99",
        "price_per_quantity": "\u20ac149.99 / 100  ml",
        "description": "BLACK OPIUM EAU DE PARFUM OVER RED IS THE OVER SENSORIAL CHERRY FRAGRANCE BY YVES SAINT LAURENTBLACK OPIUM EAU DE PARFUM OVER RED IS THE OVER SENSORIAL CHERRY FRAGRANCE BY YVES SAINT LAURENT",
        "additional_information": "{\n    \"Order Amount\": \"90 ml\",\n    \"Target Gender\": \"Female\",\n    \"made in\": \"France\",\n    \"Type of Fragrance\": \"Eau De Parfum\",\n    \"Warning Hints\": \"Avoid eye contact. Keep away from direct heat and sunlight.\",\n    \"Item Number\": \"1612620\",\n    \"Product Series\": \"Black Opium\",\n    \"Net Weight\": \"0.09 kg\",\n    \"Package Height\": \"13.6 cm\",\n    \"Package Length\": \"9.3 cm\",\n    \"Package Width\": \"3.8 cm\"\n}"
    },
    {
        "product_name": "Yves Saint Laurent Rouge Volupte Loveshine Lipstick N 44",
        "brand_name": "Yves Saint Laurent",
        "brand_url": "https://shop.frankfurt-airport.com/en-US/brand/yves-saint-laurent",
        "retailer_name": "Frankfurt Duty Free",
        "retailer_url": "https://shop.frankfurt-airport.com/en-US/retailer/heinemann",
        "price": "\u20ac35.99",
        "price_per_quantity": "\u20ac1,124.69 / 100  g",
        "description": "WHAT IT IS: A wet shine lipstick that quenches your thirsty lips with 24H dripping hydration leaving juicy wet shine. Experience our  unique transformative texture - from lipstick to wet-shine lip oil. Indulge in luscious colors so easily buildable. BENEFITS: Up to  24H dripping hydration and water loss prevention. Lips feel hydrated, nourished and protected. Give in to the caring formula enriched with fig pulp from Ourika community garden and 6 pure nourishing oils for visibly softer and healthier looking lips. FINISH  & EFFECT: Light reflecting semi-sheer wet shine finish and buildable color payoff. Lips that are luscious and healthy-looking. Layer for more shine and color payoff.WHAT IT IS: A wet shine lipstick that quenches your thirsty lips with 24H dripping hydration leaving juicy wet shine. Experience our  unique transformative texture - from lipstick to wet-shine lip oil. Indulge in luscious colors so easily buildable. BENEFITS: Up to  24H dripping hydration and water loss prevention. Lips feel hydrated, nourished and protected. Give in to the caring formula enriched with fig pulp from Ourika community garden and 6 pure nourishing oils for visibly softer and healthier looking lips. FINISH  & EFFECT: Light reflecting semi-sheer wet shine finish and buildable color payoff. Lips that are luscious and healthy-looking. Layer for more shine and color payoff.",
        "additional_information": "{\n    \"Order Amount\": \"3.2 g\",\n    \"made in\": \"France\",\n    \"Warning Hints\": \"Avoid eye contact. Keep away from direct heat and sunlight.\",\n    \"Item Number\": \"1622402\",\n    \"Manufacturer Color\": \"No. 44\",\n    \"Product Series\": \"Rouge Volupte\",\n    \"Net Weight\": \"0.003 kg\",\n    \"Package Height\": \"8.5 cm\",\n    \"Package Length\": \"2.5 cm\",\n    \"Package Width\": \"2.5 cm\"\n}"
    },
    {
        "product_name": "Yves Saint Laurent All Hours Hyper Bronze Powder N 04",
        "brand_name": "Yves Saint Laurent",
        "brand_url": "https://shop.frankfurt-airport.com/en-US/brand/yves-saint-laurent",
        "retailer_name": "Frankfurt Duty Free",
        "retailer_url": "https://shop.frankfurt-airport.com/en-US/retailer/heinemann",
        "price": "\u20ac42.99",
        "price_per_quantity": "\u20ac505.76 / 100  g",
        "description": "All Hours Hyper Bronze, the new couture multi-use bronzing powder for a 24H wear and, natural sun-kissed glow finish.All Hours Hyper Bronze, the new couture multi-use bronzing powder for a 24H wear and, natural sun-kissed glow finish.",
        "additional_information": "{\n    \"Order Amount\": \"8.5 g\",\n    \"made in\": \"France\",\n    \"Warning Hints\": \"Avoid eye contact. Keep away from direct heat and sunlight.\",\n    \"Item Number\": \"1623777\",\n    \"Manufacturer Color\": \"No. 04\",\n    \"Product Series\": \"All Hours\",\n    \"Net Weight\": \"0.009 kg\",\n    \"Package Height\": \"8.5 cm\",\n    \"Package Length\": \"3 cm\",\n    \"Package Width\": \"8.2 cm\"\n}"
    },
    {
        "product_name": "Yves Saint Laurent MYSLF Eau de Parfum 60 ml",
        "brand_name": "Yves Saint Laurent",
        "brand_url": "https://shop.frankfurt-airport.com/en-US/brand/yves-saint-laurent",
        "retailer_name": "Frankfurt Duty Free",
        "retailer_url": "https://shop.frankfurt-airport.com/en-US/retailer/heinemann",
        "price": "\u20ac69.99",
        "price_per_quantity": "\u20ac116.65 / 100  ml",
        "description": "MYSLF, the new masculine refillable fragrance by Yves Saint Laurent. The expression of the man you are, with all your nuances. My scent, MYSLF.MYSLF, the new masculine refillable fragrance by Yves Saint Laurent. The expression of the man you are, with all your nuances. My scent, MYSLF.",
        "additional_information": "{\n    \"Order Amount\": \"60 ml\",\n    \"Target Gender\": \"Male\",\n    \"made in\": \"France\",\n    \"Type of Fragrance\": \"Eau De Parfum\",\n    \"Warning Hints\": \"Avoid eye contact. Keep away from direct heat and sunlight.\",\n    \"Item Number\": \"1578792\",\n    \"Product Series\": \"MYSLF\",\n    \"Net Weight\": \"0.06 kg\",\n    \"Package Height\": \"15.4 cm\",\n    \"Package Length\": \"3.7 cm\",\n    \"Package Width\": \"4.8 cm\"\n}"
    },
    {
        "product_name": "Yves Saint Laurent Rouge Volupte Loveshine Lipstick N 154",
        "brand_name": "Yves Saint Laurent",
        "brand_url": "https://shop.frankfurt-airport.com/en-US/brand/yves-saint-laurent",
        "retailer_name": "Frankfurt Duty Free",
        "retailer_url": "https://shop.frankfurt-airport.com/en-US/retailer/heinemann",
        "price": "\u20ac35.99",
        "price_per_quantity": "\u20ac1,124.69 / 100  g",
        "description": "WHAT IT IS: A wet shine lipstick that quenches your thirsty lips with 24H dripping hydration leaving juicy wet shine. Experience our  unique transformative texture - from lipstick to wet-shine lip oil. Indulge in luscious colors so easily buildable. BENEFITS: Up to  24H dripping hydration and water loss prevention. Lips feel hydrated, nourished and protected. Give in to the caring formula enriched with fig pulp from Ourika community garden and 6 pure nourishing oils for visibly softer and healthier looking lips. FINISH  & EFFECT: Light reflecting semi-sheer wet shine finish and buildable color payoff. Lips that are luscious and healthy-looking. Layer for more shine and color payoff.WHAT IT IS: A wet shine lipstick that quenches your thirsty lips with 24H dripping hydration leaving juicy wet shine. Experience our  unique transformative texture - from lipstick to wet-shine lip oil. Indulge in luscious colors so easily buildable. BENEFITS: Up to  24H dripping hydration and water loss prevention. Lips feel hydrated, nourished and protected. Give in to the caring formula enriched with fig pulp from Ourika community garden and 6 pure nourishing oils for visibly softer and healthier looking lips. FINISH  & EFFECT: Light reflecting semi-sheer wet shine finish and buildable color payoff. Lips that are luscious and healthy-looking. Layer for more shine and color payoff.",
        "additional_information": "{\n    \"Order Amount\": \"3.2 g\",\n    \"made in\": \"France\",\n    \"Warning Hints\": \"Avoid eye contact. Keep away from direct heat and sunlight.\",\n    \"Item Number\": \"1622407\",\n    \"Manufacturer Color\": \"No. 154\",\n    \"Product Series\": \"Rouge Volupte\",\n    \"Net Weight\": \"0.003 kg\",\n    \"Package Height\": \"8.5 cm\",\n    \"Package Length\": \"2.5 cm\",\n    \"Package Width\": \"2.4 cm\"\n}"
    },
    {
        "product_name": "Yves Saint Laurent Rouge Volupte Loveshine Candy Glaze Lipstick N 02 Healthy Glow Plumper",
        "brand_name": "Yves Saint Laurent",
        "brand_url": "https://shop.frankfurt-airport.com/en-US/brand/yves-saint-laurent",
        "retailer_name": "Frankfurt Duty Free",
        "retailer_url": "https://shop.frankfurt-airport.com/en-US/retailer/heinemann",
        "price": "\u20ac35.99",
        "price_per_quantity": "\u20ac1,124.69 / 100  g",
        "description": "WHAT IT IS: A glazed shine lip gloss in a stick for plumper fuller lips. Addictive juicy colors for the most kissable pout. Jelly-like texture melts over your lips without stickiness. BENEFITS: 24H moisturized feel with a care-rich formula. Infused with pomegranate from our Ourika Community Garden, hyaluronic acid and vitamin E, it instantly makes your lips look visibly plumper & fuller. FINISH & EFFECT: Glazed shine and high color payoff in one stroke. Visibly plumper & fuller lips.WHAT IT IS: A glazed shine lip gloss in a stick for plumper fuller lips. Addictive juicy colors for the most kissable pout. Jelly-like texture melts over your lips without stickiness. BENEFITS: 24H moisturized feel with a care-rich formula. Infused with pomegranate from our Ourika Community Garden, hyaluronic acid and vitamin E, it instantly makes your lips look visibly plumper & fuller. FINISH & EFFECT: Glazed shine and high color payoff in one stroke. Visibly plumper & fuller lips.",
        "additional_information": "{\n    \"Order Amount\": \"3.2 g\",\n    \"made in\": \"Korea \\u2013 Republic Of\",\n    \"Warning Hints\": \"Avoid eye contact. Keep away from direct heat and sunlight.\",\n    \"Item Number\": \"1587102\",\n    \"Manufacturer Color\": \"No. 02 - Healthy Glow Plump\",\n    \"Product Series\": \"Rouge Volupte\",\n    \"Net Weight\": \"0.003 kg\",\n    \"Package Height\": \"8.2 cm\",\n    \"Package Length\": \"2.2 cm\",\n    \"Package Width\": \"2.2 cm\"\n}"
    },
    {
        "product_name": "Yves Saint Laurent Le Vestiaire des Parfums Cuir Eau de Parfum 125 ml",
        "brand_name": "Yves Saint Laurent",
        "brand_url": "https://shop.frankfurt-airport.com/en-US/brand/yves-saint-laurent",
        "retailer_name": "Frankfurt Duty Free",
        "retailer_url": "https://shop.frankfurt-airport.com/en-US/retailer/heinemann",
        "price": "\u20ac279.99",
        "price_per_quantity": "\u20ac223.99 / 100  ml",
        "description": "Strong , dark, ripped: A rock icon turned exclusive once it touches the skin. A sex symbol that may both hug the skin erotically & garment the body with a powerful armour. A woody leathery fragrance blending the exclusive refinement of shadowy Oud Assafi essence & the sensual expression of violet leaves absolu with a rebel suede accord twist.Strong , dark, ripped: A rock icon turned exclusive once it touches the skin. A sex symbol that may both hug the skin erotically & garment the body with a powerful armour. A woody leathery fragrance blending the exclusive refinement of shadowy Oud Assafi essence & the sensual expression of violet leaves absolu with a rebel suede accord twist.",
        "additional_information": "{\n    \"Order Amount\": \"125 ml\",\n    \"Target Gender\": \"Female\",\n    \"made in\": \"France\",\n    \"Type of Fragrance\": \"Eau De Parfum\",\n    \"Item Number\": \"1578548\",\n    \"Product Series\": \"Le Vestiaire des Parfums\",\n    \"Net Weight\": \"0.125 kg\",\n    \"Package Height\": \"17.8 cm\",\n    \"Package Length\": \"7.4 cm\",\n    \"Package Width\": \"7.4 cm\"\n}"
    },
    {
        "product_name": "Yves Saint Laurent Rouge Volupte Loveshine Lipstick N 45",
        "brand_name": "Yves Saint Laurent",
        "brand_url": "https://shop.frankfurt-airport.com/en-US/brand/yves-saint-laurent",
        "retailer_name": "Frankfurt Duty Free",
        "retailer_url": "https://shop.frankfurt-airport.com/en-US/retailer/heinemann",
        "price": "\u20ac35.99",
        "price_per_quantity": "\u20ac1,124.69 / 100  g",
        "description": "WHAT IT IS: A wet shine lipstick that quenches your thirsty lips with 24H dripping hydration leaving juicy wet shine. Experience our  unique transformative texture - from lipstick to wet-shine lip oil. Indulge in luscious colors so easily buildable. BENEFITS: Up to  24H dripping hydration and water loss prevention. Lips feel hydrated, nourished and protected. Give in to the caring formula enriched with fig pulp from Ourika community garden and 6 pure nourishing oils for visibly softer and healthier looking lips. FINISH  & EFFECT: Light reflecting semi-sheer wet shine finish and buildable color payoff. Lips that are luscious and healthy-looking. Layer for more shine and color payoff.WHAT IT IS: A wet shine lipstick that quenches your thirsty lips with 24H dripping hydration leaving juicy wet shine. Experience our  unique transformative texture - from lipstick to wet-shine lip oil. Indulge in luscious colors so easily buildable. BENEFITS: Up to  24H dripping hydration and water loss prevention. Lips feel hydrated, nourished and protected. Give in to the caring formula enriched with fig pulp from Ourika community garden and 6 pure nourishing oils for visibly softer and healthier looking lips. FINISH  & EFFECT: Light reflecting semi-sheer wet shine finish and buildable color payoff. Lips that are luscious and healthy-looking. Layer for more shine and color payoff.",
        "additional_information": "{\n    \"Order Amount\": \"3.2 g\",\n    \"made in\": \"France\",\n    \"Warning Hints\": \"Avoid eye contact. Keep away from direct heat and sunlight.\",\n    \"Item Number\": \"1622403\",\n    \"Manufacturer Color\": \"No. 45\",\n    \"Product Series\": \"Rouge Volupte\",\n    \"Net Weight\": \"0.003 kg\",\n    \"Package Height\": \"8.6 cm\",\n    \"Package Length\": \"2.5 cm\",\n    \"Package Width\": \"2.5 cm\"\n}"
    },
    {
        "product_name": "Yves Saint Laurent Le Teint Touche Eclat Fluid Foundation N BR05 Cool Milk 25 ml",
        "brand_name": "Yves Saint Laurent",
        "brand_url": "https://shop.frankfurt-airport.com/en-US/brand/yves-saint-laurent",
        "retailer_name": "Frankfurt Duty Free",
        "retailer_url": "https://shop.frankfurt-airport.com/en-US/retailer/heinemann",
        "price": "\u20ac48.99",
        "price_per_quantity": "\u20ac195.96 / 100  ml",
        "description": "This glow liquid foundation provides 24H* breathable medium coverage and 24H Hydration**. Infused with natural-origined Marigold & Mallow flowers coming from the YSL BEAUTY OURIKA COMMUNITY GARDENS, this formula provides a natural healthy glow for uncompromised flawless skin. The YSL Glowing Hydration ComplexTM with illuminating Mallow Flower and Glycerin, infuses skin with hydration for 24h preventing from dryness & dullness.This glow liquid foundation provides 24H* breathable medium coverage and 24H Hydration**. Infused with natural-origined Marigold & Mallow flowers coming from the YSL BEAUTY OURIKA COMMUNITY GARDENS, this formula provides a natural healthy glow for uncompromised flawless skin. The YSL Glowing Hydration ComplexTM with illuminating Mallow Flower and Glycerin, infuses skin with hydration for 24h preventing from dryness & dullness.",
        "additional_information": "{\n    \"Order Amount\": \"25 ml\",\n    \"made in\": \"France\",\n    \"Warning Hints\": \"Avoid eye contact. Keep away from direct heat and sunlight.\",\n    \"Item Number\": \"1471054\",\n    \"Manufacturer Color\": \"COOL MILK\",\n    \"Product Series\": \"Touche Eclat\",\n    \"Net Weight\": \"0.025 kg\",\n    \"Package Height\": \"11.65 cm\",\n    \"Package Length\": \"3.25 cm\",\n    \"Package Width\": \"3.75 cm\"\n}"
    },
    {
        "product_name": "Yves Saint Laurent Le Teint Touche Eclat Fluid Foundation N BD30 Warm Almond 25 ml",
        "brand_name": "Yves Saint Laurent",
        "brand_url": "https://shop.frankfurt-airport.com/en-US/brand/yves-saint-laurent",
        "retailer_name": "Frankfurt Duty Free",
        "retailer_url": "https://shop.frankfurt-airport.com/en-US/retailer/heinemann",
        "price": "\u20ac48.99",
        "price_per_quantity": "\u20ac195.96 / 100  ml",
        "description": "This glow liquid foundation provides 24H* breathable medium coverage and 24H Hydration**. Infused with natural-origined Marigold & Mallow flowers coming from the YSL BEAUTY OURIKA COMMUNITY GARDENS, this formula provides a natural healthy glow for uncompromised flawless skin. The YSL Glowing Hydration ComplexTM with illuminating Mallow Flower and Glycerin, infuses skin with hydration for 24h preventing from dryness & dullness.This glow liquid foundation provides 24H* breathable medium coverage and 24H Hydration**. Infused with natural-origined Marigold & Mallow flowers coming from the YSL BEAUTY OURIKA COMMUNITY GARDENS, this formula provides a natural healthy glow for uncompromised flawless skin. The YSL Glowing Hydration ComplexTM with illuminating Mallow Flower and Glycerin, infuses skin with hydration for 24h preventing from dryness & dullness.",
        "additional_information": "{\n    \"Order Amount\": \"25 ml\",\n    \"made in\": \"France\",\n    \"Warning Hints\": \"Avoid eye contact. Keep away from direct heat and sunlight.\",\n    \"Item Number\": \"1471056\",\n    \"Manufacturer Color\": \"WARM ALMOND\",\n    \"Product Series\": \"Touche Eclat\",\n    \"Net Weight\": \"0.025 kg\",\n    \"Package Height\": \"11.65 cm\",\n    \"Package Length\": \"3.25 cm\",\n    \"Package Width\": \"3.75 cm\"\n}"
    },
    {
        "product_name": "Yves Saint Laurent Le Teint Touche Eclat Fluid Foundation N B80 Chocolate 25 ml",
        "brand_name": "Yves Saint Laurent",
        "brand_url": "https://shop.frankfurt-airport.com/en-US/brand/yves-saint-laurent",
        "retailer_name": "Frankfurt Duty Free",
        "retailer_url": "https://shop.frankfurt-airport.com/en-US/retailer/heinemann",
        "price": "\u20ac48.99",
        "price_per_quantity": "\u20ac195.96 / 100  ml",
        "description": "This glow liquid foundation provides 24H* breathable medium coverage and 24H Hydration**. Infused with natural-origined Marigold & Mallow flowers coming from the YSL BEAUTY OURIKA COMMUNITY GARDENS, this formula provides a natural healthy glow for uncompromised flawless skin. The YSL Glowing Hydration ComplexTM with illuminating Mallow Flower and Glycerin, infuses skin with hydration for 24h preventing from dryness & dullness.This glow liquid foundation provides 24H* breathable medium coverage and 24H Hydration**. Infused with natural-origined Marigold & Mallow flowers coming from the YSL BEAUTY OURIKA COMMUNITY GARDENS, this formula provides a natural healthy glow for uncompromised flawless skin. The YSL Glowing Hydration ComplexTM with illuminating Mallow Flower and Glycerin, infuses skin with hydration for 24h preventing from dryness & dullness.",
        "additional_information": "{\n    \"Order Amount\": \"25 ml\",\n    \"made in\": \"France\",\n    \"Warning Hints\": \"Avoid eye contact. Keep away from direct heat and sunlight.\",\n    \"Item Number\": \"1471058\",\n    \"Manufacturer Color\": \"CHOCOLATE\",\n    \"Product Series\": \"Touche Eclat\",\n    \"Net Weight\": \"0.025 kg\",\n    \"Package Height\": \"11.65 cm\",\n    \"Package Length\": \"3.25 cm\",\n    \"Package Width\": \"3.75 cm\"\n}"
    },
    {
        "product_name": "Yves Saint Laurent Lines Liberated Eyeliner N 02",
        "brand_name": "Yves Saint Laurent",
        "brand_url": "https://shop.frankfurt-airport.com/en-US/brand/yves-saint-laurent",
        "retailer_name": "Frankfurt Duty Free",
        "retailer_url": "https://shop.frankfurt-airport.com/en-US/retailer/heinemann",
        "price": "\u20ac33.99",
        "price_per_quantity": "\u20ac2,832.50 / 100  g",
        "description": "The new YSL Beauty Eye Pencils. Highly pigmented, highly blendable 24H wear. Smudge-resistant. Waterproof. Dare to discover unbridled pigments with a shot of invigorating color in 1 stroke. Ultra-charged pigments for boldly vibrant matte, satin matte & chrome finishes. Indulge in ultra-gliding high-pleasure texture. Experience the 3-in-1 slant-angle brush to sculpt, blend & stretch your look. Enjoy the enriched formula with cactus fig oil with the exclusive YSL Beauty Ourika Community Gardens for all day comfort . Available in 12 hyper-charged shades.The new YSL Beauty Eye Pencils. Highly pigmented, highly blendable 24H wear. Smudge-resistant. Waterproof. Dare to discover unbridled pigments with a shot of invigorating color in 1 stroke. Ultra-charged pigments for boldly vibrant matte, satin matte & chrome finishes. Indulge in ultra-gliding high-pleasure texture. Experience the 3-in-1 slant-angle brush to sculpt, blend & stretch your look. Enjoy the enriched formula with cactus fig oil with the exclusive YSL Beauty Ourika Community Gardens for all day comfort . Available in 12 hyper-charged shades.",
        "additional_information": "{\n    \"Order Amount\": \"1.2 g\",\n    \"made in\": \"France\",\n    \"Warning Hints\": \"Avoid eye contact. Keep away from direct heat and sunlight.\",\n    \"Item Number\": \"1626049\",\n    \"Manufacturer Color\": \"No. 02\",\n    \"Product Series\": \"Lines Liberated\",\n    \"Net Weight\": \"0.001 kg\",\n    \"Package Height\": \"16.2 cm\",\n    \"Package Length\": \"1.45 cm\",\n    \"Package Width\": \"1.45 cm\"\n}"
    },
    {
        "product_name": "Yves Saint Laurent Le Teint Touche Eclat Fluid Foundation N B30 Almond 25 ml",
        "brand_name": "Yves Saint Laurent",
        "brand_url": "https://shop.frankfurt-airport.com/en-US/brand/yves-saint-laurent",
        "retailer_name": "Frankfurt Duty Free",
        "retailer_url": "https://shop.frankfurt-airport.com/en-US/retailer/heinemann",
        "price": "\u20ac48.99",
        "price_per_quantity": "\u20ac195.96 / 100  ml",
        "description": "This glow liquid foundation provides 24H* breathable medium coverage and 24H Hydration**. Infused with natural-origined Marigold & Mallow flowers coming from the YSL BEAUTY OURIKA COMMUNITY GARDENS, this formula provides a natural healthy glow for uncompromised flawless skin. The YSL Glowing Hydration ComplexTM with illuminating Mallow Flower and Glycerin, infuses skin with hydration for 24h preventing from dryness & dullness.This glow liquid foundation provides 24H* breathable medium coverage and 24H Hydration**. Infused with natural-origined Marigold & Mallow flowers coming from the YSL BEAUTY OURIKA COMMUNITY GARDENS, this formula provides a natural healthy glow for uncompromised flawless skin. The YSL Glowing Hydration ComplexTM with illuminating Mallow Flower and Glycerin, infuses skin with hydration for 24h preventing from dryness & dullness.",
        "additional_information": "{\n    \"Order Amount\": \"25 ml\",\n    \"made in\": \"France\",\n    \"Warning Hints\": \"Avoid eye contact. Keep away from direct heat and sunlight.\",\n    \"Item Number\": \"1471062\",\n    \"Manufacturer Color\": \"ALMOND\",\n    \"Product Series\": \"Touche Eclat\",\n    \"Net Weight\": \"0.025 kg\",\n    \"Package Height\": \"11.65 cm\",\n    \"Package Length\": \"3.25 cm\",\n    \"Package Width\": \"3.75 cm\"\n}"
    },
    {
        "product_name": "Yves Saint Laurent Libre Set",
        "brand_name": "Yves Saint Laurent",
        "brand_url": "https://shop.frankfurt-airport.com/en-US/brand/yves-saint-laurent",
        "retailer_name": "Frankfurt Duty Free",
        "retailer_url": "https://shop.frankfurt-airport.com/en-US/retailer/heinemann",
        "price": "\u20ac124.99",
        "price_per_quantity": "",
        "description": "LIBRE, the new feminine perfume by Yves Saint Laurent, the freedom to live everything with excess. The perfume of a strong, bold and  free woman experimenting her freedom extremely. The first floral lavender. The tension between the burning sensuality of an orange blossom from Morocco & the boldness of a lavender from France with a feminine twist. A singular trail like a breath of freedom. A couture sharp angle bottle twisted by a luxury oversized accessory. The iconic Cassandre logotype freely bent & nailed into the glass like a jewel. Sexy golden chains and an asymmetric black lacquered cap that tops it off. The scent of freedom.LIBRE, the new feminine perfume by Yves Saint Laurent, the freedom to live everything with excess. The perfume of a strong, bold and  free woman experimenting her freedom extremely. The first floral lavender. The tension between the burning sensuality of an orange blossom from Morocco & the boldness of a lavender from France with a feminine twist. A singular trail like a breath of freedom. A couture sharp angle bottle twisted by a luxury oversized accessory. The iconic Cassandre logotype freely bent & nailed into the glass like a jewel. Sexy golden chains and an asymmetric black lacquered cap that tops it off. The scent of freedom.",
        "additional_information": "{\n    \"Target Gender\": \"Female\",\n    \"made in\": \"France\",\n    \"Warning Hints\": \"Avoid eye contact. Keep away from direct heat and sunlight.\",\n    \"Item Number\": \"1517640\",\n    \"Product Series\": \"Libre\",\n    \"Net Weight\": \"0.1 kg\",\n    \"Package Height\": \"14.7 cm\",\n    \"Package Length\": \"8.1 cm\",\n    \"Package Width\": \"5.2 cm\"\n}"
    },
    {
        "product_name": "Yves Saint Laurent Libre Flowers and Flames Eau de Parfum Florale 90 ml",
        "brand_name": "Yves Saint Laurent",
        "brand_url": "https://shop.frankfurt-airport.com/en-US/brand/yves-saint-laurent",
        "retailer_name": "Frankfurt Duty Free",
        "retailer_url": "https://shop.frankfurt-airport.com/en-US/retailer/heinemann",
        "price": "\u20ac134.99",
        "price_per_quantity": "\u20ac149.99 / 100  ml",
        "description": "Yves Saint Laurent Libre Flowers and Flames Eau de Parfum Florale 100 ml FLOWERS, THE HOTTEST WAY. LIBRE FLOWERS & FLAMES IS A NEW SULTRY FLORAL BLAST. A SEXY WARM REINTERPRATATION OF LIBRE, DELIBERATLY SENSUAL & FLORAL. THE HOT & POWERFUL LILY FROM THE DESERT BLENDS WITH THE SOLAR & CREAMY COCO PALM TREE FLOWER, FOR A BLAZING YET COMFORTING SCENT.Yves Saint Laurent Libre Flowers and Flames Eau de Parfum Florale 100 ml FLOWERS, THE HOTTEST WAY. LIBRE FLOWERS & FLAMES IS A NEW SULTRY FLORAL BLAST. A SEXY WARM REINTERPRATATION OF LIBRE, DELIBERATLY SENSUAL & FLORAL. THE HOT & POWERFUL LILY FROM THE DESERT BLENDS WITH THE SOLAR & CREAMY COCO PALM TREE FLOWER, FOR A BLAZING YET COMFORTING SCENT.",
        "additional_information": "{\n    \"Order Amount\": \"90 ml\",\n    \"Target Gender\": \"Female\",\n    \"made in\": \"France\",\n    \"Type of Fragrance\": \"Eau De Parfum\",\n    \"Warning Hints\": \"Avoid eye contact. Keep away from direct heat and sunlight.\",\n    \"Item Number\": \"1646038\",\n    \"Product Series\": \"Libre\",\n    \"Net Weight\": \"0.09 kg\",\n    \"Package Height\": \"14.4 cm\",\n    \"Package Length\": \"4.8 cm\",\n    \"Package Width\": \"6.4 cm\"\n}"
    },
    {
        "product_name": "Yves Saint Laurent Le Teint Touche Eclat Fluid Foundation N B50 Honey 25 ml",
        "brand_name": "Yves Saint Laurent",
        "brand_url": "https://shop.frankfurt-airport.com/en-US/brand/yves-saint-laurent",
        "retailer_name": "Frankfurt Duty Free",
        "retailer_url": "https://shop.frankfurt-airport.com/en-US/retailer/heinemann",
        "price": "\u20ac48.99",
        "price_per_quantity": "\u20ac195.96 / 100  ml",
        "description": "This glow liquid foundation provides 24H* breathable medium coverage and 24H Hydration**. Infused with natural-origined Marigold & Mallow flowers coming from the YSL BEAUTY OURIKA COMMUNITY GARDENS, this formula provides a natural healthy glow for uncompromised flawless skin. The YSL Glowing Hydration ComplexTM with illuminating Mallow Flower and Glycerin, infuses skin with hydration for 24h preventing from dryness & dullness.This glow liquid foundation provides 24H* breathable medium coverage and 24H Hydration**. Infused with natural-origined Marigold & Mallow flowers coming from the YSL BEAUTY OURIKA COMMUNITY GARDENS, this formula provides a natural healthy glow for uncompromised flawless skin. The YSL Glowing Hydration ComplexTM with illuminating Mallow Flower and Glycerin, infuses skin with hydration for 24h preventing from dryness & dullness.",
        "additional_information": "{\n    \"Order Amount\": \"25 ml\",\n    \"made in\": \"France\",\n    \"Warning Hints\": \"Avoid eye contact. Keep away from direct heat and sunlight.\",\n    \"Item Number\": \"1471059\",\n    \"Manufacturer Color\": \"HONEY\",\n    \"Product Series\": \"Touche Eclat\",\n    \"Net Weight\": \"0.025 kg\",\n    \"Package Height\": \"11.65 cm\",\n    \"Package Length\": \"3.25 cm\",\n    \"Package Width\": \"3.75 cm\"\n}"
    },
    {
        "product_name": "Yves Saint Laurent MYSLF Le Parfum 100 ml",
        "brand_name": "Yves Saint Laurent",
        "brand_url": "https://shop.frankfurt-airport.com/en-US/brand/yves-saint-laurent",
        "retailer_name": "Frankfurt Duty Free",
        "retailer_url": "https://shop.frankfurt-airport.com/en-US/retailer/heinemann",
        "price": "\u20ac114.99",
        "price_per_quantity": "\u20ac114.99 / 100  ml",
        "description": "Yves Saint Laurent MYSLF Le Parfum 100 ml MYSLF Le Parfum, the new addictive intensity born from modern men contrasts. A woody floral statement enhanced by velvety vanilla, for a new sensual ambery trail.Yves Saint Laurent MYSLF Le Parfum 100 ml MYSLF Le Parfum, the new addictive intensity born from modern men contrasts. A woody floral statement enhanced by velvety vanilla, for a new sensual ambery trail.",
        "additional_information": "{\n    \"Order Amount\": \"100 ml\",\n    \"Target Gender\": \"Male\",\n    \"made in\": \"France\",\n    \"Type of Fragrance\": \"Parfum\",\n    \"Warning Hints\": \"Avoid eye contact. Keep away from direct heat and sunlight.\",\n    \"Item Number\": \"1646037\",\n    \"Product Series\": \"MYSLF\",\n    \"Net Weight\": \"0.1 kg\",\n    \"Package Height\": \"17.5 cm\",\n    \"Package Length\": \"4 cm\",\n    \"Package Width\": \"5.5 cm\"\n}"
    },
    {
        "product_name": "Yves Saint Laurent Rouge Pur Couture Reno Lipstick N N44",
        "brand_name": "Yves Saint Laurent",
        "brand_url": "https://shop.frankfurt-airport.com/en-US/brand/yves-saint-laurent",
        "retailer_name": "Frankfurt Duty Free",
        "retailer_url": "https://shop.frankfurt-airport.com/en-US/retailer/heinemann",
        "price": "\u20ac38.99",
        "price_per_quantity": "\u20ac1,026.05 / 100  g",
        "description": "Pure Color Burst of pure color. Pure pigments transform in an instant lip fusion. Full coverage in a weightless creamy texture for couture satin look and bare lip feel. Effortless glide for a high precision foolproof application in one swipe. Pure Care High-care formula with 80% smoothing lip care base concentrated in ceramides, tuberose & prickly pear extracts from ourika community garden. Up to 16h protection & comfort feel*. Softer and smoother lips with each application. Pure Couture Expertly curated 40 shades of couture in 4 color families designed for every skin tone & attitude. Packaging designed with sustainability at heart with refills available in ysl\u2019s 4 muse shades: rouge muse, nude muse, orange muse, pink muse. *Consumer test on 300 women\"Pure Color Burst of pure color. Pure pigments transform in an instant lip fusion. Full coverage in a weightless creamy texture for couture satin look and bare lip feel. Effortless glide for a high precision foolproof application in one swipe. Pure Care High-care formula with 80% smoothing lip care base concentrated in ceramides, tuberose & prickly pear extracts from ourika community garden. Up to 16h protection & comfort feel*. Softer and smoother lips with each application. Pure Couture Expertly curated 40 shades of couture in 4 color families designed for every skin tone & attitude. Packaging designed with sustainability at heart with refills available in ysl\u2019s 4 muse shades: rouge muse, nude muse, orange muse, pink muse. *Consumer test on 300 women\"",
        "additional_information": "{\n    \"Order Amount\": \"3.8 g\",\n    \"made in\": \"France\",\n    \"Warning Hints\": \"Avoid eye contact. Keep away from direct heat and sunlight.\",\n    \"Item Number\": \"1622363\",\n    \"Manufacturer Color\": \"N44\",\n    \"Product Series\": \"Rouge Pur Couture\",\n    \"Net Weight\": \"0.004 kg\",\n    \"Package Height\": \"8 cm\",\n    \"Package Length\": \"2.5 cm\",\n    \"Package Width\": \"2.4 cm\"\n}"
    },
    {
        "product_name": "Yves Saint Laurent Mascara Lash Clash Extreme Volume Mascara N 1 Black",
        "brand_name": "Yves Saint Laurent",
        "brand_url": "https://shop.frankfurt-airport.com/en-US/brand/yves-saint-laurent",
        "retailer_name": "Frankfurt Duty Free",
        "retailer_url": "https://shop.frankfurt-airport.com/en-US/retailer/heinemann",
        "price": "\u20ac29.99",
        "price_per_quantity": "\u20ac333.22 / 100  ml",
        "description": "Lash Clash Extreme Volume Mascara, a clash of massive volume and overnoir couture black finish.Lash Clash Extreme Volume Mascara, a clash of massive volume and overnoir couture black finish.",
        "additional_information": "{\n    \"Order Amount\": \"9 ml\",\n    \"made in\": \"France\",\n    \"Warning Hints\": \"Avoid eye contact. Keep away from direct heat and sunlight.\",\n    \"Item Number\": \"1516760\",\n    \"Manufacturer Color\": \"No. 1 - BLACK\",\n    \"Product Series\": \"Lash Clash\",\n    \"Net Weight\": \"0.009 kg\",\n    \"Package Height\": \"14 cm\",\n    \"Package Length\": \"2.5 cm\",\n    \"Package Width\": \"2.5 cm\"\n}"
    },
    {
        "product_name": "Yves Saint Laurent Rouge Volupte Loveshine Lipstick N 201",
        "brand_name": "Yves Saint Laurent",
        "brand_url": "https://shop.frankfurt-airport.com/en-US/brand/yves-saint-laurent",
        "retailer_name": "Frankfurt Duty Free",
        "retailer_url": "https://shop.frankfurt-airport.com/en-US/retailer/heinemann",
        "price": "\u20ac35.99",
        "price_per_quantity": "\u20ac1,124.69 / 100  g",
        "description": "WHAT IT IS: A wet shine lipstick that quenches your thirsty lips with 24H dripping hydration leaving juicy wet shine. Experience our  unique transformative texture - from lipstick to wet-shine lip oil. Indulge in luscious colors so easily buildable. BENEFITS: Up to  24H dripping hydration and water loss prevention. Lips feel hydrated, nourished and protected. Give in to the caring formula enriched with fig pulp from Ourika community garden and 6 pure nourishing oils for visibly softer and healthier looking lips. FINISH  & EFFECT: Light reflecting semi-sheer wet shine finish and buildable color payoff. Lips that are luscious and healthy-looking. Layer for more shine and color payoff.WHAT IT IS: A wet shine lipstick that quenches your thirsty lips with 24H dripping hydration leaving juicy wet shine. Experience our  unique transformative texture - from lipstick to wet-shine lip oil. Indulge in luscious colors so easily buildable. BENEFITS: Up to  24H dripping hydration and water loss prevention. Lips feel hydrated, nourished and protected. Give in to the caring formula enriched with fig pulp from Ourika community garden and 6 pure nourishing oils for visibly softer and healthier looking lips. FINISH  & EFFECT: Light reflecting semi-sheer wet shine finish and buildable color payoff. Lips that are luscious and healthy-looking. Layer for more shine and color payoff.",
        "additional_information": "{\n    \"Order Amount\": \"3.2 g\",\n    \"made in\": \"France\",\n    \"Warning Hints\": \"Avoid eye contact. Keep away from direct heat and sunlight.\",\n    \"Item Number\": \"1622408\",\n    \"Manufacturer Color\": \"No. 201\",\n    \"Product Series\": \"Rouge Volupte\",\n    \"Net Weight\": \"0.003 kg\",\n    \"Package Height\": \"8.5 cm\",\n    \"Package Length\": \"2.4 cm\",\n    \"Package Width\": \"2.6 cm\"\n}"
    },
    {
        "product_name": "Yves Saint Laurent Black Opium Le Parfum Eau de Parfum 50 ml",
        "brand_name": "Yves Saint Laurent",
        "brand_url": "https://shop.frankfurt-airport.com/en-US/brand/yves-saint-laurent",
        "retailer_name": "Frankfurt Duty Free",
        "retailer_url": "https://shop.frankfurt-airport.com/en-US/retailer/heinemann",
        "price": "\u20ac99.99",
        "price_per_quantity": "\u20ac199.98 / 100  ml",
        "description": "Black Opium Le Parfum is the most intense and radical interpretation of Black Opium, by Yves Saint Laurent.Black Opium Le Parfum is the most intense and radical interpretation of Black Opium, by Yves Saint Laurent.",
        "additional_information": "{\n    \"Order Amount\": \"50 ml\",\n    \"Target Gender\": \"Female\",\n    \"made in\": \"France\",\n    \"Type of Fragrance\": \"Eau De Parfum\",\n    \"Warning Hints\": \"Avoid eye contact. Keep away from direct heat and sunlight.\",\n    \"Item Number\": \"1550996\",\n    \"Product Series\": \"Black Opium\",\n    \"Net Weight\": \"0.05 kg\",\n    \"Package Height\": \"11.3 cm\",\n    \"Package Length\": \"8 cm\",\n    \"Package Width\": \"3.5 cm\"\n}"
    },
    {
        "product_name": "Yves Saint Laurent All Hours Hyper Finish Powder N 02",
        "brand_name": "Yves Saint Laurent",
        "brand_url": "https://shop.frankfurt-airport.com/en-US/brand/yves-saint-laurent",
        "retailer_name": "Frankfurt Duty Free",
        "retailer_url": "https://shop.frankfurt-airport.com/en-US/retailer/heinemann",
        "price": "\u20ac42.99",
        "price_per_quantity": "\u20ac505.76 / 100  g",
        "description": "All Hours Hyper Finish Powder, the new couture multi-use matte powder \u2013mattify and set complexion for 24HAll Hours Hyper Finish Powder, the new couture multi-use matte powder \u2013mattify and set complexion for 24H",
        "additional_information": "{\n    \"Order Amount\": \"8.5 g\",\n    \"made in\": \"France\",\n    \"Warning Hints\": \"Avoid eye contact. Keep away from direct heat and sunlight.\",\n    \"Item Number\": \"1623663\",\n    \"Manufacturer Color\": \"No. 02\",\n    \"Product Series\": \"All Hours\",\n    \"Net Weight\": \"0.009 kg\",\n    \"Package Height\": \"8.5 cm\",\n    \"Package Length\": \"3.2 cm\",\n    \"Package Width\": \"8.3 cm\"\n}"
    },
    {
        "product_name": "Yves Saint Laurent MYSLF Eau de Parfum Refill 150 ml",
        "brand_name": "Yves Saint Laurent",
        "brand_url": "https://shop.frankfurt-airport.com/en-US/brand/yves-saint-laurent",
        "retailer_name": "Frankfurt Duty Free",
        "retailer_url": "https://shop.frankfurt-airport.com/en-US/retailer/heinemann",
        "price": "\u20ac99.99",
        "price_per_quantity": "\u20ac66.66 / 100  ml",
        "description": "MYSLF, The new masculine refillable fragrance by Yves Saint Laurent The expression of the man you are, with all your nuances. A statement of modern masculinity, embracing all his facets and emotions. The first YSL BEAUTY woody floral for a contrasted trail of modernity. At first, a fresh & vibrant accord made of bergamot heart from Calabria and vert de bergamot. At heart, a wild & beating orange blossom absolute heart from Tunisia crafted for YSL beauty. At last, a sensual & textured woods accords made of Indonesian patchouli heart and Ambrofix\u2122. A YSL silhouette in a bottle. Sleek.Fluid. A black lacquered monolith in nuances where you can see yourself. At its heart, embedded in the glass, is the iconic YSL Cassandre logotype. My scent, MYSLF.\u00a0MYSLF, The new masculine refillable fragrance by Yves Saint Laurent The expression of the man you are, with all your nuances. A statement of modern masculinity, embracing all his facets and emotions. The first YSL BEAUTY woody floral for a contrasted trail of modernity. At first, a fresh & vibrant accord made of bergamot heart from Calabria and vert de bergamot. At heart, a wild & beating orange blossom absolute heart from Tunisia crafted for YSL beauty. At last, a sensual & textured woods accords made of Indonesian patchouli heart and Ambrofix\u2122. A YSL silhouette in a bottle. Sleek.Fluid. A black lacquered monolith in nuances where you can see yourself. At its heart, embedded in the glass, is the iconic YSL Cassandre logotype. My scent, MYSLF.",
        "additional_information": "{\n    \"Order Amount\": \"150 ml\",\n    \"Target Gender\": \"Male\",\n    \"made in\": \"France\",\n    \"Type of Fragrance\": \"Eau De Parfum\",\n    \"Warning Hints\": \"Avoid eye contact. Keep away from direct heat and sunlight.\",\n    \"Item Number\": \"1578791\",\n    \"Product Series\": \"MYSLF\",\n    \"Net Weight\": \"0.15 kg\",\n    \"Package Height\": \"17.6 cm\",\n    \"Package Length\": \"5.8 cm\",\n    \"Package Width\": \"5.7 cm\"\n}"
    },
    {
        "product_name": "Yves Saint Laurent All Hours Hyper Finish Powder Universal",
        "brand_name": "Yves Saint Laurent",
        "brand_url": "https://shop.frankfurt-airport.com/en-US/brand/yves-saint-laurent",
        "retailer_name": "Frankfurt Duty Free",
        "retailer_url": "https://shop.frankfurt-airport.com/en-US/retailer/heinemann",
        "price": "\u20ac42.99",
        "price_per_quantity": "\u20ac505.76 / 100  g",
        "description": "All Hours Hyper Finish Powder, the new couture multi-use matte powder \u2013mattify and set complexion for 24H.All Hours Hyper Finish Powder, the new couture multi-use matte powder \u2013mattify and set complexion for 24H.",
        "additional_information": "{\n    \"Order Amount\": \"8.5 g\",\n    \"made in\": \"France\",\n    \"Warning Hints\": \"Avoid eye contact. Keep away from direct heat and sunlight.\",\n    \"Item Number\": \"1623664\",\n    \"Manufacturer Color\": \"No. 00 - Universal\",\n    \"Product Series\": \"All Hours\",\n    \"Net Weight\": \"0.009 kg\",\n    \"Package Height\": \"8.4 cm\",\n    \"Package Length\": \"3 cm\",\n    \"Package Width\": \"8.4 cm\"\n}"
    },
    {
        "product_name": "Yves Saint Laurent Mon Paris Intensment Eau de Parfum 90 ml",
        "brand_name": "Yves Saint Laurent",
        "brand_url": "https://shop.frankfurt-airport.com/en-US/brand/yves-saint-laurent",
        "retailer_name": "Frankfurt Duty Free",
        "retailer_url": "https://shop.frankfurt-airport.com/en-US/retailer/heinemann",
        "price": "\u20ac164.99",
        "price_per_quantity": "\u20ac183.32 / 100  ml",
        "description": "The new Mon Paris Intensement shouts \"Je t'aime\" with a precious absolute of Centifolia Rose at heart. It is intense but never dark.  It radiates the hot pink glow of passion, turning the white flesh of MON PARIS' hypnotic datura flower into hot fuchsia. The most luminous quality of patchouli flies through the fragrance. Its elegant chypre sgnature is intensified by gauzy Cashmeran. Its iconic  multi-faceted bottle is also took over by the most flamboyant of pinks, the Yves Saint Laurent fuchsia. The Lavalli\u00e8re tied around its neck, in silky fuchsia, of course, is oversized by a misterious veil of black organza. For a chic YSL finish. Mon Paris Intensement is a mad declaration of love, a bouquet of flowers as grand as the Eiffel Tower. Mon Paris Je T'aime.The new Mon Paris Intensement shouts \"Je t'aime\" with a precious absolute of Centifolia Rose at heart. It is intense but never dark.  It radiates the hot pink glow of passion, turning the white flesh of MON PARIS' hypnotic datura flower into hot fuchsia. The most luminous quality of patchouli flies through the fragrance. Its elegant chypre sgnature is intensified by gauzy Cashmeran. Its iconic  multi-faceted bottle is also took over by the most flamboyant of pinks, the Yves Saint Laurent fuchsia. The Lavalli\u00e8re tied around its neck, in silky fuchsia, of course, is oversized by a misterious veil of black organza. For a chic YSL finish. Mon Paris Intensement is a mad declaration of love, a bouquet of flowers as grand as the Eiffel Tower. Mon Paris Je T'aime.",
        "additional_information": "{\n    \"Order Amount\": \"90 ml\",\n    \"Target Gender\": \"Female\",\n    \"made in\": \"France\",\n    \"Type of Fragrance\": \"Eau De Parfum\",\n    \"Item Number\": \"1451938\",\n    \"Product Series\": \"Mon Paris\",\n    \"Net Weight\": \"0.09 kg\",\n    \"Package Height\": \"7.1 cm\",\n    \"Package Length\": \"10.9 cm\",\n    \"Package Width\": \"7.8 cm\"\n}"
    },
    {
        "product_name": "Yves Saint Laurent All Hours Hyper Finish Powder N 01",
        "brand_name": "Yves Saint Laurent",
        "brand_url": "https://shop.frankfurt-airport.com/en-US/brand/yves-saint-laurent",
        "retailer_name": "Frankfurt Duty Free",
        "retailer_url": "https://shop.frankfurt-airport.com/en-US/retailer/heinemann",
        "price": "\u20ac42.99",
        "price_per_quantity": "\u20ac505.76 / 100  g",
        "description": "All Hours Hyper Finish Powder, the new couture multi-use matte powder \u2013mattify and set complexion for 24HAll Hours Hyper Finish Powder, the new couture multi-use matte powder \u2013mattify and set complexion for 24H",
        "additional_information": "{\n    \"Order Amount\": \"8.5 g\",\n    \"made in\": \"France\",\n    \"Warning Hints\": \"Avoid eye contact. Keep away from direct heat and sunlight.\",\n    \"Item Number\": \"1623603\",\n    \"Manufacturer Color\": \"No. 01\",\n    \"Product Series\": \"All Hours\",\n    \"Net Weight\": \"0.009 kg\",\n    \"Package Height\": \"8.4 cm\",\n    \"Package Length\": \"3 cm\",\n    \"Package Width\": \"8.4 cm\"\n}"
    },
    {
        "product_name": "Yves Saint Laurent Libre Le Parfum Parfum 50 ml",
        "brand_name": "Yves Saint Laurent",
        "brand_url": "https://shop.frankfurt-airport.com/en-US/brand/yves-saint-laurent",
        "retailer_name": "Frankfurt Duty Free",
        "retailer_url": "https://shop.frankfurt-airport.com/en-US/retailer/heinemann",
        "price": "\u20ac99.99",
        "price_per_quantity": "\u20ac199.98 / 100  ml",
        "description": "LIBRE, the new Le Parfum by Yves Saint Laurent. The fragrance of a confident, unapologetic & charismatic woman living her freedom as  the ultimate luxury. She is ignited by the urge to live everything with excess, to feel everything amplified and to live libre, now .. because freedom doesn\u2019t wait. Neither should you.LIBRE, the new Le Parfum by Yves Saint Laurent. The fragrance of a confident, unapologetic & charismatic woman living her freedom as  the ultimate luxury. She is ignited by the urge to live everything with excess, to feel everything amplified and to live libre, now .. because freedom doesn\u2019t wait. Neither should you.",
        "additional_information": "{\n    \"Order Amount\": \"50 ml\",\n    \"Target Gender\": \"Female\",\n    \"made in\": \"France\",\n    \"Type of Fragrance\": \"Parfum\",\n    \"Warning Hints\": \"Avoid eye contact. Keep away from direct heat and sunlight.\",\n    \"Item Number\": \"1530218\",\n    \"Product Series\": \"Libre\",\n    \"Net Weight\": \"0.05 kg\",\n    \"Package Height\": \"12 cm\",\n    \"Package Length\": \"6.5 cm\",\n    \"Package Width\": \"4.2 cm\"\n}"
    },
    {
        "product_name": "Yves Saint Laurent Libre Le Parfum Parfum 90 ml",
        "brand_name": "Yves Saint Laurent",
        "brand_url": "https://shop.frankfurt-airport.com/en-US/brand/yves-saint-laurent",
        "retailer_name": "Frankfurt Duty Free",
        "retailer_url": "https://shop.frankfurt-airport.com/en-US/retailer/heinemann",
        "price": "\u20ac144.99",
        "price_per_quantity": "\u20ac161.10 / 100  ml",
        "description": "LIBRE, the new Le Parfum by Yves Saint Laurent. The fragrance of a confident, unapologetic & charismatic woman living her freedom as  the ultimate luxury. She is ignited by the urge to live everything with excess, to feel everything amplified and to live libre, now .. because freedom doesn\u2019t wait. Neither should you.LIBRE, the new Le Parfum by Yves Saint Laurent. The fragrance of a confident, unapologetic & charismatic woman living her freedom as  the ultimate luxury. She is ignited by the urge to live everything with excess, to feel everything amplified and to live libre, now .. because freedom doesn\u2019t wait. Neither should you.",
        "additional_information": "{\n    \"Order Amount\": \"90 ml\",\n    \"Target Gender\": \"Female\",\n    \"made in\": \"France\",\n    \"Type of Fragrance\": \"Eau De Parfum\",\n    \"Warning Hints\": \"Avoid eye contact. Keep away from direct heat and sunlight.\",\n    \"Item Number\": \"1530219\",\n    \"Product Series\": \"Libre\",\n    \"Net Weight\": \"0.09 kg\",\n    \"Package Height\": \"14.2 cm\",\n    \"Package Length\": \"6.5 cm\",\n    \"Package Width\": \"5.2 cm\"\n}"
    },
    {
        "product_name": "Yves Saint Laurent Le Teint Touche Eclat Fluid Foundation N B20 Ivory 25 ml",
        "brand_name": "Yves Saint Laurent",
        "brand_url": "https://shop.frankfurt-airport.com/en-US/brand/yves-saint-laurent",
        "retailer_name": "Frankfurt Duty Free",
        "retailer_url": "https://shop.frankfurt-airport.com/en-US/retailer/heinemann",
        "price": "\u20ac48.99",
        "price_per_quantity": "\u20ac195.96 / 100  ml",
        "description": "This glow liquid foundation provides 24H* breathable medium coverage and 24H Hydration**. Infused with natural-origined Marigold & Mallow flowers coming from the YSL BEAUTY OURIKA COMMUNITY GARDENS, this formula provides a natural healthy glow for uncompromised flawless skin. The YSL Glowing Hydration ComplexTM with illuminating Mallow Flower and Glycerin, infuses skin with hydration for 24h preventing from dryness & dullness.This glow liquid foundation provides 24H* breathable medium coverage and 24H Hydration**. Infused with natural-origined Marigold & Mallow flowers coming from the YSL BEAUTY OURIKA COMMUNITY GARDENS, this formula provides a natural healthy glow for uncompromised flawless skin. The YSL Glowing Hydration ComplexTM with illuminating Mallow Flower and Glycerin, infuses skin with hydration for 24h preventing from dryness & dullness.",
        "additional_information": "{\n    \"Order Amount\": \"25 ml\",\n    \"made in\": \"France\",\n    \"Warning Hints\": \"Avoid eye contact. Keep away from direct heat and sunlight.\",\n    \"Item Number\": \"1471064\",\n    \"Manufacturer Color\": \"IVORY\",\n    \"Product Series\": \"Touche Eclat\",\n    \"Net Weight\": \"0.025 kg\",\n    \"Package Height\": \"11.65 cm\",\n    \"Package Length\": \"3.25 cm\",\n    \"Package Width\": \"3.75 cm\"\n}"
    },
    {
        "product_name": "Yves Saint Laurent L'Homme Eau de Parfum 100 ml",
        "brand_name": "Yves Saint Laurent",
        "brand_url": "https://shop.frankfurt-airport.com/en-US/brand/yves-saint-laurent",
        "retailer_name": "Frankfurt Duty Free",
        "retailer_url": "https://shop.frankfurt-airport.com/en-US/retailer/heinemann",
        "price": "\u20ac149.99",
        "price_per_quantity": "\u20ac149.99 / 100  ml",
        "description": "A pure woody fragrance, L'Homme Le Parfum is dedicated for man at the height of his magnetism. As an epitome of attractive charisma, his effortless elegance draws all the eyes on him.A pure woody fragrance, L'Homme Le Parfum is dedicated for man at the height of his magnetism. As an epitome of attractive charisma, his effortless elegance draws all the eyes on him.",
        "additional_information": "{\n    \"Order Amount\": \"100 ml\",\n    \"Target Gender\": \"Male\",\n    \"made in\": \"France\",\n    \"Type of Fragrance\": \"Eau De Parfum\",\n    \"Warning Hints\": \"Avoid eye contact. Keep away from direct heat and sunlight.\",\n    \"Item Number\": \"1438621\",\n    \"Product Series\": \"L'Homme\",\n    \"Net Weight\": \"0.1 kg\",\n    \"Package Height\": \"10.8 cm\",\n    \"Package Length\": \"6.5 cm\",\n    \"Package Width\": \"7.3 cm\"\n}"
    },
    {
        "product_name": "Yves Saint Laurent Encre de Peau Foundation All Hours Reno Nr. LN4 25 ml",
        "brand_name": "Yves Saint Laurent",
        "brand_url": "https://shop.frankfurt-airport.com/en-US/brand/yves-saint-laurent",
        "retailer_name": "Frankfurt Duty Free",
        "retailer_url": "https://shop.frankfurt-airport.com/en-US/retailer/heinemann",
        "price": "\u20ac39.99",
        "price_per_quantity": "\u20ac159.96 / 100  ml",
        "description": "Complexion perfection you can rely on all day, all night, ALL HOURS. An upgraded breathable formula providing 24h* full coverage and  weightless feel. Experience an ultra-sensorial skin on skin sensation with a seamless cover action, as if you had a flawless naked skin. The new formula is infused with Hyaluronic acid. It provides all day hydration feel and day after day skin caring benefits, even after removal. Proven: skin feels softer, smoother, hydrated, after only 2 weeks*. For ALL HOURS renovation, YSL developed our first Skin-Fusing\u2122 technology to mimic the composition of the skin for a total fusion. To achieve a triple proof: Transfer proof, Waterproof, and Sport proof. The complexion remains flawless and fresh, for a 24h* natural luminous matte makeup result. *Consumer test with 111 women.Complexion perfection you can rely on all day, all night, ALL HOURS. An upgraded breathable formula providing 24h* full coverage and  weightless feel. Experience an ultra-sensorial skin on skin sensation with a seamless cover action, as if you had a flawless naked skin. The new formula is infused with Hyaluronic acid. It provides all day hydration feel and day after day skin caring benefits, even after removal. Proven: skin feels softer, smoother, hydrated, after only 2 weeks*. For ALL HOURS renovation, YSL developed our first Skin-Fusing\u2122 technology to mimic the composition of the skin for a total fusion. To achieve a triple proof: Transfer proof, Waterproof, and Sport proof. The complexion remains flawless and fresh, for a 24h* natural luminous matte makeup result. *Consumer test with 111 women.",
        "additional_information": "{\n    \"Order Amount\": \"25 ml\",\n    \"made in\": \"France\",\n    \"Warning Hints\": \"Avoid eye contact. Keep away from direct heat and sunlight.\",\n    \"Item Number\": \"1524147\",\n    \"Manufacturer Color\": \"LN4\",\n    \"Product Series\": \"All Hours\",\n    \"Net Weight\": \"0.025 kg\",\n    \"Package Height\": \"11.8 cm\",\n    \"Package Length\": \"3.8 cm\",\n    \"Package Width\": \"3.2 cm\"\n}"
    },
    {
        "product_name": "Yves Saint Laurent Mon Paris Intensement Eau de Parfum 50 ml",
        "brand_name": "Yves Saint Laurent",
        "brand_url": "https://shop.frankfurt-airport.com/en-US/brand/yves-saint-laurent",
        "retailer_name": "Frankfurt Duty Free",
        "retailer_url": "https://shop.frankfurt-airport.com/en-US/retailer/heinemann",
        "price": "\u20ac99.99",
        "price_per_quantity": "\u20ac199.98 / 100  ml",
        "description": "The new MON PARIS INTENSEMENT shouts \"Je t'aime\" with a precious absolute of Centifolia Rose at heart. It is intense but never dark.  It radiates the hot pink glow of passion, turning the white flesh of MON PARIS' hypnotic datura flower into hot fuchsia. The most luminous quality of patchouli flies through the fragrance. Its elegant chypre sgnature is intensified by gauzy Cashmeran. Its iconic  multi-faceted bottle is also took over by the most flamboyant of pinks, the Yves Saint Laurent fuchsia. The Lavalli\u00e8re tied around its neck, in silky fuchsia, of course, is oversized by a misterious veil of black organza. For a chic YSL finish. MON PARIS INTENSEMENT is a mad declaration of love, a bouquet of flowers as grand as the Eiffel Tower. MON PARIS JE T'AIME.The new MON PARIS INTENSEMENT shouts \"Je t'aime\" with a precious absolute of Centifolia Rose at heart. It is intense but never dark.  It radiates the hot pink glow of passion, turning the white flesh of MON PARIS' hypnotic datura flower into hot fuchsia. The most luminous quality of patchouli flies through the fragrance. Its elegant chypre sgnature is intensified by gauzy Cashmeran. Its iconic  multi-faceted bottle is also took over by the most flamboyant of pinks, the Yves Saint Laurent fuchsia. The Lavalli\u00e8re tied around its neck, in silky fuchsia, of course, is oversized by a misterious veil of black organza. For a chic YSL finish. MON PARIS INTENSEMENT is a mad declaration of love, a bouquet of flowers as grand as the Eiffel Tower. MON PARIS JE T'AIME.",
        "additional_information": "{\n    \"Order Amount\": \"50 ml\",\n    \"Target Gender\": \"Female\",\n    \"made in\": \"France\",\n    \"Type of Fragrance\": \"Eau De Parfum\",\n    \"Warning Hints\": \"Avoid eye contact. Keep away from direct heat and sunlight.\",\n    \"Item Number\": \"1442308\",\n    \"Product Series\": \"Mon Paris\",\n    \"Net Weight\": \"0.05 kg\",\n    \"Package Height\": \"9.9 cm\",\n    \"Package Length\": \"6.2 cm\",\n    \"Package Width\": \"6.9 cm\"\n}"
    },
    {
        "product_name": "Yves Saint Laurent Le Teint Touche Eclat Fluid Foundation N BR10 Cool Porcelain 25 ml",
        "brand_name": "Yves Saint Laurent",
        "brand_url": "https://shop.frankfurt-airport.com/en-US/brand/yves-saint-laurent",
        "retailer_name": "Frankfurt Duty Free",
        "retailer_url": "https://shop.frankfurt-airport.com/en-US/retailer/heinemann",
        "price": "\u20ac48.99",
        "price_per_quantity": "\u20ac195.96 / 100  ml",
        "description": "This glow liquid foundation provides 24H* breathable medium coverage and 24H Hydration**. Infused with natural-origined Marigold & Mallow flowers coming from the YSL BEAUTY OURIKA COMMUNITY GARDENS, this formula provides a natural healthy glow for uncompromised flawless skin. The YSL Glowing Hydration ComplexTM with illuminating Mallow Flower and Glycerin, infuses skin with hydration for 24h preventing from dryness & dullness.This glow liquid foundation provides 24H* breathable medium coverage and 24H Hydration**. Infused with natural-origined Marigold & Mallow flowers coming from the YSL BEAUTY OURIKA COMMUNITY GARDENS, this formula provides a natural healthy glow for uncompromised flawless skin. The YSL Glowing Hydration ComplexTM with illuminating Mallow Flower and Glycerin, infuses skin with hydration for 24h preventing from dryness & dullness.",
        "additional_information": "{\n    \"Order Amount\": \"25 ml\",\n    \"made in\": \"France\",\n    \"Warning Hints\": \"Avoid eye contact. Keep away from direct heat and sunlight.\",\n    \"Item Number\": \"1471065\",\n    \"Manufacturer Color\": \"COOL PORCELAIN\",\n    \"Product Series\": \"Touche Eclat\",\n    \"Net Weight\": \"0.025 kg\",\n    \"Package Height\": \"11.65 cm\",\n    \"Package Length\": \"3.25 cm\",\n    \"Package Width\": \"3.75 cm\"\n}"
    },
    {
        "product_name": "Yves Saint Laurent Couture Baby Clutch Eye Shadow Palette N 1 Stora Dolls",
        "brand_name": "Yves Saint Laurent",
        "brand_url": "https://shop.frankfurt-airport.com/en-US/brand/yves-saint-laurent",
        "retailer_name": "Frankfurt Duty Free",
        "retailer_url": "https://shop.frankfurt-airport.com/en-US/retailer/heinemann",
        "price": "\u20ac57.99",
        "price_per_quantity": "\u20ac1,159.80 / 100  g",
        "description": "With the six nude palettes inspired by the dusky pinks of the Marrakech kasbah, the spice colours of the souks and the soothing tones of the designer\u2019s Paris atelier, express yourself with a bold edge. There\u2019s a palette that suits everyone, and every occasion, making each compact the ultimate in versatility.With the six nude palettes inspired by the dusky pinks of the Marrakech kasbah, the spice colours of the souks and the soothing tones of the designer\u2019s Paris atelier, express yourself with a bold edge. There\u2019s a palette that suits everyone, and every occasion, making each compact the ultimate in versatility.",
        "additional_information": "{\n    \"Order Amount\": \"5 g\",\n    \"made in\": \"Italy\",\n    \"Warning Hints\": \"Avoid eye contact. Keep away from direct heat and sunlight.\",\n    \"Item Number\": \"1570890\",\n    \"Manufacturer Color\": \"No. 1 - STORA DOLLS\",\n    \"Product Series\": \"Couture Baby Clutch\",\n    \"Net Weight\": \"0.005 kg\",\n    \"Package Height\": \"8.8 cm\",\n    \"Package Length\": \"2.6 cm\",\n    \"Package Width\": \"6.7 cm\"\n}"
    },
    {
        "product_name": "Yves Saint Laurent Y Le Parfum 60 ml",
        "brand_name": "Yves Saint Laurent",
        "brand_url": "https://shop.frankfurt-airport.com/en-US/brand/yves-saint-laurent",
        "retailer_name": "Frankfurt Duty Free",
        "retailer_url": "https://shop.frankfurt-airport.com/en-US/retailer/heinemann",
        "price": "\u20ac97.99",
        "price_per_quantity": "\u20ac163.32 / 100  ml",
        "description": "\"SHOW YOUR POWER. SHOW Y. Y LE PARFUM, the new scent of the self-accomplished man, embodying the intense blue night. A sensual freshness expressed by the tension between the white and dark accords of this unique fougere scent crafted by master perfumer Dominique Ropion. HIGHLY INVIGORATING. INTENSELY HOT. The new le parfum twists the iconic fresh Y signature in an ambery-woody take.  A new juice, more concentrated than the old Y LE PARFUM. The ultra-fresh white accord: A deeply invigorating midnight pine accord, and a geranium accord captured in the Ourika Community Gardens in Morocco precisely at 9:40 AM for its unique freshness. The ultra-sensual dark accord: A resinous fir balsam from the Canadiian pine forests and a sensuous woody patchouli. THE PITCH BLUE BOTTLE. The iconic bottle created by Suzanne Dalton for YSL takes on an intense night blue shade. Masculine and elegant, the new LE PARFUM bottle is as intense as the juice it holds. The bright silver Y slashes through the square-shouldered bottle accents the V-shaped notch in the glass \u2013 a technical feat that turns the Yconic bottle into covetable piece of design. \"\"SHOW YOUR POWER. SHOW Y. Y LE PARFUM, the new scent of the self-accomplished man, embodying the intense blue night. A sensual freshness expressed by the tension between the white and dark accords of this unique fougere scent crafted by master perfumer Dominique Ropion. HIGHLY INVIGORATING. INTENSELY HOT. The new le parfum twists the iconic fresh Y signature in an ambery-woody take.  A new juice, more concentrated than the old Y LE PARFUM. The ultra-fresh white accord: A deeply invigorating midnight pine accord, and a geranium accord captured in the Ourika Community Gardens in Morocco precisely at 9:40 AM for its unique freshness. The ultra-sensual dark accord: A resinous fir balsam from the Canadiian pine forests and a sensuous woody patchouli. THE PITCH BLUE BOTTLE. The iconic bottle created by Suzanne Dalton for YSL takes on an intense night blue shade. Masculine and elegant, the new LE PARFUM bottle is as intense as the juice it holds. The bright silver Y slashes through the square-shouldered bottle accents the V-shaped notch in the glass \u2013 a technical feat that turns the Yconic bottle into covetable piece of design. \"",
        "additional_information": "{\n    \"Order Amount\": \"60 ml\",\n    \"Target Gender\": \"Male\",\n    \"made in\": \"France\",\n    \"Type of Fragrance\": \"Parfum\",\n    \"Item Number\": \"1684805\",\n    \"Product Series\": \"Y\",\n    \"Net Weight\": \"0.06 kg\",\n    \"Package Height\": \"12.3 cm\",\n    \"Package Length\": \"6 cm\",\n    \"Package Width\": \"5 cm\"\n}"
    },
    {
        "product_name": "Yves Saint Laurent Couture Baby Clutch Eye Shadow Palette N 3 Kasbah Spices",
        "brand_name": "Yves Saint Laurent",
        "brand_url": "https://shop.frankfurt-airport.com/en-US/brand/yves-saint-laurent",
        "retailer_name": "Frankfurt Duty Free",
        "retailer_url": "https://shop.frankfurt-airport.com/en-US/retailer/heinemann",
        "price": "\u20ac57.99",
        "price_per_quantity": "\u20ac1,159.80 / 100  g",
        "description": "With the six nude palettes inspired by the dusky pinks of the Marrakech kasbah, the spice colours of the souks and the soothing tones of the designer\u2019s Paris atelier, express yourself with a bold edge. There\u2019s a palette that suits everyone, and every occasion, making each compact the ultimate in versatility.With the six nude palettes inspired by the dusky pinks of the Marrakech kasbah, the spice colours of the souks and the soothing tones of the designer\u2019s Paris atelier, express yourself with a bold edge. There\u2019s a palette that suits everyone, and every occasion, making each compact the ultimate in versatility.",
        "additional_information": "{\n    \"Order Amount\": \"5 g\",\n    \"made in\": \"France\",\n    \"Warning Hints\": \"Avoid eye contact. Keep away from direct heat and sunlight.\",\n    \"Item Number\": \"1570892\",\n    \"Manufacturer Color\": \"No. 3 - KASBAH SPICES\",\n    \"Product Series\": \"Couture Baby Clutch\",\n    \"Net Weight\": \"0.005 kg\",\n    \"Package Height\": \"8.8 cm\",\n    \"Package Length\": \"6.6 cm\",\n    \"Package Width\": \"2.6 cm\"\n}"
    },
    {
        "product_name": "Yves Saint Laurent L'Homme Eau de Parfum 100 ml",
        "brand_name": "Yves Saint Laurent",
        "brand_url": "https://shop.frankfurt-airport.com/en-US/brand/yves-saint-laurent",
        "retailer_name": "Frankfurt Duty Free",
        "retailer_url": "https://shop.frankfurt-airport.com/en-US/retailer/heinemann",
        "price": "\u20ac134.99",
        "price_per_quantity": "\u20ac134.99 / 100  ml",
        "description": "THE MODERN TRUE & INTENSE MAN The new L\u2019HOMME Eau de Parfum is dedicated to a man as cool, nonchalant, and magnetic as ever, that knows what\u2019s edgy now is being true to himself. Rather than virtual connections, he craves real emotions. Confident enough to be open to his own feelings. And hers. I WANT TO KNOW YOU. THE FRAGRANCE. THE SENSUAL WARMTH OF AN ORANGE BOURBON SOUR The warmth of Bourbon notes in tension with the bitterness of orange reinvents.THE MODERN TRUE & INTENSE MAN The new L\u2019HOMME Eau de Parfum is dedicated to a man as cool, nonchalant, and magnetic as ever, that knows what\u2019s edgy now is being true to himself. Rather than virtual connections, he craves real emotions. Confident enough to be open to his own feelings. And hers. I WANT TO KNOW YOU. THE FRAGRANCE. THE SENSUAL WARMTH OF AN ORANGE BOURBON SOUR The warmth of Bourbon notes in tension with the bitterness of orange reinvents.",
        "additional_information": "{\n    \"Order Amount\": \"100 ml\",\n    \"Target Gender\": \"Male\",\n    \"made in\": \"France\",\n    \"Type of Fragrance\": \"Eau De Parfum\",\n    \"Warning Hints\": \"Avoid eye contact. Keep away from direct heat and sunlight.\",\n    \"Item Number\": \"1523892\",\n    \"Product Series\": \"L'Homme\",\n    \"Net Weight\": \"0.1 kg\",\n    \"Package Height\": \"11 cm\",\n    \"Package Length\": \"7.5 cm\",\n    \"Package Width\": \"6.5 cm\"\n}"
    },
    {
        "product_name": "Yves Saint Laurent Le Vestiaire des Parfums Rouge Velours Eau de Parfum 125 ml",
        "brand_name": "Yves Saint Laurent",
        "brand_url": "https://shop.frankfurt-airport.com/en-US/brand/yves-saint-laurent",
        "retailer_name": "Frankfurt Duty Free",
        "retailer_url": "https://shop.frankfurt-airport.com/en-US/retailer/heinemann",
        "price": "\u20ac279.99",
        "price_per_quantity": "\u20ac223.99 / 100  ml",
        "description": "A spectacular duet between a vividly natural red rose and a deep, velvety patchouli, ROUGE VELOURS allows men and women to express themselves at their most passionate.A spectacular duet between a vividly natural red rose and a deep, velvety patchouli, ROUGE VELOURS allows men and women to express themselves at their most passionate.",
        "additional_information": "{\n    \"Order Amount\": \"125 ml\",\n    \"Target Gender\": \"Female\",\n    \"made in\": \"France\",\n    \"Type of Fragrance\": \"Eau De Parfum\",\n    \"Warning Hints\": \"Avoid eye contact. Keep away from direct heat and sunlight.\",\n    \"Item Number\": \"1482002\",\n    \"Product Series\": \"Le Vestiaire des Parfums\",\n    \"Net Weight\": \"0.125 kg\",\n    \"Package Height\": \"15.5 cm\",\n    \"Package Length\": \"7.4 cm\",\n    \"Package Width\": \"7.4 cm\"\n}"
    },
    {
        "product_name": "Yves Saint Laurent Rouge Volupte Loveshine Candy Glaze Lipstick N 15",
        "brand_name": "Yves Saint Laurent",
        "brand_url": "https://shop.frankfurt-airport.com/en-US/brand/yves-saint-laurent",
        "retailer_name": "Frankfurt Duty Free",
        "retailer_url": "https://shop.frankfurt-airport.com/en-US/retailer/heinemann",
        "price": "\u20ac35.99",
        "price_per_quantity": "\u20ac1,124.69 / 100  g",
        "description": "WHAT IT IS: A glazed shine lip gloss in a stick for plumper fuller lips. Addictive juicy colors for the most kissable pout. Jelly-like texture melts over your lips without stickiness. BENEFITS: 24H moisturized feel with a care-rich formula. Infused with pomegranate from our Ourika Community Garden, hyaluronic acid and vitamin E, it instantly makes your lips look visibly plumper & fuller. FINISH & EFFECT: Glazed shine and high color payoff in one stroke. Visibly plumper & fuller lips.WHAT IT IS: A glazed shine lip gloss in a stick for plumper fuller lips. Addictive juicy colors for the most kissable pout. Jelly-like texture melts over your lips without stickiness. BENEFITS: 24H moisturized feel with a care-rich formula. Infused with pomegranate from our Ourika Community Garden, hyaluronic acid and vitamin E, it instantly makes your lips look visibly plumper & fuller. FINISH & EFFECT: Glazed shine and high color payoff in one stroke. Visibly plumper & fuller lips.",
        "additional_information": "{\n    \"Order Amount\": \"3.2 g\",\n    \"made in\": \"Korea \\u2013 Republic Of\",\n    \"Warning Hints\": \"Avoid eye contact. Keep away from direct heat and sunlight.\",\n    \"Item Number\": \"1622120\",\n    \"Manufacturer Color\": \"No. 15\",\n    \"Product Series\": \"Rouge Volupte\",\n    \"Net Weight\": \"0.003 kg\",\n    \"Package Height\": \"8.3 cm\",\n    \"Package Length\": \"2.2 cm\",\n    \"Package Width\": \"2.2 cm\"\n}"
    },
    {
        "product_name": "Yves Saint Laurent Rouge Volupte Loveshine Candy Glow Lipstick N 7B",
        "brand_name": "Yves Saint Laurent",
        "brand_url": "https://shop.frankfurt-airport.com/en-US/brand/yves-saint-laurent",
        "retailer_name": "Frankfurt Duty Free",
        "retailer_url": "https://shop.frankfurt-airport.com/en-US/retailer/heinemann",
        "price": "\u20ac35.99",
        "price_per_quantity": "\u20ac1,124.69 / 100  g",
        "description": "WHAT IT IS: Tinted butter lip balm that treats your lips with healthy glow & soothing care. Healthy glow and soothing care. 24H nourishment for bouncy, dewy & nourished lips. BENEFITS: Instantly smoothed out, lips look plumper & fuller. 85% care-charged formula with PH color rush technologyTM adapts to and enhances natural lip color reviving the complexion. 98% natural origin, it\u2019s charged with caring maracuja oil, shea & jojoba butters. FINISH & EFFECT: Healthy dewy glow with a sheer color. Healthy-looking lips look bouncy, plumpy and cared for.WHAT IT IS: Tinted butter lip balm that treats your lips with healthy glow & soothing care. Healthy glow and soothing care. 24H nourishment for bouncy, dewy & nourished lips. BENEFITS: Instantly smoothed out, lips look plumper & fuller. 85% care-charged formula with PH color rush technologyTM adapts to and enhances natural lip color reviving the complexion. 98% natural origin, it\u2019s charged with caring maracuja oil, shea & jojoba butters. FINISH & EFFECT: Healthy dewy glow with a sheer color. Healthy-looking lips look bouncy, plumpy and cared for.",
        "additional_information": "{\n    \"Order Amount\": \"3.2 g\",\n    \"made in\": \"France\",\n    \"Warning Hints\": \"Avoid eye contact. Keep away from direct heat and sunlight.\",\n    \"Item Number\": \"1622371\",\n    \"Manufacturer Color\": \"7B\",\n    \"Product Series\": \"Rouge Volupte\",\n    \"Net Weight\": \"0.003 kg\",\n    \"Package Height\": \"8.5 cm\",\n    \"Package Length\": \"2.4 cm\",\n    \"Package Width\": \"2.4 cm\"\n}"
    },
    {
        "product_name": "Yves Saint Laurent Le Vestiaire des Parfums Lavallire Eau de Parfum 125 ml",
        "brand_name": "Yves Saint Laurent",
        "brand_url": "https://shop.frankfurt-airport.com/en-US/brand/yves-saint-laurent",
        "retailer_name": "Frankfurt Duty Free",
        "retailer_url": "https://shop.frankfurt-airport.com/en-US/retailer/heinemann",
        "price": "\u20ac279.99",
        "price_per_quantity": "\u20ac223.99 / 100  ml",
        "description": "Taking its name from a woman -the Duchess of La Valli\u00e8re  - but originally inspired by men\u2019s accessories - the jabot \u2013 the lavalli\u00e8re is, by its very nature, gender-fluid.Throughout time, saint laurent twisted the  lavalli\u00e8re into the most ysl accessory of all.  An iconic piece to adorn silhouettes emancipated from all gender norms.In lavalli\u00e8re, the floral family becomes a fragrant tribute to the most flowing accessory inspiring the most fluid attitude.Lavalli\u00e8re is that YSL union between masculine & feminine: The silky touch of this iconic piece is found in the luscious and delicate notes of fig.A sparkling blackcurrant enhanced by precious facettedrose signs this composition with a floral green twist, blurring the line between masculinity and feminity in a sensual sillage.Taking its name from a woman -the Duchess of La Valli\u00e8re  - but originally inspired by men\u2019s accessories - the jabot \u2013 the lavalli\u00e8re is, by its very nature, gender-fluid.Throughout time, saint laurent twisted the  lavalli\u00e8re into the most ysl accessory of all.  An iconic piece to adorn silhouettes emancipated from all gender norms.In lavalli\u00e8re, the floral family becomes a fragrant tribute to the most flowing accessory inspiring the most fluid attitude.Lavalli\u00e8re is that YSL union between masculine & feminine: The silky touch of this iconic piece is found in the luscious and delicate notes of fig.A sparkling blackcurrant enhanced by precious facettedrose signs this composition with a floral green twist, blurring the line between masculinity and feminity in a sensual sillage.",
        "additional_information": "{\n    \"Order Amount\": \"125 ml\",\n    \"Target Gender\": \"Female\",\n    \"made in\": \"France\",\n    \"Type of Fragrance\": \"Eau De Parfum\",\n    \"Item Number\": \"1622753\",\n    \"Product Series\": \"Le Vestiaire des Parfums\",\n    \"Net Weight\": \"0.125 kg\",\n    \"Package Height\": \"17.5 cm\",\n    \"Package Length\": \"7.4 cm\",\n    \"Package Width\": \"7.4 cm\"\n}"
    },
    {
        "product_name": "Yves Saint Laurent Rouge Volupte Candy Glaze Lipstick N 13 Flashing Rose",
        "brand_name": "Yves Saint Laurent",
        "brand_url": "https://shop.frankfurt-airport.com/en-US/brand/yves-saint-laurent",
        "retailer_name": "Frankfurt Duty Free",
        "retailer_url": "https://shop.frankfurt-airport.com/en-US/retailer/heinemann",
        "price": "\u20ac35.99",
        "price_per_quantity": "\u20ac1,124.69 / 100  g",
        "description": "WHAT IT IS: A glazed shine lip gloss in a stick for plumper fuller lips. Addictive juicy colors for the most kissable pout. Jelly-like texture melts over your lips without stickiness. BENEFITS: 24H moisturized feel with a care-rich formula. Infused with pomegranate from our Ourika Community Garden, hyaluronic acid and vitamin E, it instantly makes your lips look visibly plumper & fuller. FINISH & EFFECT: Glazed shine and high color payoff in one stroke. Visibly plumper & fuller lips.WHAT IT IS: A glazed shine lip gloss in a stick for plumper fuller lips. Addictive juicy colors for the most kissable pout. Jelly-like texture melts over your lips without stickiness. BENEFITS: 24H moisturized feel with a care-rich formula. Infused with pomegranate from our Ourika Community Garden, hyaluronic acid and vitamin E, it instantly makes your lips look visibly plumper & fuller. FINISH & EFFECT: Glazed shine and high color payoff in one stroke. Visibly plumper & fuller lips.",
        "additional_information": "{\n    \"Order Amount\": \"3.2 g\",\n    \"made in\": \"Korea \\u2013 Republic Of\",\n    \"Warning Hints\": \"Avoid eye contact. Keep away from direct heat and sunlight.\",\n    \"Item Number\": \"1622079\",\n    \"Manufacturer Color\": \"No. 13\",\n    \"Product Series\": \"Rouge Volupte\",\n    \"Net Weight\": \"0.003 kg\",\n    \"Package Height\": \"8.2 cm\",\n    \"Package Length\": \"2.2 cm\",\n    \"Package Width\": \"2.2 cm\"\n}"
    },
    {
        "product_name": "Yves Saint Laurent Le Teint Touche Eclat Foundation N 20 BR20 25 ml",
        "brand_name": "Yves Saint Laurent",
        "brand_url": "https://shop.frankfurt-airport.com/en-US/brand/yves-saint-laurent",
        "retailer_name": "Frankfurt Duty Free",
        "retailer_url": "https://shop.frankfurt-airport.com/en-US/retailer/heinemann",
        "price": "\u20ac48.99",
        "price_per_quantity": "\u20ac195.96 / 100  ml",
        "description": "The 1st YSL full coverage foundation with radiance that lasts. Lasting radiance: formula with natural-origin Macadamia oil enhances skin\u2019s luminosity all day long. Full coverage: the unique pigment coating technology from YSL provides full coverage, even make-up results in a weightless creamy texture. 24H hydration: empowered by 86% skin-reglow cream and enriched with marigold bloom as well as mallow flower to protect skin from dryness and pollution. Skin appears brighter, more even-toned. Tested under dermatological control. Suitable for sensitive skin. Non-comedogenic.The 1st YSL full coverage foundation with radiance that lasts. Lasting radiance: formula with natural-origin Macadamia oil enhances skin\u2019s luminosity all day long. Full coverage: the unique pigment coating technology from YSL provides full coverage, even make-up results in a weightless creamy texture. 24H hydration: empowered by 86% skin-reglow cream and enriched with marigold bloom as well as mallow flower to protect skin from dryness and pollution. Skin appears brighter, more even-toned. Tested under dermatological control. Suitable for sensitive skin. Non-comedogenic.",
        "additional_information": "{\n    \"Order Amount\": \"25 ml\",\n    \"made in\": \"France\",\n    \"Warning Hints\": \"Avoid eye contact. Keep away from direct heat and sunlight.\",\n    \"Item Number\": \"1486141\",\n    \"Manufacturer Color\": \"No. 20 - BR20\",\n    \"Product Series\": \"Touche Eclat\",\n    \"Net Weight\": \"0.025 kg\",\n    \"Package Height\": \"11.6 cm\",\n    \"Package Length\": \"3.25 cm\",\n    \"Package Width\": \"3.75 cm\"\n}"
    },
    {
        "product_name": "Yves Saint Laurent Le Teint Touche Eclat Foundation N 10 BR10 25 ml",
        "brand_name": "Yves Saint Laurent",
        "brand_url": "https://shop.frankfurt-airport.com/en-US/brand/yves-saint-laurent",
        "retailer_name": "Frankfurt Duty Free",
        "retailer_url": "https://shop.frankfurt-airport.com/en-US/retailer/heinemann",
        "price": "\u20ac48.99",
        "price_per_quantity": "\u20ac195.96 / 100  ml",
        "description": "The 1st YSL full coverage foundation with radiance that lasts. Lasting radiance: formula with natural-origin Macadamia oil enhances skin\u2019s luminosity all day long. Full coverage: the unique pigment coating technology from YSL provides full coverage, even make-up results in a weightless creamy texture. 24H hydration: empowered by 86% skin-reglow cream and enriched with marigold bloom as well as mallow flower to protect skin from dryness and pollution. Skin appears brighter, more even-toned. Tested under dermatological control. Suitable for sensitive skin. Non-comedogenic.The 1st YSL full coverage foundation with radiance that lasts. Lasting radiance: formula with natural-origin Macadamia oil enhances skin\u2019s luminosity all day long. Full coverage: the unique pigment coating technology from YSL provides full coverage, even make-up results in a weightless creamy texture. 24H hydration: empowered by 86% skin-reglow cream and enriched with marigold bloom as well as mallow flower to protect skin from dryness and pollution. Skin appears brighter, more even-toned. Tested under dermatological control. Suitable for sensitive skin. Non-comedogenic.",
        "additional_information": "{\n    \"Order Amount\": \"25 ml\",\n    \"made in\": \"France\",\n    \"Warning Hints\": \"Avoid eye contact. Keep away from direct heat and sunlight.\",\n    \"Item Number\": \"1486140\",\n    \"Manufacturer Color\": \"No. 10 - BR10\",\n    \"Product Series\": \"Touche Eclat\",\n    \"Net Weight\": \"0.025 kg\",\n    \"Package Height\": \"11.6 cm\",\n    \"Package Length\": \"3.25 cm\",\n    \"Package Width\": \"3.75 cm\"\n}"
    },
    {
        "product_name": "Yves Saint Laurent Rouge Pur Couture Reno Lipstick N N14",
        "brand_name": "Yves Saint Laurent",
        "brand_url": "https://shop.frankfurt-airport.com/en-US/brand/yves-saint-laurent",
        "retailer_name": "Frankfurt Duty Free",
        "retailer_url": "https://shop.frankfurt-airport.com/en-US/retailer/heinemann",
        "price": "\u20ac38.99",
        "price_per_quantity": "\u20ac1,026.05 / 100  g",
        "description": "Pure color Burst of pure color. Pure pigments transform in an instant lip fusion. Full coverage in a weightless creamy texture for couture satin look and bare lip feel. Effortless glide for a high precision foolproof application in one swipe. Pure care high-care formula with 80% smoothing lip care base concentrated in ceramides, tuberose & prickly pear extracts from ourika community garden. Up to 16h protection & comfort feel*. Softer and smoother lips with each application. Pure couture expertly curated 40 shades of couture in 4 color families designed for every skin tone & attitude. Packaging designed with sustainability at heart with refills available in ysl\u2019s 4 muse shades: rouge muse, nude muse, orange muse, pink muse. *Consumer test on 300 womenPure color Burst of pure color. Pure pigments transform in an instant lip fusion. Full coverage in a weightless creamy texture for couture satin look and bare lip feel. Effortless glide for a high precision foolproof application in one swipe. Pure care high-care formula with 80% smoothing lip care base concentrated in ceramides, tuberose & prickly pear extracts from ourika community garden. Up to 16h protection & comfort feel*. Softer and smoother lips with each application. Pure couture expertly curated 40 shades of couture in 4 color families designed for every skin tone & attitude. Packaging designed with sustainability at heart with refills available in ysl\u2019s 4 muse shades: rouge muse, nude muse, orange muse, pink muse. *Consumer test on 300 women",
        "additional_information": "{\n    \"Order Amount\": \"3.8 g\",\n    \"made in\": \"France\",\n    \"Warning Hints\": \"Avoid eye contact. Keep away from direct heat and sunlight.\",\n    \"Item Number\": \"1622377\",\n    \"Manufacturer Color\": \"N14\",\n    \"Product Series\": \"Rouge Pur Couture\",\n    \"Net Weight\": \"0.004 kg\",\n    \"Package Height\": \"8 cm\",\n    \"Package Length\": \"2.5 cm\",\n    \"Package Width\": \"2.5 cm\"\n}"
    },
    {
        "product_name": "Yves Saint Laurent Mascara Set",
        "brand_name": "Yves Saint Laurent",
        "brand_url": "https://shop.frankfurt-airport.com/en-US/brand/yves-saint-laurent",
        "retailer_name": "Frankfurt Duty Free",
        "retailer_url": "https://shop.frankfurt-airport.com/en-US/retailer/heinemann",
        "price": "\u20ac99.99",
        "price_per_quantity": "",
        "description": "TRIO MASCARA VOLUME EFFET FAUX CILSTRIO MASCARA VOLUME EFFET FAUX CILS",
        "additional_information": "{\n    \"made in\": \"France\",\n    \"Warning Hints\": \"Avoid eye contact. Keep away from direct heat and sunlight.\",\n    \"Item Number\": \"1623043\",\n    \"Manufacturer Color\": \"Black\",\n    \"Product Series\": \"Mascara Set\",\n    \"Net Weight\": \"0.023 kg\",\n    \"Package Height\": \"14.2 cm\",\n    \"Package Length\": \"2.3 cm\",\n    \"Package Width\": \"6.3 cm\"\n}"
    },
    {
        "product_name": "Yves Saint Laurent Rouge Pur Couture The Slim Velvet Radical Lipstick N 319",
        "brand_name": "Yves Saint Laurent",
        "brand_url": "https://shop.frankfurt-airport.com/en-US/brand/yves-saint-laurent",
        "retailer_name": "Frankfurt Duty Free",
        "retailer_url": "https://shop.frankfurt-airport.com/en-US/retailer/heinemann",
        "price": "\u20ac38.99",
        "price_per_quantity": "\u20ac1,949.50 / 100  g",
        "description": "Intensely pigmented velvet matte lipstick with lasting wear of intense colour. 67% caring ingredients including roast leaf extract from YSL BEAUT\u00c9 OURIKA GARDENS offer weightless comfort. Square bullet makes the application easy and ultra precise.Intensely pigmented velvet matte lipstick with lasting wear of intense colour. 67% caring ingredients including roast leaf extract from YSL BEAUT\u00c9 OURIKA GARDENS offer weightless comfort. Square bullet makes the application easy and ultra precise.",
        "additional_information": "{\n    \"Order Amount\": \"2 g\",\n    \"made in\": \"France\",\n    \"Item Number\": \"1623573\",\n    \"Manufacturer Color\": \"No. 319\",\n    \"Product Series\": \"Rouge Pur Couture The Slim\",\n    \"Net Weight\": \"0.002 kg\",\n    \"Package Height\": \"10.3 cm\",\n    \"Package Length\": \"1.8 cm\",\n    \"Package Width\": \"1.8 cm\"\n}"
    },
    {
        "product_name": "Yves Saint Laurent Rouge Pur Couture The Bold Lipstick N 07",
        "brand_name": "Yves Saint Laurent",
        "brand_url": "https://shop.frankfurt-airport.com/en-US/brand/yves-saint-laurent",
        "retailer_name": "Frankfurt Duty Free",
        "retailer_url": "https://shop.frankfurt-airport.com/en-US/retailer/heinemann",
        "price": "\u20ac44.99",
        "price_per_quantity": "\u20ac1,606.79 / 100  g",
        "description": "Couture Shine Lipstick for the unshy. Bold colour in one stroke - clutches your lips & holds strong without running. Couture Shine - so intense yet so thin in a stretchable texture. 10h moisturized comfort feel* with 40% care. *consumer test on 125 women.Couture Shine Lipstick for the unshy. Bold colour in one stroke - clutches your lips & holds strong without running. Couture Shine - so intense yet so thin in a stretchable texture. 10h moisturized comfort feel* with 40% care. *consumer test on 125 women.",
        "additional_information": "{\n    \"Order Amount\": \"2.8 g\",\n    \"made in\": \"France\",\n    \"Warning Hints\": \"Avoid eye contact. Keep away from direct heat and sunlight.\",\n    \"Item Number\": \"1529859\",\n    \"Manufacturer Color\": \"No. 07\",\n    \"Product Series\": \"Rouge Pur Couture The Bold\",\n    \"Net Weight\": \"0.003 kg\",\n    \"Package Height\": \"8.6 cm\",\n    \"Package Length\": \"2.4 cm\",\n    \"Package Width\": \"2.4 cm\"\n}"
    },
    {
        "product_name": "Yves Saint Laurent Libre Eau de Parfum Refill 100 ml",
        "brand_name": "Yves Saint Laurent",
        "brand_url": "https://shop.frankfurt-airport.com/en-US/brand/yves-saint-laurent",
        "retailer_name": "Frankfurt Duty Free",
        "retailer_url": "https://shop.frankfurt-airport.com/en-US/retailer/heinemann",
        "price": "\u20ac99.99",
        "price_per_quantity": "\u20ac99.99 / 100  ml",
        "description": "LIBRE, the new feminine perfume by Yves Saint Laurent, the freedom to live everything with excess. The perfume of a strong, bold and  free woman experimenting her freedom extremely. The first floral lavender. The tension between the burning sensuality of an orangeblossom from Morocco & the boldness of a lavender from France with a feminine twist. A singular trail like a breath of freedom . A couture sharp angle bottle twisted by a luxury oversized accessory. The iconic Cassandre logotype freely bent & nailed into the glasslike a jewel. Sexy golden chains and an asymmetric black lacquered cap that tops it off. The scent of freedom.LIBRE, the new feminine perfume by Yves Saint Laurent, the freedom to live everything with excess. The perfume of a strong, bold and  free woman experimenting her freedom extremely. The first floral lavender. The tension between the burning sensuality of an orangeblossom from Morocco & the boldness of a lavender from France with a feminine twist. A singular trail like a breath of freedom . A couture sharp angle bottle twisted by a luxury oversized accessory. The iconic Cassandre logotype freely bent & nailed into the glasslike a jewel. Sexy golden chains and an asymmetric black lacquered cap that tops it off. The scent of freedom.",
        "additional_information": "{\n    \"Order Amount\": \"100 ml\",\n    \"Target Gender\": \"Female\",\n    \"made in\": \"France\",\n    \"Type of Fragrance\": \"Eau De Parfum\",\n    \"Item Number\": \"1584196\",\n    \"Product Series\": \"Libre\",\n    \"Net Weight\": \"0.1 kg\",\n    \"Package Height\": \"17.5 cm\",\n    \"Package Length\": \"5 cm\",\n    \"Package Width\": \"5 cm\"\n}"
    },
    {
        "product_name": "Yves Saint Laurent Rouge Pur Couture Reno Lipstick N R1966",
        "brand_name": "Yves Saint Laurent",
        "brand_url": "https://shop.frankfurt-airport.com/en-US/brand/yves-saint-laurent",
        "retailer_name": "Frankfurt Duty Free",
        "retailer_url": "https://shop.frankfurt-airport.com/en-US/retailer/heinemann",
        "price": "\u20ac38.99",
        "price_per_quantity": "\u20ac1,026.05 / 100  g",
        "description": "Pure color, instant lip fusion. Pure care for (up to) 16h comfort.* Pure couture satin look.Pure color, instant lip fusion. Pure care for (up to) 16h comfort.* Pure couture satin look.",
        "additional_information": "{\n    \"Order Amount\": \"3.8 g\",\n    \"made in\": \"France\",\n    \"Warning Hints\": \"Avoid eye contact. Keep away from direct heat and sunlight.\",\n    \"Item Number\": \"1606538\",\n    \"Manufacturer Color\": \"R1966\",\n    \"Product Series\": \"Rouge Pur Couture\",\n    \"Net Weight\": \"0.004 kg\",\n    \"Package Height\": \"8 cm\",\n    \"Package Length\": \"2.5 cm\",\n    \"Package Width\": \"2.4 cm\"\n}"
    },
    {
        "product_name": "Yves Saint Laurent Rouge Pur Couture Reno Lipstick N OM",
        "brand_name": "Yves Saint Laurent",
        "brand_url": "https://shop.frankfurt-airport.com/en-US/brand/yves-saint-laurent",
        "retailer_name": "Frankfurt Duty Free",
        "retailer_url": "https://shop.frankfurt-airport.com/en-US/retailer/heinemann",
        "price": "\u20ac38.99",
        "price_per_quantity": "\u20ac1,026.05 / 100  g",
        "description": "Pure color, instant lip fusion. Pure care for (up to) 16h comfort.* Pure couture satin look.Pure color, instant lip fusion. Pure care for (up to) 16h comfort.* Pure couture satin look.",
        "additional_information": "{\n    \"Order Amount\": \"3.8 g\",\n    \"made in\": \"France\",\n    \"Warning Hints\": \"Avoid eye contact. Keep away from direct heat and sunlight.\",\n    \"Item Number\": \"1606780\",\n    \"Manufacturer Color\": \"OM\",\n    \"Product Series\": \"Rouge Pur Couture\",\n    \"Net Weight\": \"0.004 kg\",\n    \"Package Height\": \"8 cm\",\n    \"Package Length\": \"2.4 cm\",\n    \"Package Width\": \"2.4 cm\"\n}"
    },
    {
        "product_name": "Yves Saint Laurent Rouge Pur Couture Reno Lipstick N RM",
        "brand_name": "Yves Saint Laurent",
        "brand_url": "https://shop.frankfurt-airport.com/en-US/brand/yves-saint-laurent",
        "retailer_name": "Frankfurt Duty Free",
        "retailer_url": "https://shop.frankfurt-airport.com/en-US/retailer/heinemann",
        "price": "\u20ac38.99",
        "price_per_quantity": "\u20ac1,026.05 / 100  g",
        "description": "Pure color, instant lip fusion. Pure care for (up to) 16h comfort.* Pure couture satin look.Pure color, instant lip fusion. Pure care for (up to) 16h comfort.* Pure couture satin look.",
        "additional_information": "{\n    \"Order Amount\": \"3.8 g\",\n    \"made in\": \"France\",\n    \"Warning Hints\": \"Avoid eye contact. Keep away from direct heat and sunlight.\",\n    \"Item Number\": \"1606539\",\n    \"Manufacturer Color\": \"RM\",\n    \"Product Series\": \"Rouge Pur Couture\",\n    \"Net Weight\": \"0.004 kg\",\n    \"Package Height\": \"8 cm\",\n    \"Package Length\": \"2.4 cm\",\n    \"Package Width\": \"2.4 cm\"\n}"
    },
    {
        "product_name": "Yves Saint Laurent Rouge Pur Couture The Slim Lipstick Nr. 26",
        "brand_name": "Yves Saint Laurent",
        "brand_url": "https://shop.frankfurt-airport.com/en-US/brand/yves-saint-laurent",
        "retailer_name": "Frankfurt Duty Free",
        "retailer_url": "https://shop.frankfurt-airport.com/en-US/retailer/heinemann",
        "price": "\u20ac38.99",
        "price_per_quantity": "\u20ac1,772.27 / 100  g",
        "description": "Leather-matte finish in a square tapered bullet. Utmost precision. Couture colours & total coverage in one coat. Flexible & comfortable wear all day.Leather-matte finish in a square tapered bullet. Utmost precision. Couture colours & total coverage in one coat. Flexible & comfortable wear all day.",
        "additional_information": "{\n    \"Order Amount\": \"2.2 g\",\n    \"made in\": \"France\",\n    \"Warning Hints\": \"Avoid eye contact. Keep away from direct heat and sunlight.\",\n    \"Item Number\": \"1454835\",\n    \"Manufacturer Color\": \"No. 26 - RED\",\n    \"Product Series\": \"Rouge Pur Couture The Slim\",\n    \"Net Weight\": \"0.003 kg\",\n    \"Package Height\": \"10.2 cm\",\n    \"Package Length\": \"1.8 cm\",\n    \"Package Width\": \"1.8 cm\"\n}"
    },
    {
        "product_name": "Yves Saint Laurent Rouge Pur Couture Reno Lipstick N N15",
        "brand_name": "Yves Saint Laurent",
        "brand_url": "https://shop.frankfurt-airport.com/en-US/brand/yves-saint-laurent",
        "retailer_name": "Frankfurt Duty Free",
        "retailer_url": "https://shop.frankfurt-airport.com/en-US/retailer/heinemann",
        "price": "\u20ac38.99",
        "price_per_quantity": "\u20ac1,026.05 / 100  g",
        "description": "Pure Color Burst of pure color. Pure pigments transform in an instant lip fusion. Full coverage in a weightless creamy texture for couture satin look and bare lip feel. Effortless glide for a high precision foolproof application in one swipe. Pure Care High-care formula with 80% smoothing lip care base concentrated in ceramides, tuberose & prickly pear extracts from ourika community garden. Up to 16h protection & comfort feel*. Softer and smoother lips with each application. Pure Couture Expertly curated 40 shades of couture in 4 color families designed for every skin tone & attitude. Packaging designed with sustainability at heart with refills available in ysl\u2019s 4 muse shades: rouge muse, nude muse, orange muse, pink muse. *Consumer test on 300 women\"Pure Color Burst of pure color. Pure pigments transform in an instant lip fusion. Full coverage in a weightless creamy texture for couture satin look and bare lip feel. Effortless glide for a high precision foolproof application in one swipe. Pure Care High-care formula with 80% smoothing lip care base concentrated in ceramides, tuberose & prickly pear extracts from ourika community garden. Up to 16h protection & comfort feel*. Softer and smoother lips with each application. Pure Couture Expertly curated 40 shades of couture in 4 color families designed for every skin tone & attitude. Packaging designed with sustainability at heart with refills available in ysl\u2019s 4 muse shades: rouge muse, nude muse, orange muse, pink muse. *Consumer test on 300 women\"",
        "additional_information": "{\n    \"Order Amount\": \"3.8 g\",\n    \"made in\": \"France\",\n    \"Warning Hints\": \"Avoid eye contact. Keep away from direct heat and sunlight.\",\n    \"Item Number\": \"1622376\",\n    \"Manufacturer Color\": \"N15\",\n    \"Product Series\": \"Rouge Pur Couture\",\n    \"Net Weight\": \"0.004 kg\",\n    \"Package Height\": \"8 cm\",\n    \"Package Length\": \"2.5 cm\",\n    \"Package Width\": \"2.5 cm\"\n}"
    },
    {
        "product_name": "Yves Saint Laurent Rouge Pur Couture The Slim Lipstick Nr. 30",
        "brand_name": "Yves Saint Laurent",
        "brand_url": "https://shop.frankfurt-airport.com/en-US/brand/yves-saint-laurent",
        "retailer_name": "Frankfurt Duty Free",
        "retailer_url": "https://shop.frankfurt-airport.com/en-US/retailer/heinemann",
        "price": "\u20ac38.99",
        "price_per_quantity": "\u20ac1,772.27 / 100  g",
        "description": "Leather-matte finish in a square tapered bullet. Utmost precision. Couture colours & total coverage in one coat. Flexible & comfortable wear all day.Leather-matte finish in a square tapered bullet. Utmost precision. Couture colours & total coverage in one coat. Flexible & comfortable wear all day.",
        "additional_information": "{\n    \"Order Amount\": \"2.2 g\",\n    \"made in\": \"France\",\n    \"Warning Hints\": \"Avoid eye contact. Keep away from direct heat and sunlight.\",\n    \"Item Number\": \"1454832\",\n    \"Manufacturer Color\": \"No. 30 - NUDE\",\n    \"Product Series\": \"Rouge Pur Couture The Slim\",\n    \"Net Weight\": \"0.003 kg\",\n    \"Package Height\": \"10.2 cm\",\n    \"Package Length\": \"1.8 cm\",\n    \"Package Width\": \"1.8 cm\"\n}"
    },
    {
        "product_name": "Yves Saint Laurent Rouge Pur Couture Reno Lipstick N N11",
        "brand_name": "Yves Saint Laurent",
        "brand_url": "https://shop.frankfurt-airport.com/en-US/brand/yves-saint-laurent",
        "retailer_name": "Frankfurt Duty Free",
        "retailer_url": "https://shop.frankfurt-airport.com/en-US/retailer/heinemann",
        "price": "\u20ac38.99",
        "price_per_quantity": "\u20ac1,026.05 / 100  g",
        "description": "Pure color, instant lip fusion. Pure care for (up to) 16h comfort.* Pure couture satin look.Pure color, instant lip fusion. Pure care for (up to) 16h comfort.* Pure couture satin look.",
        "additional_information": "{\n    \"Order Amount\": \"3.8 g\",\n    \"made in\": \"France\",\n    \"Warning Hints\": \"Avoid eye contact. Keep away from direct heat and sunlight.\",\n    \"Item Number\": \"1606878\",\n    \"Manufacturer Color\": \"N11\",\n    \"Product Series\": \"Rouge Pur Couture\",\n    \"Net Weight\": \"0.004 kg\",\n    \"Package Height\": \"8 cm\",\n    \"Package Length\": \"2.4 cm\",\n    \"Package Width\": \"2.4 cm\"\n}"
    },
    {
        "product_name": "Yves Saint Laurent Rouge Pur Couture The Bold Lipstick N 02",
        "brand_name": "Yves Saint Laurent",
        "brand_url": "https://shop.frankfurt-airport.com/en-US/brand/yves-saint-laurent",
        "retailer_name": "Frankfurt Duty Free",
        "retailer_url": "https://shop.frankfurt-airport.com/en-US/retailer/heinemann",
        "price": "\u20ac44.99",
        "price_per_quantity": "\u20ac1,606.79 / 100  g",
        "description": "Couture Shine Lipstick for the unshy. Bold colour in one stroke - clutches your lips & holds strong without running. Couture Shine - so intense yet so thin in a stretchable texture. 10h moisturized comfort feel* with 40% care. *consumer test on 125 women.Couture Shine Lipstick for the unshy. Bold colour in one stroke - clutches your lips & holds strong without running. Couture Shine - so intense yet so thin in a stretchable texture. 10h moisturized comfort feel* with 40% care. *consumer test on 125 women.",
        "additional_information": "{\n    \"Order Amount\": \"2.8 g\",\n    \"made in\": \"France\",\n    \"Warning Hints\": \"Avoid eye contact. Keep away from direct heat and sunlight.\",\n    \"Item Number\": \"1529856\",\n    \"Manufacturer Color\": \"No. 02\",\n    \"Product Series\": \"Rouge Pur Couture The Bold\",\n    \"Net Weight\": \"0.003 kg\",\n    \"Package Height\": \"8.6 cm\",\n    \"Package Length\": \"2.4 cm\",\n    \"Package Width\": \"2.4 cm\"\n}"
    },
    {
        "product_name": "Yves Saint Laurent Rouge Pur Couture Reno Lipstick N N8",
        "brand_name": "Yves Saint Laurent",
        "brand_url": "https://shop.frankfurt-airport.com/en-US/brand/yves-saint-laurent",
        "retailer_name": "Frankfurt Duty Free",
        "retailer_url": "https://shop.frankfurt-airport.com/en-US/retailer/heinemann",
        "price": "\u20ac38.99",
        "price_per_quantity": "\u20ac1,026.05 / 100  g",
        "description": "Pure color, instant lip fusion. Pure care for (up to) 16h comfort.* Pure couture satin look.Pure color, instant lip fusion. Pure care for (up to) 16h comfort.* Pure couture satin look.",
        "additional_information": "{\n    \"Order Amount\": \"3.8 g\",\n    \"made in\": \"France\",\n    \"Warning Hints\": \"Avoid eye contact. Keep away from direct heat and sunlight.\",\n    \"Item Number\": \"1606775\",\n    \"Manufacturer Color\": \"N8\",\n    \"Product Series\": \"Rouge Pur Couture\",\n    \"Net Weight\": \"0.004 kg\",\n    \"Package Height\": \"8 cm\",\n    \"Package Length\": \"2.4 cm\",\n    \"Package Width\": \"2.4 cm\"\n}"
    },
    {
        "product_name": "Yves Saint Laurent Rouge Pur Couture Reno Lipstick N O13",
        "brand_name": "Yves Saint Laurent",
        "brand_url": "https://shop.frankfurt-airport.com/en-US/brand/yves-saint-laurent",
        "retailer_name": "Frankfurt Duty Free",
        "retailer_url": "https://shop.frankfurt-airport.com/en-US/retailer/heinemann",
        "price": "\u20ac38.99",
        "price_per_quantity": "\u20ac1,026.05 / 100  g",
        "description": "Pure color, instant lip fusion. Pure care for (up to) 16h comfort.* Pure couture satin look.Pure color, instant lip fusion. Pure care for (up to) 16h comfort.* Pure couture satin look.",
        "additional_information": "{\n    \"Order Amount\": \"3.8 g\",\n    \"made in\": \"France\",\n    \"Warning Hints\": \"Avoid eye contact. Keep away from direct heat and sunlight.\",\n    \"Item Number\": \"1606879\",\n    \"Manufacturer Color\": \"O13\",\n    \"Product Series\": \"Rouge Pur Couture\",\n    \"Net Weight\": \"0.004 kg\",\n    \"Package Height\": \"8 cm\",\n    \"Package Length\": \"2.4 cm\",\n    \"Package Width\": \"2.4 cm\"\n}"
    },
    {
        "product_name": "Yves Saint Laurent Rouge Pur Couture The Bold Lipstick N 1971",
        "brand_name": "Yves Saint Laurent",
        "brand_url": "https://shop.frankfurt-airport.com/en-US/brand/yves-saint-laurent",
        "retailer_name": "Frankfurt Duty Free",
        "retailer_url": "https://shop.frankfurt-airport.com/en-US/retailer/heinemann",
        "price": "\u20ac44.99",
        "price_per_quantity": "\u20ac1,606.79 / 100  g",
        "description": "Couture Shine Lipstick for the unshy. Bold colour in one stroke - clutches your lips & holds strong without running. Couture Shine - so intense yet so thin in a stretchable texture. 10h moisturized comfort feel* with 40% care. *consumer test on 125 women.Couture Shine Lipstick for the unshy. Bold colour in one stroke - clutches your lips & holds strong without running. Couture Shine - so intense yet so thin in a stretchable texture. 10h moisturized comfort feel* with 40% care. *consumer test on 125 women.",
        "additional_information": "{\n    \"Order Amount\": \"2.8 g\",\n    \"made in\": \"France\",\n    \"Warning Hints\": \"Avoid eye contact. Keep away from direct heat and sunlight.\",\n    \"Item Number\": \"1529857\",\n    \"Manufacturer Color\": \"No. 1971\",\n    \"Product Series\": \"Rouge Pur Couture The Bold\",\n    \"Net Weight\": \"0.003 kg\",\n    \"Package Height\": \"8.6 cm\",\n    \"Package Length\": \"2.4 cm\",\n    \"Package Width\": \"2.3 cm\"\n}"
    },
    {
        "product_name": "YSL Rouge Pur Velvet Radical Lipstick N 302",
        "brand_name": "Yves Saint Laurent",
        "brand_url": "https://shop.frankfurt-airport.com/en-US/brand/yves-saint-laurent",
        "retailer_name": "Frankfurt Duty Free",
        "retailer_url": "https://shop.frankfurt-airport.com/en-US/retailer/heinemann",
        "price": "\u20ac38.99",
        "price_per_quantity": "\u20ac1,529.02 / 100  g",
        "description": "Intensely pigmented velvet matte lipstick with lasting wear of intense colour. 67% caring ingredients including roast leaf extract from YSL BEAUT\u00c9 OURIKA GARDENS offer weightless comfort. Square bullet makes the application easy and ultra precise.Intensely pigmented velvet matte lipstick with lasting wear of intense colour. 67% caring ingredients including roast leaf extract from YSL BEAUT\u00c9 OURIKA GARDENS offer weightless comfort. Square bullet makes the application easy and ultra precise.",
        "additional_information": "{\n    \"Order Amount\": \"2.55 g\",\n    \"made in\": \"France\",\n    \"Warning Hints\": \"Avoid eye contact. Keep away from direct heat and sunlight.\",\n    \"Item Number\": \"1490459\",\n    \"Product Series\": \"Rouge Pur Couture The Slim\",\n    \"Net Weight\": \"0.003 kg\",\n    \"Package Height\": \"10.2 cm\",\n    \"Package Length\": \"1.75 cm\",\n    \"Package Width\": \"1.75 cm\"\n}"
    },
    {
        "product_name": "YSL Rouge Pur Velvet Radical Lipstick N 301",
        "brand_name": "Yves Saint Laurent",
        "brand_url": "https://shop.frankfurt-airport.com/en-US/brand/yves-saint-laurent",
        "retailer_name": "Frankfurt Duty Free",
        "retailer_url": "https://shop.frankfurt-airport.com/en-US/retailer/heinemann",
        "price": "\u20ac38.99",
        "price_per_quantity": "\u20ac1,529.02 / 100  g",
        "description": "Intensely pigmented velvet matte lipstick with lasting wear of intense colour. 67% caring ingredients including roast leaf extract from YSL BEAUT\u00c9 OURIKA GARDENS offer weightless comfort. Square bullet makes the application easy and ultra precise.Intensely pigmented velvet matte lipstick with lasting wear of intense colour. 67% caring ingredients including roast leaf extract from YSL BEAUT\u00c9 OURIKA GARDENS offer weightless comfort. Square bullet makes the application easy and ultra precise.",
        "additional_information": "{\n    \"Order Amount\": \"2.55 g\",\n    \"made in\": \"France\",\n    \"Warning Hints\": \"Avoid eye contact. Keep away from direct heat and sunlight.\",\n    \"Item Number\": \"1490458\",\n    \"Product Series\": \"Rouge Pur Couture The Slim\",\n    \"Net Weight\": \"0.003 kg\",\n    \"Package Height\": \"10.2 cm\",\n    \"Package Length\": \"1.75 cm\",\n    \"Package Width\": \"1.75 cm\"\n}"
    },
    {
        "product_name": "Yves Saint Laurent All Hours Concealer N LW7 15 ml",
        "brand_name": "Yves Saint Laurent",
        "brand_url": "https://shop.frankfurt-airport.com/en-US/brand/yves-saint-laurent",
        "retailer_name": "Frankfurt Duty Free",
        "retailer_url": "https://shop.frankfurt-airport.com/en-US/retailer/heinemann",
        "price": "\u20ac38.99",
        "price_per_quantity": "\u20ac259.93 / 100  ml",
        "description": "UP TO 24H* FULL WEAR \u2013 FEELS BARE \u2013 LONG CARE A creamy, creaseless and buildable fluid concealer for up to 24H* full coverage and luminous matte finish. Dark circles & redness? Covered. Fine lines & imperfection? Blurred. Face & eye features? Softly sculpted. This 85% skincare base concealer is weightless, comfortable and moisturizing for up to 24 hours*. The formula is enriched with Caffeine extracts, and Jasmine petals known for anti-dullness and soothing properties. Instantly, the complexion is perfected up to 24h* and after 14 days, skin looks smoother, softer and firmer. All Hours Precise Angles Concealer can do it all: Conceal, Sculpt, Enhance thanks to its ultra precise applicator. Conceal undereyes and imperfections with the ultra precise tip to reach all angles, expertly sculpt face features with broad sides, or enhance complexion with a full face-face application. New All Hours Precise Angles Concealer. Available in 18 shades. CONSUMERS AGREE** : 95.3% observed their skin as looking smoother 90.7% said it felt softer 83.3% said their fine lines and imperfections were less visible 77.3% agreed that their skin looked firmer *Consumer test on 165 women in US. ** Consumer test on bare skin after 14 days on 165 US Consumers results after 14 days on 165 US consumers.UP TO 24H* FULL WEAR \u2013 FEELS BARE \u2013 LONG CARE A creamy, creaseless and buildable fluid concealer for up to 24H* full coverage and luminous matte finish. Dark circles & redness? Covered. Fine lines & imperfection? Blurred. Face & eye features? Softly sculpted. This 85% skincare base concealer is weightless, comfortable and moisturizing for up to 24 hours*. The formula is enriched with Caffeine extracts, and Jasmine petals known for anti-dullness and soothing properties. Instantly, the complexion is perfected up to 24h* and after 14 days, skin looks smoother, softer and firmer. All Hours Precise Angles Concealer can do it all: Conceal, Sculpt, Enhance thanks to its ultra precise applicator. Conceal undereyes and imperfections with the ultra precise tip to reach all angles, expertly sculpt face features with broad sides, or enhance complexion with a full face-face application. New All Hours Precise Angles Concealer. Available in 18 shades. CONSUMERS AGREE** : 95.3% observed their skin as looking smoother 90.7% said it felt softer 83.3% said their fine lines and imperfections were less visible 77.3% agreed that their skin looked firmer *Consumer test on 165 women in US. ** Consumer test on bare skin after 14 days on 165 US Consumers results after 14 days on 165 US consumers.",
        "additional_information": "{\n    \"Order Amount\": \"15 ml\",\n    \"made in\": \"France\",\n    \"Warning Hints\": \"Avoid eye contact. Keep away from direct heat and sunlight.\",\n    \"Item Number\": \"1594343\",\n    \"Manufacturer Color\": \"LW7\",\n    \"Product Series\": \"All Hours\",\n    \"Net Weight\": \"0.015 kg\",\n    \"Package Height\": \"11.3 cm\",\n    \"Package Length\": \"2.5 cm\",\n    \"Package Width\": \"2.5 cm\"\n}"
    },
    {
        "product_name": "Yves Saint Laurent Y Eau de Parfum Intense 100 ml",
        "brand_name": "Yves Saint Laurent",
        "brand_url": "https://shop.frankfurt-airport.com/en-US/brand/yves-saint-laurent",
        "retailer_name": "Frankfurt Duty Free",
        "retailer_url": "https://shop.frankfurt-airport.com/en-US/retailer/heinemann",
        "price": "\u20ac124.99",
        "price_per_quantity": "\u20ac124.99 / 100  ml",
        "description": "YOUR PASSION AMPLIFIED. THE FRAGRANCE OF SELF-ACCOMPLISHMENT Y EAU DE PARFUM INTENSE expresses an exhilarating moment when you release your creative energy. Sharing your ideas, your gifts, your passion with the world. The fragrance of self-accomplishment, the  amplified intensity of sharing your passion. HIGHLY COOL, INTENSELY SENSUAL. ALL-DAY LONG INTENSITY IN A SPRAY. Y EAU DE PARFUM INTENSE amplifies Y\u2019s signature contrast between the cool and the sensual, spicing up the blend with blue juniper berries. Fresh Diva lavender heart from Provence into an overdose of deep, elegant, sexy woody notes of patchouli from Bali. Highly cool. Intensely  sensual, with a day-long intensity in a spray, amplify your passion, Amplify your Y. THE BOTTLE. A STATEMENT OF COOL & ELEGANCE The  Yconic bottle created by Suzanne Dalton takes on a bold new twist. A translucent, deep, night-blue shade that asserts the freshness  and intensity of the fragrance it holds. The bright silver Y that slashes through the square-shouldered bottle accents the V-shaped  notch in the glass \u2013 a technical feat that turns the Yconic bottle into covetable piece of design. Go deep blue. Amplify the statement.YOUR PASSION AMPLIFIED. THE FRAGRANCE OF SELF-ACCOMPLISHMENT Y EAU DE PARFUM INTENSE expresses an exhilarating moment when you release your creative energy. Sharing your ideas, your gifts, your passion with the world. The fragrance of self-accomplishment, the  amplified intensity of sharing your passion. HIGHLY COOL, INTENSELY SENSUAL. ALL-DAY LONG INTENSITY IN A SPRAY. Y EAU DE PARFUM INTENSE amplifies Y\u2019s signature contrast between the cool and the sensual, spicing up the blend with blue juniper berries. Fresh Diva lavender heart from Provence into an overdose of deep, elegant, sexy woody notes of patchouli from Bali. Highly cool. Intensely  sensual, with a day-long intensity in a spray, amplify your passion, Amplify your Y. THE BOTTLE. A STATEMENT OF COOL & ELEGANCE The  Yconic bottle created by Suzanne Dalton takes on a bold new twist. A translucent, deep, night-blue shade that asserts the freshness  and intensity of the fragrance it holds. The bright silver Y that slashes through the square-shouldered bottle accents the V-shaped  notch in the glass \u2013 a technical feat that turns the Yconic bottle into covetable piece of design. Go deep blue. Amplify the statement.",
        "additional_information": "{\n    \"Order Amount\": \"100 ml\",\n    \"Target Gender\": \"Male\",\n    \"made in\": \"France\",\n    \"Type of Fragrance\": \"Eau De Parfum\",\n    \"Warning Hints\": \"Avoid eye contact. Keep away from direct heat and sunlight.\",\n    \"Item Number\": \"1558478\",\n    \"Product Series\": \"Y\",\n    \"Net Weight\": \"0.1 kg\",\n    \"Package Height\": \"14 cm\",\n    \"Package Length\": \"6 cm\",\n    \"Package Width\": \"5 cm\"\n}"
    },
    {
        "product_name": "YSL Rouge Pur Velvet Radical Lipstick N 308",
        "brand_name": "Yves Saint Laurent",
        "brand_url": "https://shop.frankfurt-airport.com/en-US/brand/yves-saint-laurent",
        "retailer_name": "Frankfurt Duty Free",
        "retailer_url": "https://shop.frankfurt-airport.com/en-US/retailer/heinemann",
        "price": "\u20ac38.99",
        "price_per_quantity": "\u20ac1,529.02 / 100  g",
        "description": "Intensely pigmented velvet matte lipstick with lasting wear of intense colour. 67% caring ingredients including roast leaf extract from YSL BEAUT\u00c9 OURIKA GARDENS offer weightless comfort. Square bullet makes the application easy and ultra precise.Intensely pigmented velvet matte lipstick with lasting wear of intense colour. 67% caring ingredients including roast leaf extract from YSL BEAUT\u00c9 OURIKA GARDENS offer weightless comfort. Square bullet makes the application easy and ultra precise.",
        "additional_information": "{\n    \"Order Amount\": \"2.55 g\",\n    \"made in\": \"France\",\n    \"Warning Hints\": \"Avoid eye contact. Keep away from direct heat and sunlight.\",\n    \"Item Number\": \"1490462\",\n    \"Product Series\": \"Rouge Pur Couture The Slim\",\n    \"Net Weight\": \"0.003 kg\",\n    \"Package Height\": \"10.2 cm\",\n    \"Package Length\": \"1.75 cm\",\n    \"Package Width\": \"1.75 cm\"\n}"
    },
    {
        "product_name": "Yves Saint Laurent Tatouage Couture Liquid Matte Stain N 208 Rouge Faction",
        "brand_name": "Yves Saint Laurent",
        "brand_url": "https://shop.frankfurt-airport.com/en-US/brand/yves-saint-laurent",
        "retailer_name": "Frankfurt Duty Free",
        "retailer_url": "https://shop.frankfurt-airport.com/en-US/retailer/heinemann",
        "price": "\u20ac39.99",
        "price_per_quantity": "\u20ac666.50 / 100  ml",
        "description": "Intense color. High pigmentation. Long lasting. Velvet lips sensation. High accuracy.Intense color. High pigmentation. Long lasting. Velvet lips sensation. High accuracy.",
        "additional_information": "{\n    \"Order Amount\": \"6 ml\",\n    \"made in\": \"France\",\n    \"Warning Hints\": \"Avoid eye contact. Keep away from direct heat and sunlight.\",\n    \"Item Number\": \"1442330\",\n    \"Manufacturer Color\": \"No. 208 - Rouge Faction\",\n    \"Product Series\": \"Tatouage Couture\",\n    \"Net Weight\": \"0.006 kg\",\n    \"Package Height\": \"8.8 cm\",\n    \"Package Length\": \"2.4 cm\",\n    \"Package Width\": \"2.4 cm\"\n}"
    },
    {
        "product_name": "Yves Saint Laurent MYSLF Le Parfum 60 ml",
        "brand_name": "Yves Saint Laurent",
        "brand_url": "https://shop.frankfurt-airport.com/en-US/brand/yves-saint-laurent",
        "retailer_name": "Frankfurt Duty Free",
        "retailer_url": "https://shop.frankfurt-airport.com/en-US/retailer/heinemann",
        "price": "\u20ac84.99",
        "price_per_quantity": "\u20ac141.65 / 100  ml",
        "description": "Yves Saint Laurent MYSLF Le Parfum 60 ml MYSLF Le Parfum, the new addictive intensity born from modern men contrasts. A woody floral statement enhanced by velvety vanilla, for a new sensual ambery trail.Yves Saint Laurent MYSLF Le Parfum 60 ml MYSLF Le Parfum, the new addictive intensity born from modern men contrasts. A woody floral statement enhanced by velvety vanilla, for a new sensual ambery trail.",
        "additional_information": "{\n    \"Order Amount\": \"60 ml\",\n    \"Target Gender\": \"Male\",\n    \"made in\": \"France\",\n    \"Type of Fragrance\": \"Parfum\",\n    \"Warning Hints\": \"Avoid eye contact. Keep away from direct heat and sunlight.\",\n    \"Item Number\": \"1646534\",\n    \"Product Series\": \"MYSLF\",\n    \"Net Weight\": \"0.06 kg\",\n    \"Package Height\": \"15.4 cm\",\n    \"Package Length\": \"3.7 cm\",\n    \"Package Width\": \"4.85 cm\"\n}"
    },
    {
        "product_name": "Yves Saint Laurent Lines Liberated Eyeliner N 01",
        "brand_name": "Yves Saint Laurent",
        "brand_url": "https://shop.frankfurt-airport.com/en-US/brand/yves-saint-laurent",
        "retailer_name": "Frankfurt Duty Free",
        "retailer_url": "https://shop.frankfurt-airport.com/en-US/retailer/heinemann",
        "price": "\u20ac33.99",
        "price_per_quantity": "\u20ac2,832.50 / 100  g",
        "description": "Yves Saint Laurent Lines Liberated Eyeliner Nr. 01 The new YSL Beauty Eye Pencils. Highly pigmented, highly blendable 24H wear*. Smudge-resistant. Waterproof. Dare to discover unbridled pigments with a shot of invigorating color in 1 stroke. Ultra-charged pigments for boldly vibrant matte, satin matte & chrome finishes. Indulge in ultra-gliding high-pleasure texture. Experience the 3-in-1 slant-angle brush to sculpt, blend & stretch your look. Enjoy the enriched formula with cactus fig oil from the exclusive YSL Beauty Ourika Community Gardens for all day comfort. Available in 12 hyper-charged shades. *Consumer test on 101 womenYves Saint Laurent Lines Liberated Eyeliner Nr. 01 The new YSL Beauty Eye Pencils. Highly pigmented, highly blendable 24H wear*. Smudge-resistant. Waterproof. Dare to discover unbridled pigments with a shot of invigorating color in 1 stroke. Ultra-charged pigments for boldly vibrant matte, satin matte & chrome finishes. Indulge in ultra-gliding high-pleasure texture. Experience the 3-in-1 slant-angle brush to sculpt, blend & stretch your look. Enjoy the enriched formula with cactus fig oil from the exclusive YSL Beauty Ourika Community Gardens for all day comfort. Available in 12 hyper-charged shades. *Consumer test on 101 women",
        "additional_information": "{\n    \"Order Amount\": \"1.2 g\",\n    \"made in\": \"Germany\",\n    \"Warning Hints\": \"Avoid eye contact. Keep away from direct heat and sunlight.\",\n    \"Item Number\": \"1626048\",\n    \"Manufacturer Color\": \"No. 01\",\n    \"Product Series\": \"Lines Liberated\",\n    \"Net Weight\": \"0.001 kg\",\n    \"Package Height\": \"16.2 cm\",\n    \"Package Length\": \"1.45 cm\",\n    \"Package Width\": \"1.45 cm\"\n}"
    },
    {
        "product_name": "Yves Saint Laurent Rouge Pur Couture Reno Lipstick N NM",
        "brand_name": "Yves Saint Laurent",
        "brand_url": "https://shop.frankfurt-airport.com/en-US/brand/yves-saint-laurent",
        "retailer_name": "Frankfurt Duty Free",
        "retailer_url": "https://shop.frankfurt-airport.com/en-US/retailer/heinemann",
        "price": "\u20ac38.99",
        "price_per_quantity": "\u20ac1,026.05 / 100  g",
        "description": "Pure color, instant lip fusion. Pure care for (up to) 16h comfort.* Pure couture satin look.Pure color, instant lip fusion. Pure care for (up to) 16h comfort.* Pure couture satin look.",
        "additional_information": "{\n    \"Order Amount\": \"3.8 g\",\n    \"made in\": \"France\",\n    \"Warning Hints\": \"Avoid eye contact. Keep away from direct heat and sunlight.\",\n    \"Item Number\": \"1606776\",\n    \"Manufacturer Color\": \"NM\",\n    \"Product Series\": \"Rouge Pur Couture\",\n    \"Net Weight\": \"0.004 kg\",\n    \"Package Height\": \"8 cm\",\n    \"Package Length\": \"2.4 cm\",\n    \"Package Width\": \"2.4 cm\"\n}"
    },
    {
        "product_name": "Yves Saint Laurent Tatouage Couture Liquid Matte Stain N 211 Chili Incitement",
        "brand_name": "Yves Saint Laurent",
        "brand_url": "https://shop.frankfurt-airport.com/en-US/brand/yves-saint-laurent",
        "retailer_name": "Frankfurt Duty Free",
        "retailer_url": "https://shop.frankfurt-airport.com/en-US/retailer/heinemann",
        "price": "\u20ac39.99",
        "price_per_quantity": "\u20ac666.50 / 100  ml",
        "description": "Intense color. High pigmentation. Long lasting. Velvet lips sensation. High accuracy.Intense color. High pigmentation. Long lasting. Velvet lips sensation. High accuracy.",
        "additional_information": "{\n    \"Order Amount\": \"6 ml\",\n    \"made in\": \"France\",\n    \"Warning Hints\": \"Avoid eye contact. Keep away from direct heat and sunlight.\",\n    \"Item Number\": \"1442327\",\n    \"Manufacturer Color\": \"No. 211 - CHILI INCITEMENT\",\n    \"Product Series\": \"Tatouage Couture\",\n    \"Net Weight\": \"0.006 kg\",\n    \"Package Height\": \"8.8 cm\",\n    \"Package Length\": \"2.4 cm\",\n    \"Package Width\": \"2.4 cm\"\n}"
    },
    {
        "product_name": "Yves Saint Laurent Couture Baby Clutch Eye Shadow Palette N 2 Gueliz Dream",
        "brand_name": "Yves Saint Laurent",
        "brand_url": "https://shop.frankfurt-airport.com/en-US/brand/yves-saint-laurent",
        "retailer_name": "Frankfurt Duty Free",
        "retailer_url": "https://shop.frankfurt-airport.com/en-US/retailer/heinemann",
        "price": "\u20ac57.99",
        "price_per_quantity": "\u20ac1,159.80 / 100  g",
        "description": "With the six nude palettes inspired by the dusky pinks of the Marrakech kasbah, the spice colours of the souks and the soothing tones of the designer\u2019s Paris atelier, express yourself with a bold edge. There\u2019s a palette that suits everyone, and every occasion, making each compact the ultimate in versatility.With the six nude palettes inspired by the dusky pinks of the Marrakech kasbah, the spice colours of the souks and the soothing tones of the designer\u2019s Paris atelier, express yourself with a bold edge. There\u2019s a palette that suits everyone, and every occasion, making each compact the ultimate in versatility.",
        "additional_information": "{\n    \"Order Amount\": \"5 g\",\n    \"made in\": \"Italy\",\n    \"Warning Hints\": \"Avoid eye contact. Keep away from direct heat and sunlight.\",\n    \"Item Number\": \"1570891\",\n    \"Manufacturer Color\": \"No. 2 - GUELIZ DREAM\",\n    \"Product Series\": \"Couture Baby Clutch\",\n    \"Net Weight\": \"0.005 kg\",\n    \"Package Height\": \"8.8 cm\",\n    \"Package Length\": \"6.6 cm\",\n    \"Package Width\": \"2.6 cm\"\n}"
    },
    {
        "product_name": "Yves Saint Laurent Encre de Peau Foundation All Hours Reno Nr. MC2 25 ml",
        "brand_name": "Yves Saint Laurent",
        "brand_url": "https://shop.frankfurt-airport.com/en-US/brand/yves-saint-laurent",
        "retailer_name": "Frankfurt Duty Free",
        "retailer_url": "https://shop.frankfurt-airport.com/en-US/retailer/heinemann",
        "price": "\u20ac39.99",
        "price_per_quantity": "\u20ac159.96 / 100  ml",
        "description": "Complexion perfection you can rely on all day, all night, ALL HOURS. An upgraded breathable formula providing 24h* full coverage and  weightless feel. Experience an ultra-sensorial skin on skin sensation with a seamless cover action, as if you had a flawless naked skin. The new formula is infused with Hyaluronic acid. It provides all day hydration feel and day after day skin caring benefits, even after removal. Proven: skin feels softer, smoother, hydrated, after only 2 weeks*. For ALL HOURS renovation, YSL developed our first Skin-Fusing\u2122 technology to mimic the composition of the skin for a total fusion. To achieve a triple proof: Transfer proof, Waterproof, and Sport proof. The complexion remains flawless and fresh, for a 24h* natural luminous matte makeup result. *Consumer test with 111 women.Complexion perfection you can rely on all day, all night, ALL HOURS. An upgraded breathable formula providing 24h* full coverage and  weightless feel. Experience an ultra-sensorial skin on skin sensation with a seamless cover action, as if you had a flawless naked skin. The new formula is infused with Hyaluronic acid. It provides all day hydration feel and day after day skin caring benefits, even after removal. Proven: skin feels softer, smoother, hydrated, after only 2 weeks*. For ALL HOURS renovation, YSL developed our first Skin-Fusing\u2122 technology to mimic the composition of the skin for a total fusion. To achieve a triple proof: Transfer proof, Waterproof, and Sport proof. The complexion remains flawless and fresh, for a 24h* natural luminous matte makeup result. *Consumer test with 111 women.",
        "additional_information": "{\n    \"Order Amount\": \"25 ml\",\n    \"made in\": \"France\",\n    \"Warning Hints\": \"Avoid eye contact. Keep away from direct heat and sunlight.\",\n    \"Item Number\": \"1524142\",\n    \"Manufacturer Color\": \"MC2\",\n    \"Product Series\": \"All Hours\",\n    \"Net Weight\": \"0.025 kg\",\n    \"Package Height\": \"11.65 cm\",\n    \"Package Length\": \"3.8 cm\",\n    \"Package Width\": \"3.2 cm\"\n}"
    },
    {
        "product_name": "Yves Saint Laurent Encre de Peau Foundation All Hours Reno Nr. MW2 25 ml",
        "brand_name": "Yves Saint Laurent",
        "brand_url": "https://shop.frankfurt-airport.com/en-US/brand/yves-saint-laurent",
        "retailer_name": "Frankfurt Duty Free",
        "retailer_url": "https://shop.frankfurt-airport.com/en-US/retailer/heinemann",
        "price": "\u20ac39.99",
        "price_per_quantity": "\u20ac159.96 / 100  ml",
        "description": "Complexion perfection you can rely on all day, all night, ALL HOURS. An upgraded breathable formula providing 24h* full coverage and  weightless feel. Experience an ultra-sensorial skin on skin sensation with a seamless cover action, as if you had a flawless naked skin. The new formula is infused with Hyaluronic acid. It provides all day hydration feel and day after day skin caring benefits, even after removal. Proven: skin feels softer, smoother, hydrated, after only 2 weeks*. For ALL HOURS renovation, YSL developed our first Skin-Fusing\u2122 technology to mimic the composition of the skin for a total fusion. To achieve a triple proof: Transfer proof, Waterproof, and Sport proof. The complexion remains flawless and fresh, for a 24h* natural luminous matte makeup result. *Consumer test with 111 women.Complexion perfection you can rely on all day, all night, ALL HOURS. An upgraded breathable formula providing 24h* full coverage and  weightless feel. Experience an ultra-sensorial skin on skin sensation with a seamless cover action, as if you had a flawless naked skin. The new formula is infused with Hyaluronic acid. It provides all day hydration feel and day after day skin caring benefits, even after removal. Proven: skin feels softer, smoother, hydrated, after only 2 weeks*. For ALL HOURS renovation, YSL developed our first Skin-Fusing\u2122 technology to mimic the composition of the skin for a total fusion. To achieve a triple proof: Transfer proof, Waterproof, and Sport proof. The complexion remains flawless and fresh, for a 24h* natural luminous matte makeup result. *Consumer test with 111 women.",
        "additional_information": "{\n    \"Order Amount\": \"25 ml\",\n    \"made in\": \"France\",\n    \"Warning Hints\": \"Avoid eye contact. Keep away from direct heat and sunlight.\",\n    \"Item Number\": \"1524140\",\n    \"Manufacturer Color\": \"MW2\",\n    \"Product Series\": \"All Hours\",\n    \"Net Weight\": \"0.025 kg\",\n    \"Package Height\": \"12 cm\",\n    \"Package Length\": \"3.8 cm\",\n    \"Package Width\": \"3.2 cm\"\n}"
    },
    {
        "product_name": "Yves Saint Laurent All Hours Concealer N DW7 15 ml",
        "brand_name": "Yves Saint Laurent",
        "brand_url": "https://shop.frankfurt-airport.com/en-US/brand/yves-saint-laurent",
        "retailer_name": "Frankfurt Duty Free",
        "retailer_url": "https://shop.frankfurt-airport.com/en-US/retailer/heinemann",
        "price": "\u20ac38.99",
        "price_per_quantity": "\u20ac259.93 / 100  ml",
        "description": "UP TO 24H* FULL WEAR \u2013 FEELS BARE \u2013 LONG CARE A creamy, creaseless and buildable fluid concealer for up to 24H* full coverage and luminous matte finish. Dark circles & redness? Covered. Fine lines & imperfection? Blurred. Face & eye features? Softly sculpted. This 85% skincare base concealer is weightless, comfortable and moisturizing for up to 24 hours*. The formula is enriched with Caffeine extracts, and Jasmine petals known for anti-dullness and soothing properties. Instantly, the complexion is perfected up to 24h* and after 14 days, skin looks smoother, softer and firmer. All Hours Precise Angles Concealer can do it all: Conceal, Sculpt, Enhance thanks to its ultra precise applicator. Conceal undereyes and imperfections with the ultra precise tip to reach all angles, expertly sculpt face features with broad sides, or enhance complexion with a full face-face application. New All Hours Precise Angles Concealer. Available in 18 shades. CONSUMERS AGREE** : 95.3% observed their skin as looking smoother 90.7% said it felt softer 83.3% said their fine lines and imperfections were less visible 77.3% agreed that their skin looked firmer *Consumer test on 165 women in US. ** Consumer test on bare skin after 14 days on 165 US Consumers results after 14 days on 165 US consumers.UP TO 24H* FULL WEAR \u2013 FEELS BARE \u2013 LONG CARE A creamy, creaseless and buildable fluid concealer for up to 24H* full coverage and luminous matte finish. Dark circles & redness? Covered. Fine lines & imperfection? Blurred. Face & eye features? Softly sculpted. This 85% skincare base concealer is weightless, comfortable and moisturizing for up to 24 hours*. The formula is enriched with Caffeine extracts, and Jasmine petals known for anti-dullness and soothing properties. Instantly, the complexion is perfected up to 24h* and after 14 days, skin looks smoother, softer and firmer. All Hours Precise Angles Concealer can do it all: Conceal, Sculpt, Enhance thanks to its ultra precise applicator. Conceal undereyes and imperfections with the ultra precise tip to reach all angles, expertly sculpt face features with broad sides, or enhance complexion with a full face-face application. New All Hours Precise Angles Concealer. Available in 18 shades. CONSUMERS AGREE** : 95.3% observed their skin as looking smoother 90.7% said it felt softer 83.3% said their fine lines and imperfections were less visible 77.3% agreed that their skin looked firmer *Consumer test on 165 women in US. ** Consumer test on bare skin after 14 days on 165 US Consumers results after 14 days on 165 US consumers.",
        "additional_information": "{\n    \"Order Amount\": \"15 ml\",\n    \"made in\": \"France\",\n    \"Warning Hints\": \"Avoid eye contact. Keep away from direct heat and sunlight.\",\n    \"Item Number\": \"1594348\",\n    \"Manufacturer Color\": \"DW7\",\n    \"Product Series\": \"All Hours\",\n    \"Net Weight\": \"0.015 kg\",\n    \"Package Height\": \"11.3 cm\",\n    \"Package Length\": \"2.5 cm\",\n    \"Package Width\": \"2.5 cm\"\n}"
    },
    {
        "product_name": "Yves Saint Laurent Encre de Peau Foundation All Hours Reno Nr. LN8 25 ml",
        "brand_name": "Yves Saint Laurent",
        "brand_url": "https://shop.frankfurt-airport.com/en-US/brand/yves-saint-laurent",
        "retailer_name": "Frankfurt Duty Free",
        "retailer_url": "https://shop.frankfurt-airport.com/en-US/retailer/heinemann",
        "price": "\u20ac39.99",
        "price_per_quantity": "\u20ac159.96 / 100  ml",
        "description": "Complexion perfection you can rely on all day, all night, ALL HOURS. An upgraded breathable formula providing 24h* full coverage and  weightless feel. Experience an ultra-sensorial skin on skin sensation with a seamless cover action, as if you had a flawless naked skin. The new formula is infused with Hyaluronic acid. It provides all day hydration feel and day after day skin caring benefits, even after removal. Proven: skin feels softer, smoother, hydrated, after only 2 weeks*. For ALL HOURS renovation, YSL developed our first Skin-Fusing\u2122 technology to mimic the composition of the skin for a total fusion. To achieve a triple proof: Transfer proof, Waterproof, and Sport proof. The complexion remains flawless and fresh, for a 24h* natural luminous matte makeup result. *Consumer test with 111 women.Complexion perfection you can rely on all day, all night, ALL HOURS. An upgraded breathable formula providing 24h* full coverage and  weightless feel. Experience an ultra-sensorial skin on skin sensation with a seamless cover action, as if you had a flawless naked skin. The new formula is infused with Hyaluronic acid. It provides all day hydration feel and day after day skin caring benefits, even after removal. Proven: skin feels softer, smoother, hydrated, after only 2 weeks*. For ALL HOURS renovation, YSL developed our first Skin-Fusing\u2122 technology to mimic the composition of the skin for a total fusion. To achieve a triple proof: Transfer proof, Waterproof, and Sport proof. The complexion remains flawless and fresh, for a 24h* natural luminous matte makeup result. *Consumer test with 111 women.",
        "additional_information": "{\n    \"Order Amount\": \"25 ml\",\n    \"made in\": \"France\",\n    \"Warning Hints\": \"Avoid eye contact. Keep away from direct heat and sunlight.\",\n    \"Item Number\": \"1524143\",\n    \"Manufacturer Color\": \"LN8\",\n    \"Product Series\": \"All Hours\",\n    \"Net Weight\": \"0.025 kg\",\n    \"Package Height\": \"13 cm\",\n    \"Package Length\": \"3.8 cm\",\n    \"Package Width\": \"3.2 cm\"\n}"
    },
    {
        "product_name": "Yves Saint Laurent Rouge Pur Couture The Slim Lipstick Velvet N 28 Fatal Carmin",
        "brand_name": "Yves Saint Laurent",
        "brand_url": "https://shop.frankfurt-airport.com/en-US/brand/yves-saint-laurent",
        "retailer_name": "Frankfurt Duty Free",
        "retailer_url": "https://shop.frankfurt-airport.com/en-US/retailer/heinemann",
        "price": "\u20ac38.99",
        "price_per_quantity": "\u20ac1,949.50 / 100  g",
        "description": "Intensely pigmented velvet matte lipstickIntensely pigmented velvet matte lipstick",
        "additional_information": "{\n    \"Order Amount\": \"2 g\",\n    \"made in\": \"France\",\n    \"Warning Hints\": \"Avoid eye contact. Keep away from direct heat and sunlight.\",\n    \"Item Number\": \"1492831\",\n    \"Manufacturer Color\": \"No. 28 - FATAL CARMIN\",\n    \"Product Series\": \"Rouge Pur Couture The Slim\",\n    \"Net Weight\": \"0.002 kg\",\n    \"Package Height\": \"10.2 cm\",\n    \"Package Length\": \"1.75 cm\",\n    \"Package Width\": \"1.75 cm\"\n}"
    },
    {
        "product_name": "Yves Saint Laurent Tatouage Couture Liquid Matte Stain N 212 Rouge Rebel",
        "brand_name": "Yves Saint Laurent",
        "brand_url": "https://shop.frankfurt-airport.com/en-US/brand/yves-saint-laurent",
        "retailer_name": "Frankfurt Duty Free",
        "retailer_url": "https://shop.frankfurt-airport.com/en-US/retailer/heinemann",
        "price": "\u20ac39.99",
        "price_per_quantity": "\u20ac666.50 / 100  ml",
        "description": "Intense color. High pigmentation. Long lasting. Velvet lips sensation. High accuracy.Intense color. High pigmentation. Long lasting. Velvet lips sensation. High accuracy.",
        "additional_information": "{\n    \"Order Amount\": \"6 ml\",\n    \"made in\": \"France\",\n    \"Warning Hints\": \"Avoid eye contact. Keep away from direct heat and sunlight.\",\n    \"Item Number\": \"1442326\",\n    \"Manufacturer Color\": \"No. 212 - ROUGE REBEL\",\n    \"Product Series\": \"Tatouage Couture\",\n    \"Net Weight\": \"0.006 kg\",\n    \"Package Height\": \"8.8 cm\",\n    \"Package Length\": \"2.4 cm\",\n    \"Package Width\": \"2.4 cm\"\n}"
    },
    {
        "product_name": "Yves Saint Laurent Blush Rush Liquid Blush N 57 15 ml",
        "brand_name": "Yves Saint Laurent",
        "brand_url": "https://shop.frankfurt-airport.com/en-US/brand/yves-saint-laurent",
        "retailer_name": "Frankfurt Duty Free",
        "retailer_url": "https://shop.frankfurt-airport.com/en-US/retailer/heinemann",
        "price": "\u20ac37.99",
        "price_per_quantity": "\u20ac253.27 / 100  ml",
        "description": "Yves Saint Laurent Blush Rush Liquid Blush Nr. 57 15 ml Yves Saint Laurent's new MAKE ME BLUSH, a fluid blush that melts into the cheeks without leaving any residue for all-day, healthy skin tone. The lightweight yet highly impactful formula helps you customize your look, from healthy skin toning to tightened cheeks to maximum color intensityYves Saint Laurent Blush Rush Liquid Blush Nr. 57 15 ml Yves Saint Laurent's new MAKE ME BLUSH, a fluid blush that melts into the cheeks without leaving any residue for all-day, healthy skin tone. The lightweight yet highly impactful formula helps you customize your look, from healthy skin toning to tightened cheeks to maximum color intensity",
        "additional_information": "{\n    \"Order Amount\": \"15 ml\",\n    \"made in\": \"France\",\n    \"Warning Hints\": \"Avoid eye contact. Keep away from direct heat and sunlight.\",\n    \"Item Number\": \"1632041\",\n    \"Manufacturer Color\": \"No. 57\",\n    \"Product Series\": \"Blush Rush\",\n    \"Net Weight\": \"0.015 kg\",\n    \"Package Height\": \"11.1 cm\",\n    \"Package Length\": \"2.45 cm\",\n    \"Package Width\": \"2.45 cm\"\n}"
    },
    {
        "product_name": "Yves Saint Laurent All Hours Concealer N MW2 15 ml",
        "brand_name": "Yves Saint Laurent",
        "brand_url": "https://shop.frankfurt-airport.com/en-US/brand/yves-saint-laurent",
        "retailer_name": "Frankfurt Duty Free",
        "retailer_url": "https://shop.frankfurt-airport.com/en-US/retailer/heinemann",
        "price": "\u20ac38.99",
        "price_per_quantity": "\u20ac259.93 / 100  ml",
        "description": "UP TO 24H* FULL WEAR \u2013 FEELS BARE \u2013 LONG CARE A creamy, creaseless and buildable fluid concealer for up to 24H* full coverage and luminous matte finish. Dark circles & redness? Covered. Fine lines & imperfection? Blurred. Face & eye features? Softly sculpted. This 85% skincare base concealer is weightless, comfortable and moisturizing for up to 24 hours*. The formula is enriched with Caffeine extracts, and Jasmine petals known for anti-dullness and soothing properties. Instantly, the complexion is perfected up to 24h* and after 14 days, skin looks smoother, softer and firmer. All Hours Precise Angles Concealer can do it all: Conceal, Sculpt, Enhance thanks to its ultra precise applicator. Conceal undereyes and imperfections with the ultra precise tip to reach all angles, expertly sculpt face features with broad sides, or enhance complexion with a full face-face application. New All Hours Precise Angles Concealer. Available in 18 shades. CONSUMERS AGREE** : 95.3% observed their skin as looking smoother 90.7% said it felt softer 83.3% said their fine lines and imperfections were less visible 77.3% agreed that their skin looked firmer *Consumer test on 165 women in US. ** Consumer test on bare skin after 14 days on 165 US Consumers results after 14 days on 165 US consumers.UP TO 24H* FULL WEAR \u2013 FEELS BARE \u2013 LONG CARE A creamy, creaseless and buildable fluid concealer for up to 24H* full coverage and luminous matte finish. Dark circles & redness? Covered. Fine lines & imperfection? Blurred. Face & eye features? Softly sculpted. This 85% skincare base concealer is weightless, comfortable and moisturizing for up to 24 hours*. The formula is enriched with Caffeine extracts, and Jasmine petals known for anti-dullness and soothing properties. Instantly, the complexion is perfected up to 24h* and after 14 days, skin looks smoother, softer and firmer. All Hours Precise Angles Concealer can do it all: Conceal, Sculpt, Enhance thanks to its ultra precise applicator. Conceal undereyes and imperfections with the ultra precise tip to reach all angles, expertly sculpt face features with broad sides, or enhance complexion with a full face-face application. New All Hours Precise Angles Concealer. Available in 18 shades. CONSUMERS AGREE** : 95.3% observed their skin as looking smoother 90.7% said it felt softer 83.3% said their fine lines and imperfections were less visible 77.3% agreed that their skin looked firmer *Consumer test on 165 women in US. ** Consumer test on bare skin after 14 days on 165 US Consumers results after 14 days on 165 US consumers.",
        "additional_information": "{\n    \"Order Amount\": \"15 ml\",\n    \"made in\": \"France\",\n    \"Warning Hints\": \"Avoid eye contact. Keep away from direct heat and sunlight.\",\n    \"Item Number\": \"1594346\",\n    \"Manufacturer Color\": \"MW2\",\n    \"Product Series\": \"All Hours\",\n    \"Net Weight\": \"0.015 kg\",\n    \"Package Height\": \"11.1 cm\",\n    \"Package Length\": \"2.45 cm\",\n    \"Package Width\": \"2.45 cm\"\n}"
    },
    {
        "product_name": "Yves Saint Laurent Rouge Pur Couture The Slim Lipstick Velvet N 309 Red Enigma",
        "brand_name": "Yves Saint Laurent",
        "brand_url": "https://shop.frankfurt-airport.com/en-US/brand/yves-saint-laurent",
        "retailer_name": "Frankfurt Duty Free",
        "retailer_url": "https://shop.frankfurt-airport.com/en-US/retailer/heinemann",
        "price": "\u20ac38.99",
        "price_per_quantity": "\u20ac1,949.50 / 100  g",
        "description": "Intensely pigmented velvet matte lipstickIntensely pigmented velvet matte lipstick",
        "additional_information": "{\n    \"Order Amount\": \"2 g\",\n    \"made in\": \"France\",\n    \"Warning Hints\": \"Avoid eye contact. Keep away from direct heat and sunlight.\",\n    \"Item Number\": \"1492833\",\n    \"Manufacturer Color\": \"No. 309 - Red Enigma\",\n    \"Product Series\": \"Rouge Pur Couture The Slim\",\n    \"Net Weight\": \"0.002 kg\",\n    \"Package Height\": \"10.2 cm\",\n    \"Package Length\": \"1.75 cm\",\n    \"Package Width\": \"1.75 cm\"\n}"
    },
    {
        "product_name": "Yves Saint Laurent Encre de Peau Foundation All Hours Reno Nr. DC7 25 ml",
        "brand_name": "Yves Saint Laurent",
        "brand_url": "https://shop.frankfurt-airport.com/en-US/brand/yves-saint-laurent",
        "retailer_name": "Frankfurt Duty Free",
        "retailer_url": "https://shop.frankfurt-airport.com/en-US/retailer/heinemann",
        "price": "\u20ac39.99",
        "price_per_quantity": "\u20ac159.96 / 100  ml",
        "description": "Complexion perfection you can rely on all day, all night, ALL HOURS. An upgraded breathable formula providing 24h* full coverage and  weightless feel. Experience an ultra-sensorial skin on skin sensation with a seamless cover action, as if you had a flawless naked skin. The new formula is infused with Hyaluronic acid. It provides all day hydration feel and day after day skin caring benefits, even after removal. Proven: skin feels softer, smoother, hydrated, after only 2 weeks*. For ALL HOURS renovation, YSL developed our first Skin-Fusing\u2122 technology to mimic the composition of the skin for a total fusion. To achieve a triple proof: Transfer proof, Waterproof, and Sport proof. The complexion remains flawless and fresh, for a 24h* natural luminous matte makeup result. *Consumer test with 111 women.Complexion perfection you can rely on all day, all night, ALL HOURS. An upgraded breathable formula providing 24h* full coverage and  weightless feel. Experience an ultra-sensorial skin on skin sensation with a seamless cover action, as if you had a flawless naked skin. The new formula is infused with Hyaluronic acid. It provides all day hydration feel and day after day skin caring benefits, even after removal. Proven: skin feels softer, smoother, hydrated, after only 2 weeks*. For ALL HOURS renovation, YSL developed our first Skin-Fusing\u2122 technology to mimic the composition of the skin for a total fusion. To achieve a triple proof: Transfer proof, Waterproof, and Sport proof. The complexion remains flawless and fresh, for a 24h* natural luminous matte makeup result. *Consumer test with 111 women.",
        "additional_information": "{\n    \"Order Amount\": \"25 ml\",\n    \"made in\": \"France\",\n    \"Warning Hints\": \"Avoid eye contact. Keep away from direct heat and sunlight.\",\n    \"Item Number\": \"1524139\",\n    \"Manufacturer Color\": \"DC7\",\n    \"Product Series\": \"All Hours\",\n    \"Net Weight\": \"0.025 kg\",\n    \"Package Height\": \"11.5 cm\",\n    \"Package Length\": \"4 cm\",\n    \"Package Width\": \"3.1 cm\"\n}"
    },
    {
        "product_name": "Yves Saint Laurent Blush Rush Liquid Blush N 54 15 ml",
        "brand_name": "Yves Saint Laurent",
        "brand_url": "https://shop.frankfurt-airport.com/en-US/brand/yves-saint-laurent",
        "retailer_name": "Frankfurt Duty Free",
        "retailer_url": "https://shop.frankfurt-airport.com/en-US/retailer/heinemann",
        "price": "\u20ac37.99",
        "price_per_quantity": "\u20ac253.27 / 100  ml",
        "description": "Yves Saint Laurent Blush Rush Liquid Blush Nr. 54 15 ml Yves Saint Laurent's new MAKE ME BLUSH, a fluid blush that melts into the cheeks without leaving any residue for all-day, healthy skin tone. The lightweight yet highly impactful formula helps you customize your look, from healthy skin toning to tightened cheeks to maximum color intensityYves Saint Laurent Blush Rush Liquid Blush Nr. 54 15 ml Yves Saint Laurent's new MAKE ME BLUSH, a fluid blush that melts into the cheeks without leaving any residue for all-day, healthy skin tone. The lightweight yet highly impactful formula helps you customize your look, from healthy skin toning to tightened cheeks to maximum color intensity",
        "additional_information": "{\n    \"Order Amount\": \"15 ml\",\n    \"made in\": \"France\",\n    \"Warning Hints\": \"Avoid eye contact. Keep away from direct heat and sunlight.\",\n    \"Item Number\": \"1632043\",\n    \"Manufacturer Color\": \"No. 54\",\n    \"Product Series\": \"Blush Rush\",\n    \"Net Weight\": \"0.015 kg\",\n    \"Package Height\": \"11.1 cm\",\n    \"Package Length\": \"2.45 cm\",\n    \"Package Width\": \"2.45 cm\"\n}"
    },
    {
        "product_name": "Yves Saint Laurent Encre de Peau Foundation All Hours Reno Nr. LC5 25 ml",
        "brand_name": "Yves Saint Laurent",
        "brand_url": "https://shop.frankfurt-airport.com/en-US/brand/yves-saint-laurent",
        "retailer_name": "Frankfurt Duty Free",
        "retailer_url": "https://shop.frankfurt-airport.com/en-US/retailer/heinemann",
        "price": "\u20ac39.99",
        "price_per_quantity": "\u20ac159.96 / 100  ml",
        "description": "Complexion perfection you can rely on all day, all night, ALL HOURS. An upgraded breathable formula providing 24h* full coverage and  weightless feel. Experience an ultra-sensorial skin on skin sensation with a seamless cover action, as if you had a flawless naked skin. The new formula is infused with Hyaluronic acid. It provides all day hydration feel and day after day skin caring benefits, even after removal. Proven: skin feels softer, smoother, hydrated, after only 2 weeks*. For ALL HOURS renovation, YSL developed our first Skin-Fusing\u2122 technology to mimic the composition of the skin for a total fusion. To achieve a triple proof: Transfer proof, Waterproof, and Sport proof. The complexion remains flawless and fresh, for a 24h* natural luminous matte makeup result. *Consumer test with 111 women.Complexion perfection you can rely on all day, all night, ALL HOURS. An upgraded breathable formula providing 24h* full coverage and  weightless feel. Experience an ultra-sensorial skin on skin sensation with a seamless cover action, as if you had a flawless naked skin. The new formula is infused with Hyaluronic acid. It provides all day hydration feel and day after day skin caring benefits, even after removal. Proven: skin feels softer, smoother, hydrated, after only 2 weeks*. For ALL HOURS renovation, YSL developed our first Skin-Fusing\u2122 technology to mimic the composition of the skin for a total fusion. To achieve a triple proof: Transfer proof, Waterproof, and Sport proof. The complexion remains flawless and fresh, for a 24h* natural luminous matte makeup result. *Consumer test with 111 women.",
        "additional_information": "{\n    \"Order Amount\": \"25 ml\",\n    \"made in\": \"France\",\n    \"Warning Hints\": \"Avoid eye contact. Keep away from direct heat and sunlight.\",\n    \"Item Number\": \"1524149\",\n    \"Manufacturer Color\": \"LC5\",\n    \"Product Series\": \"Encre de Peau\",\n    \"Net Weight\": \"0.025 kg\",\n    \"Package Height\": \"11.8 cm\",\n    \"Package Length\": \"3.8 cm\",\n    \"Package Width\": \"3.2 cm\"\n}"
    },
    {
        "product_name": "Yves Saint Laurent Encre de Peau Foundation All Hours Reno Nr. LC2 25 ml",
        "brand_name": "Yves Saint Laurent",
        "brand_url": "https://shop.frankfurt-airport.com/en-US/brand/yves-saint-laurent",
        "retailer_name": "Frankfurt Duty Free",
        "retailer_url": "https://shop.frankfurt-airport.com/en-US/retailer/heinemann",
        "price": "\u20ac39.99",
        "price_per_quantity": "\u20ac159.96 / 100  ml",
        "description": "Complexion perfection you can rely on all day, all night, ALL HOURS. An upgraded breathable formula providing 24h* full coverage and  weightless feel. Experience an ultra-sensorial skin on skin sensation with a seamless cover action, as if you had a flawless naked skin. The new formula is infused with Hyaluronic acid. It provides all day hydration feel and day after day skin caring benefits, even after removal. Proven: skin feels softer, smoother, hydrated, after only 2 weeks*. For ALL HOURS renovation, YSL developed our first Skin-Fusing\u2122 technology to mimic the composition of the skin for a total fusion. To achieve a triple proof: Transfer proof, Waterproof, and Sport proof. The complexion remains flawless and fresh, for a 24h* natural luminous matte makeup result. *Consumer test with 111 women.Complexion perfection you can rely on all day, all night, ALL HOURS. An upgraded breathable formula providing 24h* full coverage and  weightless feel. Experience an ultra-sensorial skin on skin sensation with a seamless cover action, as if you had a flawless naked skin. The new formula is infused with Hyaluronic acid. It provides all day hydration feel and day after day skin caring benefits, even after removal. Proven: skin feels softer, smoother, hydrated, after only 2 weeks*. For ALL HOURS renovation, YSL developed our first Skin-Fusing\u2122 technology to mimic the composition of the skin for a total fusion. To achieve a triple proof: Transfer proof, Waterproof, and Sport proof. The complexion remains flawless and fresh, for a 24h* natural luminous matte makeup result. *Consumer test with 111 women.",
        "additional_information": "{\n    \"Order Amount\": \"25 ml\",\n    \"made in\": \"France\",\n    \"Warning Hints\": \"Avoid eye contact. Keep away from direct heat and sunlight.\",\n    \"Item Number\": \"1524150\",\n    \"Manufacturer Color\": \"LC2\",\n    \"Product Series\": \"Encre de Peau\",\n    \"Net Weight\": \"0.025 kg\",\n    \"Package Height\": \"11.8 cm\",\n    \"Package Length\": \"3.8 cm\",\n    \"Package Width\": \"3.2 cm\"\n}"
    },
    {
        "product_name": "Yves Saint Laurent Couture Baby Clutch Eye Shadow Palette N 4 Babylone Roses",
        "brand_name": "Yves Saint Laurent",
        "brand_url": "https://shop.frankfurt-airport.com/en-US/brand/yves-saint-laurent",
        "retailer_name": "Frankfurt Duty Free",
        "retailer_url": "https://shop.frankfurt-airport.com/en-US/retailer/heinemann",
        "price": "\u20ac57.99",
        "price_per_quantity": "\u20ac1,159.80 / 100  g",
        "description": "With the six nude palettes inspired by the dusky pinks of the Marrakech kasbah, the spice colours of the souks and the soothing tones of the designer\u2019s Paris atelier, express yourself with a bold edge. There\u2019s a palette that suits everyone, and every occasion, making each compact the ultimate in versatility.With the six nude palettes inspired by the dusky pinks of the Marrakech kasbah, the spice colours of the souks and the soothing tones of the designer\u2019s Paris atelier, express yourself with a bold edge. There\u2019s a palette that suits everyone, and every occasion, making each compact the ultimate in versatility.",
        "additional_information": "{\n    \"Order Amount\": \"5 g\",\n    \"made in\": \"Italy\",\n    \"Warning Hints\": \"Avoid eye contact. Keep away from direct heat and sunlight.\",\n    \"Item Number\": \"1570893\",\n    \"Manufacturer Color\": \"No. 4 - BABYLONE ROSES\",\n    \"Product Series\": \"Couture Baby Clutch\",\n    \"Net Weight\": \"0.005 kg\",\n    \"Package Height\": \"9 cm\",\n    \"Package Length\": \"2.5 cm\",\n    \"Package Width\": \"6.7 cm\"\n}"
    },
    {
        "product_name": "Yves Saint Laurent Blush Rush Liquid Blush N 44 15 ml",
        "brand_name": "Yves Saint Laurent",
        "brand_url": "https://shop.frankfurt-airport.com/en-US/brand/yves-saint-laurent",
        "retailer_name": "Frankfurt Duty Free",
        "retailer_url": "https://shop.frankfurt-airport.com/en-US/retailer/heinemann",
        "price": "\u20ac37.99",
        "price_per_quantity": "\u20ac253.27 / 100  ml",
        "description": "Yves Saint Laurent Blush Rush Liquid Blush Nr. 44 15 ml Yves Saint Laurent's new MAKE ME BLUSH, a fluid blush that melts into the cheeks without leaving any residue for all-day, healthy skin tone. The lightweight yet highly impactful formula helps you customize your look, from healthy skin toning to tightened cheeks to maximum color intensityYves Saint Laurent Blush Rush Liquid Blush Nr. 44 15 ml Yves Saint Laurent's new MAKE ME BLUSH, a fluid blush that melts into the cheeks without leaving any residue for all-day, healthy skin tone. The lightweight yet highly impactful formula helps you customize your look, from healthy skin toning to tightened cheeks to maximum color intensity",
        "additional_information": "{\n    \"Order Amount\": \"15 ml\",\n    \"made in\": \"France\",\n    \"Warning Hints\": \"Avoid eye contact. Keep away from direct heat and sunlight.\",\n    \"Item Number\": \"1632040\",\n    \"Manufacturer Color\": \"No. 44\",\n    \"Product Series\": \"Blush Rush\",\n    \"Net Weight\": \"0.015 kg\",\n    \"Package Height\": \"11.1 cm\",\n    \"Package Length\": \"2.45 cm\",\n    \"Package Width\": \"2.45 cm\"\n}"
    },
    {
        "product_name": "Yves Saint Laurent Blush Rush Liquid Blush N 37 15 ml",
        "brand_name": "Yves Saint Laurent",
        "brand_url": "https://shop.frankfurt-airport.com/en-US/brand/yves-saint-laurent",
        "retailer_name": "Frankfurt Duty Free",
        "retailer_url": "https://shop.frankfurt-airport.com/en-US/retailer/heinemann",
        "price": "\u20ac37.99",
        "price_per_quantity": "\u20ac253.27 / 100  ml",
        "description": "Yves Saint Laurent Blush Rush Liquid Blush Nr. 37 15 ml Yves Saint Laurent's new MAKE ME BLUSH, a fluid blush that melts into the cheeks without leaving any residue for all-day, healthy skin tone. The lightweight yet highly impactful formula helps you customize your look, from healthy skin toning to tightened cheeks to maximum color intensityYves Saint Laurent Blush Rush Liquid Blush Nr. 37 15 ml Yves Saint Laurent's new MAKE ME BLUSH, a fluid blush that melts into the cheeks without leaving any residue for all-day, healthy skin tone. The lightweight yet highly impactful formula helps you customize your look, from healthy skin toning to tightened cheeks to maximum color intensity",
        "additional_information": "{\n    \"Order Amount\": \"15 ml\",\n    \"made in\": \"France\",\n    \"Warning Hints\": \"Avoid eye contact. Keep away from direct heat and sunlight.\",\n    \"Item Number\": \"1632042\",\n    \"Manufacturer Color\": \"No. 37\",\n    \"Product Series\": \"Blush Rush\",\n    \"Net Weight\": \"0.015 kg\",\n    \"Package Height\": \"11.1 cm\",\n    \"Package Length\": \"2.45 cm\",\n    \"Package Width\": \"2.45 cm\"\n}"
    },
    {
        "product_name": "Yves Saint Laurent Rouge Pur Couture Lipstick Nr. 154",
        "brand_name": "Yves Saint Laurent",
        "brand_url": "https://shop.frankfurt-airport.com/en-US/brand/yves-saint-laurent",
        "retailer_name": "Frankfurt Duty Free",
        "retailer_url": "https://shop.frankfurt-airport.com/en-US/retailer/heinemann",
        "price": "\u20ac38.99",
        "price_per_quantity": "\u20ac1,026.05 / 100  g",
        "description": "YSL Rouge Pur Couture Lipstick, a captivating range of couture shades offering a customised look each complexion.YSL Rouge Pur Couture Lipstick, a captivating range of couture shades offering a customised look each complexion.",
        "additional_information": "{\n    \"Order Amount\": \"3.8 g\",\n    \"made in\": \"France\",\n    \"Warning Hints\": \"Avoid eye contact. Keep away from direct heat and sunlight.\",\n    \"Item Number\": \"1516895\",\n    \"Manufacturer Color\": \"No. 154\",\n    \"Product Series\": \"Rouge Pur Couture\",\n    \"Net Weight\": \"0.004 kg\",\n    \"Package Height\": \"7.8 cm\",\n    \"Package Length\": \"2.2 cm\",\n    \"Package Width\": \"2.3 cm\"\n}"
    },
    {
        "product_name": "Yves Saint Laurent Rouge Pur Couture The Slim Lipstick Velvet N 21 Rouge Paradoxe",
        "brand_name": "Yves Saint Laurent",
        "brand_url": "https://shop.frankfurt-airport.com/en-US/brand/yves-saint-laurent",
        "retailer_name": "Frankfurt Duty Free",
        "retailer_url": "https://shop.frankfurt-airport.com/en-US/retailer/heinemann",
        "price": "\u20ac38.99",
        "price_per_quantity": "\u20ac1,949.50 / 100  g",
        "description": "Intensely pigmented velvet matte lipstickIntensely pigmented velvet matte lipstick",
        "additional_information": "{\n    \"Order Amount\": \"2 g\",\n    \"made in\": \"France\",\n    \"Warning Hints\": \"Avoid eye contact. Keep away from direct heat and sunlight.\",\n    \"Item Number\": \"1492832\",\n    \"Manufacturer Color\": \"No. 21 - ROUGE PARADOXE\",\n    \"Product Series\": \"Rouge Pur Couture The Slim\",\n    \"Net Weight\": \"0.002 kg\",\n    \"Package Height\": \"10.2 cm\",\n    \"Package Length\": \"1.75 cm\",\n    \"Package Width\": \"1.75 cm\"\n}"
    },
    {
        "product_name": "Yves Saint Laurent Y Eau de Parfum Refill 150 ml",
        "brand_name": "Yves Saint Laurent",
        "brand_url": "https://shop.frankfurt-airport.com/en-US/brand/yves-saint-laurent",
        "retailer_name": "Frankfurt Duty Free",
        "retailer_url": "https://shop.frankfurt-airport.com/en-US/retailer/heinemann",
        "price": "\u20ac114.99",
        "price_per_quantity": "\u20ac76.66 / 100  ml",
        "description": "The iconic Y Eau de Parfum is now refillable at home and can be kept forever thanks to the new refill bottle 150ml.The iconic Y Eau de Parfum is now refillable at home and can be kept forever thanks to the new refill bottle 150ml.",
        "additional_information": "{\n    \"Order Amount\": \"150 ml\",\n    \"Target Gender\": \"Male\",\n    \"made in\": \"France\",\n    \"Type of Fragrance\": \"Eau De Parfum\",\n    \"Warning Hints\": \"Avoid eye contact. Keep away from direct heat and sunlight.\",\n    \"Item Number\": \"1618851\",\n    \"Product Series\": \"Y\",\n    \"Net Weight\": \"0.15 kg\",\n    \"Package Height\": \"17.4 cm\",\n    \"Package Length\": \"5.6 cm\",\n    \"Package Width\": \"5.7 cm\"\n}"
    },
    {
        "product_name": "Yves Saint Laurent Y Eau de Toilette 100 ml",
        "brand_name": "Yves Saint Laurent",
        "brand_url": "https://shop.frankfurt-airport.com/en-US/brand/yves-saint-laurent",
        "retailer_name": "Frankfurt Duty Free",
        "retailer_url": "https://shop.frankfurt-airport.com/en-US/retailer/heinemann",
        "price": "\u20ac99.99",
        "price_per_quantity": "\u20ac99.99 / 100  ml",
        "description": "Introducing the new Y perfume for men by Yves Saint Laurent._x000D_ An authentic fragrance expression capturing the essence of modern men._x000D_ Y by Yves Saint Laurent is not the story of one man but of a whole generation: a creative generation of men who dare to follow their passions and carve their own paths. From inspiration, through hard work and collaboration, to self-accomplishment and success.Introducing the new Y perfume for men by Yves Saint Laurent._x000D_ An authentic fragrance expression capturing the essence of modern men._x000D_ Y by Yves Saint Laurent is not the story of one man but of a whole generation: a creative generation of men who dare to follow their passions and carve their own paths. From inspiration, through hard work and collaboration, to self-accomplishment and success.",
        "additional_information": "{\n    \"Order Amount\": \"100 ml\",\n    \"Target Gender\": \"Male\",\n    \"made in\": \"France\",\n    \"Type of Fragrance\": \"Eau De Toilette\",\n    \"Warning Hints\": \"Avoid eye contact. Keep away from direct heat and sunlight.\",\n    \"Item Number\": \"1517615\",\n    \"Product Series\": \"Y\",\n    \"Net Weight\": \"0.1 kg\",\n    \"Package Height\": \"14.2 cm\",\n    \"Package Length\": \"5 cm\",\n    \"Package Width\": \"6.35 cm\"\n}"
    },
    {
        "product_name": "Yves Saint Laurent Rouge Pur Couture Lipstick Nr. 021",
        "brand_name": "Yves Saint Laurent",
        "brand_url": "https://shop.frankfurt-airport.com/en-US/brand/yves-saint-laurent",
        "retailer_name": "Frankfurt Duty Free",
        "retailer_url": "https://shop.frankfurt-airport.com/en-US/retailer/heinemann",
        "price": "\u20ac38.99",
        "price_per_quantity": "\u20ac1,026.05 / 100  g",
        "description": "YSL Rouge Pur Couture Lipstick, a captivating range of couture shades offering a customised look each complexion.YSL Rouge Pur Couture Lipstick, a captivating range of couture shades offering a customised look each complexion.",
        "additional_information": "{\n    \"Order Amount\": \"3.8 g\",\n    \"made in\": \"France\",\n    \"Warning Hints\": \"Avoid eye contact. Keep away from direct heat and sunlight.\",\n    \"Item Number\": \"1516898\",\n    \"Manufacturer Color\": \"No. 021\",\n    \"Product Series\": \"Rouge Pur Couture\",\n    \"Net Weight\": \"0.004 kg\",\n    \"Package Height\": \"7.8 cm\",\n    \"Package Length\": \"2.2 cm\",\n    \"Package Width\": \"2.3 cm\"\n}"
    },
    {
        "product_name": "Yves Saint Laurent Touche Eclat Concealer No 2.5 - Luminous Vanilla",
        "brand_name": "Yves Saint Laurent",
        "brand_url": "https://shop.frankfurt-airport.com/en-US/brand/yves-saint-laurent",
        "retailer_name": "Frankfurt Duty Free",
        "retailer_url": "https://shop.frankfurt-airport.com/en-US/retailer/heinemann",
        "price": "\u20ac29.99",
        "price_per_quantity": "\u20ac1,199.60 / 100  ml",
        "description": "Instant highlighter A take-anywhere pen-brush for adding a touch of light or banishing shadows and signs of fatigue from the eye area, the hollow of the chin, the contour of the lips and the sides of the nose. All skin types.Instant highlighter A take-anywhere pen-brush for adding a touch of light or banishing shadows and signs of fatigue from the eye area, the hollow of the chin, the contour of the lips and the sides of the nose. All skin types.",
        "additional_information": "{\n    \"Order Amount\": \"2.5 ml\",\n    \"made in\": \"France\",\n    \"Item Number\": \"1003285\",\n    \"Manufacturer Color\": \"LUMINOUS VANILLA\",\n    \"Product Series\": \"Touche Eclat\",\n    \"Net Weight\": \"0.002 kg\",\n    \"Package Height\": \"13.3 cm\",\n    \"Package Length\": \"2.2 cm\",\n    \"Package Width\": \"2.3 cm\"\n}"
    },
    {
        "product_name": "Yves Saint Laurent Rouge Pur Couture Lipstick Nr. 157",
        "brand_name": "Yves Saint Laurent",
        "brand_url": "https://shop.frankfurt-airport.com/en-US/brand/yves-saint-laurent",
        "retailer_name": "Frankfurt Duty Free",
        "retailer_url": "https://shop.frankfurt-airport.com/en-US/retailer/heinemann",
        "price": "\u20ac38.99",
        "price_per_quantity": "\u20ac1,026.05 / 100  g",
        "description": "YSL Rouge Pur Couture Lipstick, a captivating range of couture shades offering a customised look each complexion.YSL Rouge Pur Couture Lipstick, a captivating range of couture shades offering a customised look each complexion.",
        "additional_information": "{\n    \"Order Amount\": \"3.8 g\",\n    \"made in\": \"France\",\n    \"Warning Hints\": \"Avoid eye contact. Keep away from direct heat and sunlight.\",\n    \"Item Number\": \"1516897\",\n    \"Manufacturer Color\": \"No. 157\",\n    \"Product Series\": \"Rouge Pur Couture\",\n    \"Net Weight\": \"0.004 kg\",\n    \"Package Height\": \"7.8 cm\",\n    \"Package Length\": \"2.2 cm\",\n    \"Package Width\": \"2.3 cm\"\n}"
    },
    {
        "product_name": "Yves Saint Laurent Touche Eclat High Cover Concealer N 0,5 Vanilla",
        "brand_name": "Yves Saint Laurent",
        "brand_url": "https://shop.frankfurt-airport.com/en-US/brand/yves-saint-laurent",
        "retailer_name": "Frankfurt Duty Free",
        "retailer_url": "https://shop.frankfurt-airport.com/en-US/retailer/heinemann",
        "price": "\u20ac29.99",
        "price_per_quantity": "\u20ac1,199.60 / 100  ml",
        "description": "What is it? A radiant high coverage concealer that instantly conceals dark circles for an awakened look. Cover all, look natural. What it does? Conceal dark circles: highly pigmented, this liquid radiant concealer instantly conceals dark circles. Improve the fatigue look: multi-active blend including ruscus extract, soothing Moroccan calendula extract and energizing caffeine. Infused with  antioxidant Vitamin E to deliver essential antioxidant protection to help protect skin against damaging free radicals. Longwear and crease-proof. Natural luminous finish in one stroke.What is it? A radiant high coverage concealer that instantly conceals dark circles for an awakened look. Cover all, look natural. What it does? Conceal dark circles: highly pigmented, this liquid radiant concealer instantly conceals dark circles. Improve the fatigue look: multi-active blend including ruscus extract, soothing Moroccan calendula extract and energizing caffeine. Infused with  antioxidant Vitamin E to deliver essential antioxidant protection to help protect skin against damaging free radicals. Longwear and crease-proof. Natural luminous finish in one stroke.",
        "additional_information": "{\n    \"Order Amount\": \"2.5 ml\",\n    \"made in\": \"France\",\n    \"Warning Hints\": \"Avoid eye contact. Keep away from direct heat and sunlight.\",\n    \"Item Number\": \"1357674\",\n    \"Manufacturer Color\": \"VANILLA\",\n    \"Product Series\": \"Touche Eclat\",\n    \"Net Weight\": \"0.003 kg\",\n    \"Package Height\": \"12.7 cm\",\n    \"Package Length\": \"2 cm\",\n    \"Package Width\": \"2.1 cm\"\n}"
    },
    {
        "product_name": "Yves Saint Laurent Rouge pur Rouge The Slim Lipstick N 12 Nu incongru",
        "brand_name": "Yves Saint Laurent",
        "brand_url": "https://shop.frankfurt-airport.com/en-US/brand/yves-saint-laurent",
        "retailer_name": "Frankfurt Duty Free",
        "retailer_url": "https://shop.frankfurt-airport.com/en-US/retailer/heinemann",
        "price": "\u20ac38.99",
        "price_per_quantity": "\u20ac1,772.27 / 100  g",
        "description": "Leather-matte finish in a square tapered bullet. Utmost precision. Couture colours & total coverage in one coat. Flexible & comfortable wear all day.Leather-matte finish in a square tapered bullet. Utmost precision. Couture colours & total coverage in one coat. Flexible & comfortable wear all day.",
        "additional_information": "{\n    \"Order Amount\": \"2.2 g\",\n    \"made in\": \"France\",\n    \"Warning Hints\": \"Avoid eye contact. Keep away from direct heat and sunlight.\",\n    \"Item Number\": \"1332854\",\n    \"Manufacturer Color\": \"No. 12 - NU INCONGRU\",\n    \"Product Series\": \"Rouge Pur Couture The Slim\",\n    \"Net Weight\": \"0.003 kg\",\n    \"Package Height\": \"10.2 cm\",\n    \"Package Length\": \"1.8 cm\",\n    \"Package Width\": \"1.8 cm\"\n}"
    },
    {
        "product_name": "Yves Saint Laurent Touche clat Concealer N 1 Rose Lumire",
        "brand_name": "Yves Saint Laurent",
        "brand_url": "https://shop.frankfurt-airport.com/en-US/brand/yves-saint-laurent",
        "retailer_name": "Frankfurt Duty Free",
        "retailer_url": "https://shop.frankfurt-airport.com/en-US/retailer/heinemann",
        "price": "\u20ac29.99",
        "price_per_quantity": "\u20ac1,199.60 / 100  ml",
        "description": "Touche \u00c9clat is the must-have illuminating pen, which conceals dark circles and highlights the features of the face with every brushstroke. Enriched with a unique anti-fatigue complex containing vitamin E, the exclusive secret formula gives the perfect balance of hydration, coverage and radiance, all in a click.Touche \u00c9clat is the must-have illuminating pen, which conceals dark circles and highlights the features of the face with every brushstroke. Enriched with a unique anti-fatigue complex containing vitamin E, the exclusive secret formula gives the perfect balance of hydration, coverage and radiance, all in a click.",
        "additional_information": "{\n    \"Order Amount\": \"2.5 ml\",\n    \"made in\": \"France\",\n    \"Item Number\": \"16387\",\n    \"Manufacturer Color\": \"No. 1 - ROSE LUMI\\u00c8RE\",\n    \"Product Series\": \"Touche Eclat\",\n    \"Net Weight\": \"0.002 kg\",\n    \"Package Height\": \"13.3 cm\",\n    \"Package Length\": \"2.2 cm\",\n    \"Package Width\": \"2.3 cm\"\n}"
    },
    {
        "product_name": "Yves Saint Laurent Black Opium Eau de Parfum 90 ml",
        "brand_name": "Yves Saint Laurent",
        "brand_url": "https://shop.frankfurt-airport.com/en-US/brand/yves-saint-laurent",
        "retailer_name": "Frankfurt Duty Free",
        "retailer_url": "https://shop.frankfurt-airport.com/en-US/retailer/heinemann",
        "price": "\u20ac129.99",
        "price_per_quantity": "\u20ac144.43 / 100  ml",
        "description": "In 2014, Yves Saint Laurent signs a new opus of addiction with the launch of its new feminine fragrance, Black Opium. The shot of adrenalin of a glamorous yet impertinent heroin, always looking for more\u2026 Addictive? Definitely. The first coffee floral Black Opium , a unique composition where the electrifying energy of black coffee meets the assertive femininity of white flowers in a vibrant, sensual and addictive contrast of light and dark.In 2014, Yves Saint Laurent signs a new opus of addiction with the launch of its new feminine fragrance, Black Opium. The shot of adrenalin of a glamorous yet impertinent heroin, always looking for more\u2026 Addictive? Definitely. The first coffee floral Black Opium , a unique composition where the electrifying energy of black coffee meets the assertive femininity of white flowers in a vibrant, sensual and addictive contrast of light and dark.",
        "additional_information": "{\n    \"Order Amount\": \"90 ml\",\n    \"Target Gender\": \"Female\",\n    \"made in\": \"France\",\n    \"Type of Fragrance\": \"Eau De Parfum\",\n    \"Item Number\": \"1094917\",\n    \"Product Series\": \"Black Opium\",\n    \"Net Weight\": \"0.09 kg\",\n    \"Package Height\": \"13.5 cm\",\n    \"Package Length\": \"3.5 cm\",\n    \"Package Width\": \"9.5 cm\"\n}"
    },
    {
        "product_name": "Yves Saint Laurent La Nuit de L'Homme Eau de Parfum 60 ml",
        "brand_name": "Yves Saint Laurent",
        "brand_url": "https://shop.frankfurt-airport.com/en-US/brand/yves-saint-laurent",
        "retailer_name": "Frankfurt Duty Free",
        "retailer_url": "https://shop.frankfurt-airport.com/en-US/retailer/heinemann",
        "price": "\u20ac89.99",
        "price_per_quantity": "\u20ac149.98 / 100  ml",
        "description": "At night, anything can happen. A darkly handsome man whose irresistible charm and seduction sweep away everything in their path. Introducing a new side of the Yves Saint Laurent masculinity: Le Parfum, the quintessence of seduction. A woody oriental Fragrance. Accents of black pepper, labdanum and vetiver. A mysterious evolution of darkness and light.At night, anything can happen. A darkly handsome man whose irresistible charm and seduction sweep away everything in their path. Introducing a new side of the Yves Saint Laurent masculinity: Le Parfum, the quintessence of seduction. A woody oriental Fragrance. Accents of black pepper, labdanum and vetiver. A mysterious evolution of darkness and light.",
        "additional_information": "{\n    \"Order Amount\": \"60 ml\",\n    \"Target Gender\": \"Male\",\n    \"made in\": \"France\",\n    \"Type of Fragrance\": \"Eau De Parfum\",\n    \"Item Number\": \"473254\",\n    \"Product Series\": \"La Nuit de l'Homme\",\n    \"Net Weight\": \"0.06 kg\",\n    \"Package Height\": \"9 cm\",\n    \"Package Length\": \"7.4 cm\",\n    \"Package Width\": \"6.5 cm\"\n}"
    },
    {
        "product_name": "Yves Saint Laurent Black Opium Eau de Parfum 50 ml",
        "brand_name": "Yves Saint Laurent",
        "brand_url": "https://shop.frankfurt-airport.com/en-US/brand/yves-saint-laurent",
        "retailer_name": "Frankfurt Duty Free",
        "retailer_url": "https://shop.frankfurt-airport.com/en-US/retailer/heinemann",
        "price": "\u20ac92.99",
        "price_per_quantity": "\u20ac185.98 / 100  ml",
        "description": "New Yves Saint Laurent Fragrance - Black Opium: The shot of adrenalin of a glamorous yet impertinent heroin, always looking for more\u2026 Addictive? Definitely. The first coffee floral Black Opium, a unique composition where the electrifying energy of black coffee meets the assertive femininity of white flowers in a vibrant, sensual and addictive contrast of light and dark.New Yves Saint Laurent Fragrance - Black Opium: The shot of adrenalin of a glamorous yet impertinent heroin, always looking for more\u2026 Addictive? Definitely. The first coffee floral Black Opium, a unique composition where the electrifying energy of black coffee meets the assertive femininity of white flowers in a vibrant, sensual and addictive contrast of light and dark.",
        "additional_information": "{\n    \"Order Amount\": \"50 ml\",\n    \"Target Gender\": \"Female\",\n    \"made in\": \"France\",\n    \"Type of Fragrance\": \"Eau De Parfum\",\n    \"Warning Hints\": \"Keep away from direct heat and sunlight.\",\n    \"Item Number\": \"1094916\",\n    \"Product Series\": \"Black Opium\",\n    \"Net Weight\": \"0.05 kg\",\n    \"Package Height\": \"11.3 cm\",\n    \"Package Length\": \"3.5 cm\",\n    \"Package Width\": \"8 cm\"\n}"
    },
    {
        "product_name": "Yves Saint Laurent Libre Intense Eau de Parfum Intense 50 ml",
        "brand_name": "Yves Saint Laurent",
        "brand_url": "https://shop.frankfurt-airport.com/en-US/brand/yves-saint-laurent",
        "retailer_name": "Frankfurt Duty Free",
        "retailer_url": "https://shop.frankfurt-airport.com/en-US/retailer/heinemann",
        "price": "\u20ac99.99",
        "price_per_quantity": "\u20ac199.98 / 100  ml",
        "description": "Libre lights fires with a new intensity with its iconic edp pushed to the extreme.Libre lights fires with a new intensity with its iconic edp pushed to the extreme.",
        "additional_information": "{\n    \"Order Amount\": \"50 ml\",\n    \"Target Gender\": \"Female\",\n    \"made in\": \"France\",\n    \"Type of Fragrance\": \"Eau De Parfum\",\n    \"Warning Hints\": \"Avoid eye contact. Keep away from direct heat and sunlight.\",\n    \"Item Number\": \"1470874\",\n    \"Product Series\": \"Libre\",\n    \"Net Weight\": \"0.05 kg\",\n    \"Package Height\": \"12.1 cm\",\n    \"Package Length\": \"4.2 cm\",\n    \"Package Width\": \"6.4 cm\"\n}"
    },
    {
        "product_name": "Yves Saint Laurent Volume Effet Faux Cils Waterproof Mascara N 01 Black",
        "brand_name": "Yves Saint Laurent",
        "brand_url": "https://shop.frankfurt-airport.com/en-US/brand/yves-saint-laurent",
        "retailer_name": "Frankfurt Duty Free",
        "retailer_url": "https://shop.frankfurt-airport.com/en-US/retailer/heinemann",
        "price": "\u20ac34.99",
        "price_per_quantity": "\u20ac437.38 / 100  ml",
        "description": "Mascara Volume Effet Faux Cils Waterproof, a new way of wearing our iconic false lash effect Mascara. An intense volume with up to 24-hour hold.Mascara Volume Effet Faux Cils Waterproof, a new way of wearing our iconic false lash effect Mascara. An intense volume with up to 24-hour hold.",
        "additional_information": "{\n    \"Order Amount\": \"8 ml\",\n    \"made in\": \"France\",\n    \"Item Number\": \"542671\",\n    \"Manufacturer Color\": \"No. 1 - CHARCOAL BLACK\",\n    \"Product Series\": \"Volume Effet Faux Cils\",\n    \"Net Weight\": \"0.008 kg\",\n    \"Package Height\": \"14 cm\",\n    \"Package Length\": \"2 cm\",\n    \"Package Width\": \"2.5 cm\"\n}"
    },
    {
        "product_name": "Yves Saint Laurent Black Opium Set",
        "brand_name": "Yves Saint Laurent",
        "brand_url": "https://shop.frankfurt-airport.com/en-US/brand/yves-saint-laurent",
        "retailer_name": "Frankfurt Duty Free",
        "retailer_url": "https://shop.frankfurt-airport.com/en-US/retailer/heinemann",
        "price": "\u20ac92.99",
        "price_per_quantity": "",
        "description": "\u2022 \"Yves Saint Laurent signs a new opus of addiction with the feminine and provocative fragrance Black Opium: a unique addictive oriental gourmand floral and full of mystery, where the electrifying energy of black coffee meets the assertive femininity of white flowers. This sensual fragrance comes with its perfect sized body lotion.\u201d\u2022 \"Yves Saint Laurent signs a new opus of addiction with the feminine and provocative fragrance Black Opium: a unique addictive oriental gourmand floral and full of mystery, where the electrifying energy of black coffee meets the assertive femininity of white flowers. This sensual fragrance comes with its perfect sized body lotion.\u201d",
        "additional_information": "{\n    \"Target Gender\": \"Female\",\n    \"made in\": \"France\",\n    \"Warning Hints\": \"Avoid eye contact. Keep away from direct heat and sunlight.\",\n    \"Item Number\": \"1194747\",\n    \"Product Series\": \"Black Opium\",\n    \"Net Weight\": \"0.1 kg\",\n    \"Package Height\": \"11.5 cm\",\n    \"Package Length\": \"3.7 cm\",\n    \"Package Width\": \"12.2 cm\"\n}"
    },
    {
        "product_name": "Yves Saint Laurent Libre Eau de Parfum 90 ml",
        "brand_name": "Yves Saint Laurent",
        "brand_url": "https://shop.frankfurt-airport.com/en-US/brand/yves-saint-laurent",
        "retailer_name": "Frankfurt Duty Free",
        "retailer_url": "https://shop.frankfurt-airport.com/en-US/retailer/heinemann",
        "price": "\u20ac124.99",
        "price_per_quantity": "\u20ac138.88 / 100  ml",
        "description": "Libre, the new feminine perfume by Yves Saint Laurent, the freedom to live everything with excess. The perfume of a strong, bold and  free woman experimenting her freedom extremely. The first floral lavender. The tension between the burning sensuality of an orange blossom from Morocco & the boldness of a lavender from France with a feminine twist. A singular trail like a breath of freedom. A couture sharp angle bottle twisted by a luxury oversized accessory. The iconic Cassandre logotype freely bent & nailed into the glass like a jewel. Sexy golden chains and an asymmetric black lacquered cap that tops it off. The scent of freedom.Libre, the new feminine perfume by Yves Saint Laurent, the freedom to live everything with excess. The perfume of a strong, bold and  free woman experimenting her freedom extremely. The first floral lavender. The tension between the burning sensuality of an orange blossom from Morocco & the boldness of a lavender from France with a feminine twist. A singular trail like a breath of freedom. A couture sharp angle bottle twisted by a luxury oversized accessory. The iconic Cassandre logotype freely bent & nailed into the glass like a jewel. Sexy golden chains and an asymmetric black lacquered cap that tops it off. The scent of freedom.",
        "additional_information": "{\n    \"Order Amount\": \"90 ml\",\n    \"Target Gender\": \"Female\",\n    \"made in\": \"France\",\n    \"Type of Fragrance\": \"Eau De Parfum\",\n    \"Warning Hints\": \"Avoid eye contact. Keep away from direct heat and sunlight.\",\n    \"Item Number\": \"1403074\",\n    \"Product Series\": \"Libre\",\n    \"Net Weight\": \"0.09 kg\",\n    \"Package Height\": \"14.2 cm\",\n    \"Package Length\": \"5 cm\",\n    \"Package Width\": \"6.4 cm\"\n}"
    },
    {
        "product_name": "Yves Saint Laurent Mon Paris Eau de Parfum 50 ml",
        "brand_name": "Yves Saint Laurent",
        "brand_url": "https://shop.frankfurt-airport.com/en-US/brand/yves-saint-laurent",
        "retailer_name": "Frankfurt Duty Free",
        "retailer_url": "https://shop.frankfurt-airport.com/en-US/retailer/heinemann",
        "price": "\u20ac99.99",
        "price_per_quantity": "\u20ac199.98 / 100  ml",
        "description": "The new feminine fragrance by Yves Saint Laurent invites to lose senses in an upside down Paris.",
        "additional_information": "{\n    \"Order Amount\": \"50 ml\",\n    \"Target Gender\": \"Female\",\n    \"made in\": \"France\",\n    \"Type of Fragrance\": \"Eau De Parfum\",\n    \"Warning Hints\": \"Avoid eye contact. Keep away from direct heat and sunlight.\",\n    \"Item Number\": \"1197699\",\n    \"Product Series\": \"Mon Paris\",\n    \"Net Weight\": \"0.05 kg\",\n    \"Package Height\": \"10 cm\",\n    \"Package Length\": \"6.2 cm\",\n    \"Package Width\": \"6.8 cm\"\n}"
    },
    {
        "product_name": "Yves Saint Laurent Touche clat Make-up Duo",
        "brand_name": "Yves Saint Laurent",
        "brand_url": "https://shop.frankfurt-airport.com/en-US/brand/yves-saint-laurent",
        "retailer_name": "Frankfurt Duty Free",
        "retailer_url": "https://shop.frankfurt-airport.com/en-US/retailer/heinemann",
        "price": "\u20ac54.99",
        "price_per_quantity": "",
        "description": "Radiant Touch Wherever you go, take Touche \u00c9clat, (the ideal partner) for a brighter, luminous complexion in seconds Now available in a duo pack. Duo Touche \u00c9clat N\u00b0 2 cont.: 2 x Touche \u00c9clat N\u00b0 2Radiant Touch Wherever you go, take Touche \u00c9clat, (the ideal partner) for a brighter, luminous complexion in seconds Now available in a duo pack. Duo Touche \u00c9clat N\u00b0 2 cont.: 2 x Touche \u00c9clat N\u00b0 2",
        "additional_information": "{\n    \"made in\": \"France\",\n    \"Warning Hints\": \"Avoid eye contact. Keep away from direct heat and sunlight.\",\n    \"Item Number\": \"830825\",\n    \"Product Series\": \"Make-Up Set\",\n    \"Net Weight\": \"0.005 kg\",\n    \"Package Height\": \"13.2 cm\",\n    \"Package Length\": \"2.3 cm\",\n    \"Package Width\": \"4.2 cm\"\n}"
    },
    {
        "product_name": "Yves Saint Laurent Rouge pur Couture The Slim Lipstick N 10 Corail Antinomique",
        "brand_name": "Yves Saint Laurent",
        "brand_url": "https://shop.frankfurt-airport.com/en-US/brand/yves-saint-laurent",
        "retailer_name": "Frankfurt Duty Free",
        "retailer_url": "https://shop.frankfurt-airport.com/en-US/retailer/heinemann",
        "price": "\u20ac38.99",
        "price_per_quantity": "\u20ac1,772.27 / 100  g",
        "description": "Leather-matte finish in a square tapered bullet. Utmost precision. Couture colours & total coverage in one coat. Flexible & comfortable wear all day.Leather-matte finish in a square tapered bullet. Utmost precision. Couture colours & total coverage in one coat. Flexible & comfortable wear all day.",
        "additional_information": "{\n    \"Order Amount\": \"2.2 g\",\n    \"made in\": \"France\",\n    \"Warning Hints\": \"Avoid eye contact. Keep away from direct heat and sunlight.\",\n    \"Item Number\": \"1326365\",\n    \"Manufacturer Color\": \"No. 10 - CORAIL ANTINOMIQUE\",\n    \"Product Series\": \"Rouge Pur Couture The Slim\",\n    \"Net Weight\": \"0.003 kg\",\n    \"Package Height\": \"10.2 cm\",\n    \"Package Length\": \"1.8 cm\",\n    \"Package Width\": \"1.8 cm\"\n}"
    },
    {
        "product_name": "Yves Saint Laurent Rouge pur Couture The Slim Lipstick N 9 Red Enigma",
        "brand_name": "Yves Saint Laurent",
        "brand_url": "https://shop.frankfurt-airport.com/en-US/brand/yves-saint-laurent",
        "retailer_name": "Frankfurt Duty Free",
        "retailer_url": "https://shop.frankfurt-airport.com/en-US/retailer/heinemann",
        "price": "\u20ac38.99",
        "price_per_quantity": "\u20ac1,772.27 / 100  g",
        "description": "Leather-matte finish in a square tapered bullet. Utmost precision. Couture colours & total coverage in one coat. Flexible & comfortable wear all day.Leather-matte finish in a square tapered bullet. Utmost precision. Couture colours & total coverage in one coat. Flexible & comfortable wear all day.",
        "additional_information": "{\n    \"Order Amount\": \"2.2 g\",\n    \"made in\": \"France\",\n    \"Warning Hints\": \"Avoid eye contact. Keep away from direct heat and sunlight.\",\n    \"Item Number\": \"1326366\",\n    \"Manufacturer Color\": \"No. 9 - RED ENIGMA\",\n    \"Product Series\": \"Rouge Pur Couture The Slim\",\n    \"Net Weight\": \"0.003 kg\",\n    \"Package Height\": \"10.2 cm\",\n    \"Package Length\": \"1.8 cm\",\n    \"Package Width\": \"1.8 cm\"\n}"
    },
    {
        "product_name": "Yves Saint Laurent Opium Eau de Parfum 50 ml",
        "brand_name": "Yves Saint Laurent",
        "brand_url": "https://shop.frankfurt-airport.com/en-US/brand/yves-saint-laurent",
        "retailer_name": "Frankfurt Duty Free",
        "retailer_url": "https://shop.frankfurt-airport.com/en-US/retailer/heinemann",
        "price": "",
        "price_per_quantity": "\u20ac159.80 / 100  ml",
        "description": "Opium Eau de Parfum Natural spray Product Description Discover the myth of Opium reinvented. A perfume of an outrageous and evocative name, Opium is a gate open on a fantasy world, a trip to the unknown, to an extraordinary elsewhere, mysterious, full of sensations and emotions. Back to the roots of Opium, the new aesthetic of the Eau de Parfum bottle refers to the original inr\u00f6. It glorifies mystery, voluptuousness and modernity of the item. Capacity: 30ml, 50ml and 90ml (new reference) Fragrance A fruity and aromatic opening, a flowery, voluptuous character, a rich and spicy oriental structure for this deep, intense and deliciously sensuous version. Mandarin Carnation Jasmine VanillaOpium Eau de Parfum Natural spray Product Description Discover the myth of Opium reinvented. A perfume of an outrageous and evocative name, Opium is a gate open on a fantasy world, a trip to the unknown, to an extraordinary elsewhere, mysterious, full of sensations and emotions. Back to the roots of Opium, the new aesthetic of the Eau de Parfum bottle refers to the original inr\u00f6. It glorifies mystery, voluptuousness and modernity of the item. Capacity: 30ml, 50ml and 90ml (new reference) Fragrance A fruity and aromatic opening, a flowery, voluptuous character, a rich and spicy oriental structure for this deep, intense and deliciously sensuous version. Mandarin Carnation Jasmine Vanilla",
        "additional_information": "{\n    \"Order Amount\": \"50 ml\",\n    \"Target Gender\": \"Female\",\n    \"made in\": \"France\",\n    \"Type of Fragrance\": \"Eau De Parfum\",\n    \"Item Number\": \"294375\",\n    \"Product Series\": \"Opium\",\n    \"Net Weight\": \"0.05 kg\",\n    \"Package Height\": \"11.5 cm\",\n    \"Package Length\": \"3.5 cm\",\n    \"Package Width\": \"8 cm\"\n}"
    },
    {
        "product_name": "Yves Saint Laurent Rouge pur Couture The Slim Lipstick N 21 Rouge Paradoxe",
        "brand_name": "Yves Saint Laurent",
        "brand_url": "https://shop.frankfurt-airport.com/en-US/brand/yves-saint-laurent",
        "retailer_name": "Frankfurt Duty Free",
        "retailer_url": "https://shop.frankfurt-airport.com/en-US/retailer/heinemann",
        "price": "\u20ac38.99",
        "price_per_quantity": "\u20ac1,772.27 / 100  g",
        "description": "Leather-matte finish in a square tapered bullet. Utmost precision. Couture colours & total coverage in one coat. Flexible & comfortable wear all day.Leather-matte finish in a square tapered bullet. Utmost precision. Couture colours & total coverage in one coat. Flexible & comfortable wear all day.",
        "additional_information": "{\n    \"Order Amount\": \"2.2 g\",\n    \"made in\": \"France\",\n    \"Warning Hints\": \"Avoid eye contact. Keep away from direct heat and sunlight.\",\n    \"Item Number\": \"1326354\",\n    \"Manufacturer Color\": \"No. 21 - ROUGE PARADOXE\",\n    \"Product Series\": \"Rouge Pur Couture The Slim\",\n    \"Net Weight\": \"0.003 kg\",\n    \"Package Height\": \"10.2 cm\",\n    \"Package Length\": \"1.8 cm\",\n    \"Package Width\": \"1.8 cm\"\n}"
    },
    {
        "product_name": "Yves Saint Laurent Mon Paris Eau de Parfum 90 ml",
        "brand_name": "Yves Saint Laurent",
        "brand_url": "https://shop.frankfurt-airport.com/en-US/brand/yves-saint-laurent",
        "retailer_name": "Frankfurt Duty Free",
        "retailer_url": "https://shop.frankfurt-airport.com/en-US/retailer/heinemann",
        "price": "\u20ac129.99",
        "price_per_quantity": "\u20ac144.43 / 100  ml",
        "description": "The new feminine fragrance by Yves Saint Laurent invites to lose senses in an upside down Paris.",
        "additional_information": "{\n    \"Order Amount\": \"90 ml\",\n    \"Target Gender\": \"Female\",\n    \"made in\": \"France\",\n    \"Type of Fragrance\": \"Eau De Parfum\",\n    \"Item Number\": \"1198002\",\n    \"Product Series\": \"Mon Paris\",\n    \"Net Weight\": \"0.09 kg\",\n    \"Package Height\": \"10.9 cm\",\n    \"Package Length\": \"7 cm\",\n    \"Package Width\": \"7.8 cm\"\n}"
    },
    {
        "product_name": "Yves Saint Laurent Le Vestiaire des Parfums Collection Orientale Supreme Bouquet Eau de Parfum 125 ml",
        "brand_name": "Yves Saint Laurent",
        "brand_url": "https://shop.frankfurt-airport.com/en-US/brand/yves-saint-laurent",
        "retailer_name": "Frankfurt Duty Free",
        "retailer_url": "https://shop.frankfurt-airport.com/en-US/retailer/heinemann",
        "price": "\u20ac319.99",
        "price_per_quantity": "\u20ac255.99 / 100  ml",
        "description": "Inspired by the creations of Mr Yves Saint Laurent, le vestiaire des parfums collection orientale is a range of 5 fragrances that each evokes oriental inspirations that has deeply nourished the Couturier. Five inspirations that had given an oriental yet modern style to the collections of Mr Yves Saint Laurent. A bouquet of white flowers for a floral print, a luminous vanilla and white oud for the most precious gold, a dry cardamom and cedarwood for woody accessories, a soft coca bean and an intense oud wood for a tanned suede and a rose accord intertwined to a canvas of ambergris for an opulent embroidery. Supreme bouquet, magnificent gold, splendid wood, sleek suede, exquisite embroidery: five opulent and oriental fragrances dressing the skin. The architectural bottle of le vestiaire des parfums is enriched by a sleek and intense gold lacquer, a tribute to Orient.Inspired by the creations of Mr Yves Saint Laurent, le vestiaire des parfums collection orientale is a range of 5 fragrances that each evokes oriental inspirations that has deeply nourished the Couturier. Five inspirations that had given an oriental yet modern style to the collections of Mr Yves Saint Laurent. A bouquet of white flowers for a floral print, a luminous vanilla and white oud for the most precious gold, a dry cardamom and cedarwood for woody accessories, a soft coca bean and an intense oud wood for a tanned suede and a rose accord intertwined to a canvas of ambergris for an opulent embroidery. Supreme bouquet, magnificent gold, splendid wood, sleek suede, exquisite embroidery: five opulent and oriental fragrances dressing the skin. The architectural bottle of le vestiaire des parfums is enriched by a sleek and intense gold lacquer, a tribute to Orient.",
        "additional_information": "{\n    \"Order Amount\": \"125 ml\",\n    \"Target Gender\": \"Female\",\n    \"made in\": \"France\",\n    \"Type of Fragrance\": \"Eau De Parfum\",\n    \"Warning Hints\": \"Avoid eye contact. Keep away from direct heat and sunlight.\",\n    \"Item Number\": \"1378436\",\n    \"Product Series\": \"Le Vestiaire des Parfums\",\n    \"Net Weight\": \"0.125 kg\",\n    \"Package Height\": \"15.5 cm\",\n    \"Package Length\": \"7.4 cm\",\n    \"Package Width\": \"7.4 cm\"\n}"
    },
    {
        "product_name": "Yves Saint Laurent Le Vestiaire des Parfums Eau de Parfum Bellechasse 125 ml",
        "brand_name": "Yves Saint Laurent",
        "brand_url": "https://shop.frankfurt-airport.com/en-US/brand/yves-saint-laurent",
        "retailer_name": "Frankfurt Duty Free",
        "retailer_url": "https://shop.frankfurt-airport.com/en-US/retailer/heinemann",
        "price": "\u20ac319.99",
        "price_per_quantity": "\u20ac255.99 / 100  ml",
        "description": "The old Abbey of Penthemont, at the 37 Rue de Bellechassee is now the headquarter of Saint Laurent. The fragrance pays a tribute to the paradoxal atmosphere of the place: sacred and sacrilegious. The elemi evokes the scent of this former Abbey and the Oud wood, the raw atmosphere of the fashion brandThe old Abbey of Penthemont, at the 37 Rue de Bellechassee is now the headquarter of Saint Laurent. The fragrance pays a tribute to the paradoxal atmosphere of the place: sacred and sacrilegious. The elemi evokes the scent of this former Abbey and the Oud wood, the raw atmosphere of the fashion brand",
        "additional_information": "{\n    \"Order Amount\": \"125 ml\",\n    \"Target Gender\": \"Female\",\n    \"made in\": \"France\",\n    \"Type of Fragrance\": \"Eau De Parfum\",\n    \"Warning Hints\": \"Avoid eye contact. Keep away from direct heat and sunlight.\",\n    \"Item Number\": \"1282444\",\n    \"Product Series\": \"Le Vestiaire des Parfums\",\n    \"Net Weight\": \"0.125 kg\",\n    \"Package Height\": \"15.5 cm\",\n    \"Package Length\": \"7.4 cm\",\n    \"Package Width\": \"7.4 cm\"\n}"
    },
    {
        "product_name": "Yves Saint Laurent Rouge pur Couture The Slim Lipstick N 23 Mystery Red",
        "brand_name": "Yves Saint Laurent",
        "brand_url": "https://shop.frankfurt-airport.com/en-US/brand/yves-saint-laurent",
        "retailer_name": "Frankfurt Duty Free",
        "retailer_url": "https://shop.frankfurt-airport.com/en-US/retailer/heinemann",
        "price": "\u20ac38.99",
        "price_per_quantity": "\u20ac1,772.27 / 100  g",
        "description": "Leather-matte finish in a square tapered bullet. Utmost precision. Couture colours & total coverage in one coat. Flexible & comfortable wear all day.Leather-matte finish in a square tapered bullet. Utmost precision. Couture colours & total coverage in one coat. Flexible & comfortable wear all day.",
        "additional_information": "{\n    \"Order Amount\": \"2.2 g\",\n    \"made in\": \"France\",\n    \"Warning Hints\": \"Avoid eye contact. Keep away from direct heat and sunlight.\",\n    \"Item Number\": \"1326352\",\n    \"Manufacturer Color\": \"No. 23 - MYSTERY RED\",\n    \"Product Series\": \"Rouge Pur Couture The Slim\",\n    \"Net Weight\": \"0.003 kg\",\n    \"Package Height\": \"10.2 cm\",\n    \"Package Length\": \"1.8 cm\",\n    \"Package Width\": \"1.8 cm\"\n}"
    },
    {
        "product_name": "Yves Saint Laurent Y Eau de Parfum 60 ml",
        "brand_name": "Yves Saint Laurent",
        "brand_url": "https://shop.frankfurt-airport.com/en-US/brand/yves-saint-laurent",
        "retailer_name": "Frankfurt Duty Free",
        "retailer_url": "https://shop.frankfurt-airport.com/en-US/retailer/heinemann",
        "price": "\u20ac79.99",
        "price_per_quantity": "\u20ac133.32 / 100  ml",
        "description": "The juice of this new fragrance is deep, fresh and masculine. Created by the legendary perfumer Dominique Ropion, Y Eau de Parfum  is an intense white and dark foug\u00e8re.The juice of this new fragrance is deep, fresh and masculine. Created by the legendary perfumer Dominique Ropion, Y Eau de Parfum  is an intense white and dark foug\u00e8re.",
        "additional_information": "{\n    \"Order Amount\": \"60 ml\",\n    \"Target Gender\": \"Male\",\n    \"made in\": \"France\",\n    \"Type of Fragrance\": \"Eau De Parfum\",\n    \"Warning Hints\": \"Avoid eye contact. Keep away from direct heat and sunlight.\",\n    \"Item Number\": \"1325992\",\n    \"Product Series\": \"Y\",\n    \"Net Weight\": \"0.06 kg\",\n    \"Package Height\": \"12.1 cm\",\n    \"Package Length\": \"5 cm\",\n    \"Package Width\": \"6 cm\"\n}"
    },
    {
        "product_name": "Yves Saint Laurent Le Vestiaire des Parfums Eau de Parfum Saharienne 125 ml",
        "brand_name": "Yves Saint Laurent",
        "brand_url": "https://shop.frankfurt-airport.com/en-US/brand/yves-saint-laurent",
        "retailer_name": "Frankfurt Duty Free",
        "retailer_url": "https://shop.frankfurt-airport.com/en-US/retailer/heinemann",
        "price": "\u20ac279.99",
        "price_per_quantity": "\u20ac223.99 / 100  ml",
        "description": "A sand coloured adventure, a never-ending summer under a blazing sun: with its cotton fabric the saharienne, known in English as the  safari jacket, blends with the desert. It dresses the men and women who share a common unquenchable thirst for adventure and freedom. Mr Yves Saint Laurent transformed this iconic piece of clothing into a profoundly urban garment. The solar luminosity of the neroli diffused by white cottony musks. A trail of adventure that lights up the silhouette.A sand coloured adventure, a never-ending summer under a blazing sun: with its cotton fabric the saharienne, known in English as the  safari jacket, blends with the desert. It dresses the men and women who share a common unquenchable thirst for adventure and freedom. Mr Yves Saint Laurent transformed this iconic piece of clothing into a profoundly urban garment. The solar luminosity of the neroli diffused by white cottony musks. A trail of adventure that lights up the silhouette.",
        "additional_information": "{\n    \"Order Amount\": \"125 ml\",\n    \"Target Gender\": \"Female\",\n    \"made in\": \"France\",\n    \"Type of Fragrance\": \"Eau De Parfum\",\n    \"Warning Hints\": \"Avoid eye contact. Keep away from direct heat and sunlight.\",\n    \"Item Number\": \"1282560\",\n    \"Product Series\": \"Le Vestiaire des Parfums\",\n    \"Net Weight\": \"0.125 kg\",\n    \"Package Height\": \"15.5 cm\",\n    \"Package Length\": \"7.4 cm\",\n    \"Package Width\": \"7.4 cm\"\n}"
    },
    {
        "product_name": "Yves Saint Laurent Kouros Eau de Toilette 100 ml",
        "brand_name": "Yves Saint Laurent",
        "brand_url": "https://shop.frankfurt-airport.com/en-US/brand/yves-saint-laurent",
        "retailer_name": "Frankfurt Duty Free",
        "retailer_url": "https://shop.frankfurt-airport.com/en-US/retailer/heinemann",
        "price": "\u20ac99.99",
        "price_per_quantity": "\u20ac99.99 / 100  ml",
        "description": "A fresh and vivifying opening. A dynamic and spicy character. A powerful, warm and sensual structure.A fresh and vivifying opening. A dynamic and spicy character. A powerful, warm and sensual structure.",
        "additional_information": "{\n    \"Order Amount\": \"100 ml\",\n    \"Target Gender\": \"Male\",\n    \"made in\": \"France\",\n    \"Type of Fragrance\": \"Eau De Toilette\",\n    \"Item Number\": \"64160\",\n    \"Product Series\": \"Kouros\",\n    \"Net Weight\": \"0.1 kg\",\n    \"Package Height\": \"16 cm\",\n    \"Package Length\": \"4 cm\",\n    \"Package Width\": \"8 cm\"\n}"
    },
    {
        "product_name": "Yves Saint Laurent La Nuit de l'Homme Eau de Parfum 100 ml",
        "brand_name": "Yves Saint Laurent",
        "brand_url": "https://shop.frankfurt-airport.com/en-US/brand/yves-saint-laurent",
        "retailer_name": "Frankfurt Duty Free",
        "retailer_url": "https://shop.frankfurt-airport.com/en-US/retailer/heinemann",
        "price": "\u20ac124.99",
        "price_per_quantity": "\u20ac124.99 / 100  ml",
        "description": "This 4 miniatures collection, Mon Paris EDP 7.5ml , Black Opium EDP 7.5 ml, YSL Paris EDT 7.5 ml and Opium EDT 7.5 ml invite you into a world full of emotions where only the senses rule.This 4 miniatures collection, Mon Paris EDP 7.5ml , Black Opium EDP 7.5 ml, YSL Paris EDT 7.5 ml and Opium EDT 7.5 ml invite you into a world full of emotions where only the senses rule.",
        "additional_information": "{\n    \"Order Amount\": \"100 ml\",\n    \"Target Gender\": \"Male\",\n    \"made in\": \"France\",\n    \"Type of Fragrance\": \"Eau De Parfum\",\n    \"Warning Hints\": \"Avoid eye contact. Keep away from direct heat and sunlight.\",\n    \"Item Number\": \"1385059\",\n    \"Product Series\": \"La Nuit de l'Homme\",\n    \"Net Weight\": \"0.1 kg\",\n    \"Package Height\": \"10.8 cm\",\n    \"Package Length\": \"6.5 cm\",\n    \"Package Width\": \"7.3 cm\"\n}"
    },
    {
        "product_name": "Yves Saint Laurent La Nuit de L'Homme Eau de Toilette 60 ml",
        "brand_name": "Yves Saint Laurent",
        "brand_url": "https://shop.frankfurt-airport.com/en-US/brand/yves-saint-laurent",
        "retailer_name": "Frankfurt Duty Free",
        "retailer_url": "https://shop.frankfurt-airport.com/en-US/retailer/heinemann",
        "price": "\u20ac69.99",
        "price_per_quantity": "\u20ac116.65 / 100  ml",
        "description": "A story of seduction, intensity and bold sensuality. A darkly handsome man whose irresistible charm and seduction sweep away everything in their path. A fresh oriental fragrance, made of tensions and olfactory clashes. A structure of contrasting forces\u2026 A signature rich in differences and dualities\u2026 A seduction that lies half-way between restraint and abandon... A fresh Oriental fragrance that rocks the senses: the freshness of Cardamom and the sophistication of Cedar meet the intense sensuality of Coumarin.A story of seduction, intensity and bold sensuality. A darkly handsome man whose irresistible charm and seduction sweep away everything in their path. A fresh oriental fragrance, made of tensions and olfactory clashes. A structure of contrasting forces\u2026 A signature rich in differences and dualities\u2026 A seduction that lies half-way between restraint and abandon... A fresh Oriental fragrance that rocks the senses: the freshness of Cardamom and the sophistication of Cedar meet the intense sensuality of Coumarin.",
        "additional_information": "{\n    \"Order Amount\": \"60 ml\",\n    \"Target Gender\": \"Male\",\n    \"made in\": \"France\",\n    \"Type of Fragrance\": \"Eau De Toilette\",\n    \"Warning Hints\": \"Keep away from direct heat and sunlight.\",\n    \"Item Number\": \"116426\",\n    \"Product Series\": \"La Nuit de l'Homme\",\n    \"Net Weight\": \"0.06 kg\",\n    \"Package Height\": \"9.5 cm\",\n    \"Package Length\": \"7.5 cm\",\n    \"Package Width\": \"6.5 cm\"\n}"
    },
    {
        "product_name": "Yves Saint Laurent Touche Eclat High Cover Concealer N 0 Luminous Milk",
        "brand_name": "Yves Saint Laurent",
        "brand_url": "https://shop.frankfurt-airport.com/en-US/brand/yves-saint-laurent",
        "retailer_name": "Frankfurt Duty Free",
        "retailer_url": "https://shop.frankfurt-airport.com/en-US/retailer/heinemann",
        "price": "\u20ac29.99",
        "price_per_quantity": "\u20ac1,199.60 / 100  ml",
        "description": "What is it? A radiant high coverage concealer that instantly conceals dark circles for an awakened look. Cover all, look natural. What it does? Conceal dark circles: highly pigmented, this liquid radiant concealer instantly conceals dark circles. Improve the fatigue look: multi-active blend including ruscus extract, soothing Moroccan calendula extract and energizing caffeine. Infused with  antioxidant Vitamin E to deliver essential antioxidant protection to help protect skin against damaging free radicals. Longwear and crease-proof. Natural luminous finish in one stroke.What is it? A radiant high coverage concealer that instantly conceals dark circles for an awakened look. Cover all, look natural. What it does? Conceal dark circles: highly pigmented, this liquid radiant concealer instantly conceals dark circles. Improve the fatigue look: multi-active blend including ruscus extract, soothing Moroccan calendula extract and energizing caffeine. Infused with  antioxidant Vitamin E to deliver essential antioxidant protection to help protect skin against damaging free radicals. Longwear and crease-proof. Natural luminous finish in one stroke.",
        "additional_information": "{\n    \"Order Amount\": \"2.5 ml\",\n    \"made in\": \"France\",\n    \"Warning Hints\": \"Avoid eye contact. Keep away from direct heat and sunlight.\",\n    \"Item Number\": \"1356738\",\n    \"Manufacturer Color\": \"No. 0 - LUMINOUS MILK\",\n    \"Product Series\": \"Touche Eclat\",\n    \"Net Weight\": \"0.003 kg\",\n    \"Package Height\": \"12.7 cm\",\n    \"Package Length\": \"2 cm\",\n    \"Package Width\": \"2 cm\"\n}"
    },
    {
        "product_name": "Yves Saint Laurent Rive Gauche Eau de Toilette 100 ml",
        "brand_name": "Yves Saint Laurent",
        "brand_url": "https://shop.frankfurt-airport.com/en-US/brand/yves-saint-laurent",
        "retailer_name": "Frankfurt Duty Free",
        "retailer_url": "https://shop.frankfurt-airport.com/en-US/retailer/heinemann",
        "price": "\u20ac109.99",
        "price_per_quantity": "\u20ac109.99 / 100  ml",
        "description": "A fresh and vibrant opening. A floral and feminine character. A powerful and woody structure. Aldehydes, Rose, Oakmoss, Vetiver.A fresh and vibrant opening. A floral and feminine character. A powerful and woody structure. Aldehydes, Rose, Oakmoss, Vetiver.",
        "additional_information": "{\n    \"Order Amount\": \"100 ml\",\n    \"Target Gender\": \"Female\",\n    \"made in\": \"France\",\n    \"Type of Fragrance\": \"Eau De Toilette\",\n    \"Item Number\": \"633579\",\n    \"Product Series\": \"Rive Gauche\",\n    \"Net Weight\": \"0.1 kg\",\n    \"Package Height\": \"17 cm\",\n    \"Package Length\": \"5 cm\",\n    \"Package Width\": \"5 cm\"\n}"
    },
    {
        "product_name": "Yves Saint Laurent La Nuit de L'Homme Eau de Toilette 100 ml",
        "brand_name": "Yves Saint Laurent",
        "brand_url": "https://shop.frankfurt-airport.com/en-US/brand/yves-saint-laurent",
        "retailer_name": "Frankfurt Duty Free",
        "retailer_url": "https://shop.frankfurt-airport.com/en-US/retailer/heinemann",
        "price": "\u20ac97.99",
        "price_per_quantity": "\u20ac97.99 / 100  ml",
        "description": "A Fresh Oriental Fragrance, made of tensions and olfactory clashes, for a darkly handsome man who sweeps away everything in their path. A night full of promisesA Fresh Oriental Fragrance, made of tensions and olfactory clashes, for a darkly handsome man who sweeps away everything in their path. A night full of promises",
        "additional_information": "{\n    \"Order Amount\": \"100 ml\",\n    \"Target Gender\": \"Male\",\n    \"made in\": \"France\",\n    \"Type of Fragrance\": \"Eau De Toilette\",\n    \"Item Number\": \"169939\",\n    \"Product Series\": \"La Nuit de l'Homme\",\n    \"Net Weight\": \"0.1 kg\",\n    \"Package Height\": \"11 cm\",\n    \"Package Length\": \"7 cm\",\n    \"Package Width\": \"7.5 cm\"\n}"
    },
    {
        "product_name": "Yves Saint Laurent Vernis  lvres Vinyl Lipstick Cream N 416 Psychedelic Chili",
        "brand_name": "Yves Saint Laurent",
        "brand_url": "https://shop.frankfurt-airport.com/en-US/brand/yves-saint-laurent",
        "retailer_name": "Frankfurt Duty Free",
        "retailer_url": "https://shop.frankfurt-airport.com/en-US/retailer/heinemann",
        "price": "\u20ac43.99",
        "price_per_quantity": "\u20ac733.17 / 100  ml",
        "description": "As irresistibly comfortable as cream. Glossy \u2013 like vinyl \u2013 to the extreme. This essential mash-up of a stain, a lipstick and a gloss comes in a fearless tracklist of shades, which remain completely bulletproof \u2013 no matter what.As irresistibly comfortable as cream. Glossy \u2013 like vinyl \u2013 to the extreme. This essential mash-up of a stain, a lipstick and a gloss comes in a fearless tracklist of shades, which remain completely bulletproof \u2013 no matter what.",
        "additional_information": "{\n    \"Order Amount\": \"6 ml\",\n    \"made in\": \"France\",\n    \"Item Number\": \"1317977\",\n    \"Manufacturer Color\": \"No. 416 - PSYCHEDELIC CHILI\",\n    \"Product Series\": \"Vernis \\u00e0 L\\u00e8vres\",\n    \"Net Weight\": \"0.006 kg\",\n    \"Package Height\": \"8.8 cm\",\n    \"Package Length\": \"2.4 cm\",\n    \"Package Width\": \"2.4 cm\"\n}"
    },
    {
        "product_name": "Yves Saint Laurent L'Homme Cologne Bleue Eau de Toilette 100 ml",
        "brand_name": "Yves Saint Laurent",
        "brand_url": "https://shop.frankfurt-airport.com/en-US/brand/yves-saint-laurent",
        "retailer_name": "Frankfurt Duty Free",
        "retailer_url": "https://shop.frankfurt-airport.com/en-US/retailer/heinemann",
        "price": "\u20ac114.99",
        "price_per_quantity": "\u20ac114.99 / 100  ml",
        "description": "Dive into the coolness of this new magnetic eau de toilette for men. Refreshing and bracing, it will make everyone shiver. Immediately sensuous and intriguing, this fragrance is as bracing as a dive into a cold pool while being reminiscent of the freedom of the ocean. At the opening, a cool freshness enlivens the senses. An essence that's zingy - with bloody orange, grapefruit, mandarin and bergamot as potent as any wake-up call - is contrasted with a hint of black pepper and cardamom. Calm, controlled and composed, in comes a blend of apple, geranium, thyme and lavender, inviting you to linger a little. And then, the magic of the Marine Accord, as fresh as water spray splashing over the side of a swimming pool, catching you by surprise after someone dived. Underpinned by Cedar Wood essence, bringing a sense of elegance and sensuality. A man in full; sandalwood essence and patchouli complete the experience.Dive into the coolness of this new magnetic eau de toilette for men. Refreshing and bracing, it will make everyone shiver. Immediately sensuous and intriguing, this fragrance is as bracing as a dive into a cold pool while being reminiscent of the freedom of the ocean. At the opening, a cool freshness enlivens the senses. An essence that's zingy - with bloody orange, grapefruit, mandarin and bergamot as potent as any wake-up call - is contrasted with a hint of black pepper and cardamom. Calm, controlled and composed, in comes a blend of apple, geranium, thyme and lavender, inviting you to linger a little. And then, the magic of the Marine Accord, as fresh as water spray splashing over the side of a swimming pool, catching you by surprise after someone dived. Underpinned by Cedar Wood essence, bringing a sense of elegance and sensuality. A man in full; sandalwood essence and patchouli complete the experience.",
        "additional_information": "{\n    \"Order Amount\": \"100 ml\",\n    \"Target Gender\": \"Male\",\n    \"made in\": \"France\",\n    \"Type of Fragrance\": \"Eau De Toilette\",\n    \"Warning Hints\": \"Avoid eye contact. Keep away from direct heat and sunlight.\",\n    \"Item Number\": \"1293651\",\n    \"Product Series\": \"L'Homme\",\n    \"Net Weight\": \"0.1 kg\",\n    \"Package Height\": \"10.8 cm\",\n    \"Package Length\": \"6.5 cm\",\n    \"Package Width\": \"7.3 cm\"\n}"
    },
    {
        "product_name": "Yves Saint Laurent Opium pour Homme Eau de Toilette 100 ml",
        "brand_name": "Yves Saint Laurent",
        "brand_url": "https://shop.frankfurt-airport.com/en-US/brand/yves-saint-laurent",
        "retailer_name": "Frankfurt Duty Free",
        "retailer_url": "https://shop.frankfurt-airport.com/en-US/retailer/heinemann",
        "price": "\u20ac129.99",
        "price_per_quantity": "\u20ac129.99 / 100  ml",
        "description": "A fresh, fruity and dynamic opening. A rich and intense character. A woody and softly spicy structure.A fresh, fruity and dynamic opening. A rich and intense character. A woody and softly spicy structure.",
        "additional_information": "{\n    \"Order Amount\": \"100 ml\",\n    \"Target Gender\": \"Male\",\n    \"made in\": \"France\",\n    \"Type of Fragrance\": \"Eau De Toilette\",\n    \"Item Number\": \"11166\",\n    \"Product Series\": \"Opium pour Homme\",\n    \"Net Weight\": \"0.1 kg\",\n    \"Package Height\": \"17.6 cm\",\n    \"Package Length\": \"4 cm\",\n    \"Package Width\": \"6.7 cm\"\n}"
    },
    {
        "product_name": "Yves Saint Laurent L Homme Eau de Toilette 100 ml",
        "brand_name": "Yves Saint Laurent",
        "brand_url": "https://shop.frankfurt-airport.com/en-US/brand/yves-saint-laurent",
        "retailer_name": "Frankfurt Duty Free",
        "retailer_url": "https://shop.frankfurt-airport.com/en-US/retailer/heinemann",
        "price": "\u20ac114.99",
        "price_per_quantity": "\u20ac114.99 / 100  ml",
        "description": "A fresh and woody Fragrance that plays on contrasts and leaves a magnetic, sensual trail. A fresh and sparkling opening. An elegant and modern character, made of floral and spicy notes. A woody ambery structure, deeply masculine.A fresh and woody Fragrance that plays on contrasts and leaves a magnetic, sensual trail. A fresh and sparkling opening. An elegant and modern character, made of floral and spicy notes. A woody ambery structure, deeply masculine.",
        "additional_information": "{\n    \"Order Amount\": \"100 ml\",\n    \"Target Gender\": \"Male\",\n    \"made in\": \"France\",\n    \"Type of Fragrance\": \"Eau De Toilette\",\n    \"Item Number\": \"834697\",\n    \"Product Series\": \"L'Homme\",\n    \"Net Weight\": \"0.1 kg\",\n    \"Package Height\": \"11.5 cm\",\n    \"Package Length\": \"7.5 cm\",\n    \"Package Width\": \"7.5 cm\"\n}"
    },
    {
        "product_name": "Yves Saint Laurent La Nuit de L'Homme Eau de Parfum 100 ml",
        "brand_name": "Yves Saint Laurent",
        "brand_url": "https://shop.frankfurt-airport.com/en-US/brand/yves-saint-laurent",
        "retailer_name": "Frankfurt Duty Free",
        "retailer_url": "https://shop.frankfurt-airport.com/en-US/retailer/heinemann",
        "price": "\u20ac124.99",
        "price_per_quantity": "\u20ac124.99 / 100  ml",
        "description": "At night, anything can happen. A darkly handsome man whose irresistible charm and seduction sweep away everything in their path. Introducing a new side of the Yves Saint Laurent masculinity: Le Parfum, the quintessence of seduction. A woody oriental Fragrance. Accents of black pepper, labdanum and vetiver. A mysterious evolution of darkness and light.At night, anything can happen. A darkly handsome man whose irresistible charm and seduction sweep away everything in their path. Introducing a new side of the Yves Saint Laurent masculinity: Le Parfum, the quintessence of seduction. A woody oriental Fragrance. Accents of black pepper, labdanum and vetiver. A mysterious evolution of darkness and light.",
        "additional_information": "{\n    \"Order Amount\": \"100 ml\",\n    \"Target Gender\": \"Male\",\n    \"made in\": \"France\",\n    \"Type of Fragrance\": \"Eau De Parfum\",\n    \"Item Number\": \"473255\",\n    \"Product Series\": \"La Nuit de l'Homme\",\n    \"Net Weight\": \"0.1 kg\",\n    \"Package Height\": \"11 cm\",\n    \"Package Length\": \"8 cm\",\n    \"Package Width\": \"7 cm\"\n}"
    },
    {
        "product_name": "Yves Saint Laurent L Homme Eau de Toilette 60 ml",
        "brand_name": "Yves Saint Laurent",
        "brand_url": "https://shop.frankfurt-airport.com/en-US/brand/yves-saint-laurent",
        "retailer_name": "Frankfurt Duty Free",
        "retailer_url": "https://shop.frankfurt-airport.com/en-US/retailer/heinemann",
        "price": "\u20ac84.99",
        "price_per_quantity": "\u20ac141.65 / 100  ml",
        "description": "A fresh and woody Fragrance that plays on contrasts and leaves a magnetic, sensual trail. A fresh and sparkling opening. An elegant and modern character, made of floral and spicy notes. A woody ambery structure, deeply masculine.A fresh and woody Fragrance that plays on contrasts and leaves a magnetic, sensual trail. A fresh and sparkling opening. An elegant and modern character, made of floral and spicy notes. A woody ambery structure, deeply masculine.",
        "additional_information": "{\n    \"Order Amount\": \"60 ml\",\n    \"Target Gender\": \"Male\",\n    \"made in\": \"France\",\n    \"Type of Fragrance\": \"Eau De Toilette\",\n    \"Item Number\": \"834699\",\n    \"Product Series\": \"L'Homme\",\n    \"Net Weight\": \"0.06 kg\",\n    \"Package Height\": \"9.5 cm\",\n    \"Package Length\": \"7.3 cm\",\n    \"Package Width\": \"6.5 cm\"\n}"
    },
    {
        "product_name": "Yves Saint Laurent Mascara Volume Effet Faux Cils N 6 Deep Night",
        "brand_name": "Yves Saint Laurent",
        "brand_url": "https://shop.frankfurt-airport.com/en-US/brand/yves-saint-laurent",
        "retailer_name": "Frankfurt Duty Free",
        "retailer_url": "https://shop.frankfurt-airport.com/en-US/retailer/heinemann",
        "price": "\u20ac34.99",
        "price_per_quantity": "\u20ac437.38 / 100  ml",
        "description": "An intense look in a single stroke Its secret: the triple-film complex. A coating film for intensity, a conditioning film for curve,  a fixing film for long-lasting effectiveness. Even the brush applicator combines nylon fibers of varying diameters for volume enhancement as never before. Starting at the root of the lashes, sweep the brush upwards to the tips, going from the inner to the outer corner of the eye. Remove any excess of Mascara from the brush before applying to the lower lashes.An intense look in a single stroke Its secret: the triple-film complex. A coating film for intensity, a conditioning film for curve,  a fixing film for long-lasting effectiveness. Even the brush applicator combines nylon fibers of varying diameters for volume enhancement as never before. Starting at the root of the lashes, sweep the brush upwards to the tips, going from the inner to the outer corner of the eye. Remove any excess of Mascara from the brush before applying to the lower lashes.",
        "additional_information": "{\n    \"Order Amount\": \"8 ml\",\n    \"made in\": \"France\",\n    \"Item Number\": \"676064\",\n    \"Manufacturer Color\": \"No. 60 - DEEP NIGHT\",\n    \"Product Series\": \"Volume Effet Faux Cils\",\n    \"Net Weight\": \"0.008 kg\",\n    \"Package Height\": \"15 cm\",\n    \"Package Length\": \"3 cm\",\n    \"Package Width\": \"3 cm\"\n}"
    },
    {
        "product_name": "Yves Saint Laurent Mascara Volume Effet Faux Cils N 2 Rich Brown",
        "brand_name": "Yves Saint Laurent",
        "brand_url": "https://shop.frankfurt-airport.com/en-US/brand/yves-saint-laurent",
        "retailer_name": "Frankfurt Duty Free",
        "retailer_url": "https://shop.frankfurt-airport.com/en-US/retailer/heinemann",
        "price": "\u20ac34.99",
        "price_per_quantity": "\u20ac437.38 / 100  ml",
        "description": "An intense look in a single stroke Its secret: the triple-film complex. A coating film for intensity, a conditioning film for curve,  a fixing film for long-lasting effectiveness. Even the brush applicator combines nylon fibers of varying diameters for volume enhancement as never before. Starting at the root of the lashes, sweep the brush upwards to the tips, going from the inner to the outer corner of the eye. Remove any excess of Mascara from the brush before applying to the lower lashes.An intense look in a single stroke Its secret: the triple-film complex. A coating film for intensity, a conditioning film for curve,  a fixing film for long-lasting effectiveness. Even the brush applicator combines nylon fibers of varying diameters for volume enhancement as never before. Starting at the root of the lashes, sweep the brush upwards to the tips, going from the inner to the outer corner of the eye. Remove any excess of Mascara from the brush before applying to the lower lashes.",
        "additional_information": "{\n    \"Order Amount\": \"8 ml\",\n    \"made in\": \"France\",\n    \"Item Number\": \"685161\",\n    \"Manufacturer Color\": \"No. 20 - RICH BROWN\",\n    \"Product Series\": \"Volume Effet Faux Cils\",\n    \"Net Weight\": \"0.008 kg\",\n    \"Package Height\": \"14 cm\",\n    \"Package Length\": \"2.5 cm\",\n    \"Package Width\": \"2.5 cm\"\n}"
    },
    {
        "product_name": "Yves Saint Laurent MYSLF Eau de Parfum 100 ml",
        "brand_name": "Yves Saint Laurent",
        "brand_url": "https://shop.frankfurt-airport.com/en-US/brand/yves-saint-laurent",
        "retailer_name": "Frankfurt Duty Free",
        "retailer_url": "https://shop.frankfurt-airport.com/en-US/retailer/heinemann",
        "price": "\u20ac99.99",
        "price_per_quantity": "\u20ac99.99 / 100  ml",
        "description": "MYSLF, The new masculine refillable fragrance by Yves Saint Laurent The expression of the man you are, with all your nuances. A statement of modern masculinity, embracing all his facets and emotions. The first YSL BEAUTY woody floral for a contrasted trail of modernity. At first, a fresh & vibrant accord made of bergamot heart from Calabria and vert de bergamot. At heart, a wild & beating orange blossom absolute heart from Tunisia crafted for YSL beauty. At last, a sensual & textured woods accords made of Indonesian patchouli heart and Ambrofix\u2122. A YSL silhouette in a bottle. Sleek.Fluid. A black lacquered monolith in nuances where you can see yourself. At its heart, embedded in the glass, is the iconic YSL Cassandre logotype. My scent, MYSLF. YSL Beauty is committed to reducing its impact on the environment. MYSLF bottles and boxes are recyclable (NOK US). The glass bottles contain recycled glass and the boxes are FSC\u2122 MIX certified. By using an FSC\u2122 certified board for the boxes, YVES SAINT LAURENT BEAUTY supports forest management that respects people and nature. All formats of MYSLF are refillable, allowing for less packaging material. Refilling the  Eau de Parfum bottle helps save 43%* glass, 75%* metals, 21%* plastic, and 16%* paper. * The calculation is based on the comparison of 1 refillable 100ml bottle + 2 refill 150ml vs. 4 refillable 100ml bottles My scent, MYSLF.MYSLF, The new masculine refillable fragrance by Yves Saint Laurent The expression of the man you are, with all your nuances. A statement of modern masculinity, embracing all his facets and emotions. The first YSL BEAUTY woody floral for a contrasted trail of modernity. At first, a fresh & vibrant accord made of bergamot heart from Calabria and vert de bergamot. At heart, a wild & beating orange blossom absolute heart from Tunisia crafted for YSL beauty. At last, a sensual & textured woods accords made of Indonesian patchouli heart and Ambrofix\u2122. A YSL silhouette in a bottle. Sleek.Fluid. A black lacquered monolith in nuances where you can see yourself. At its heart, embedded in the glass, is the iconic YSL Cassandre logotype. My scent, MYSLF. YSL Beauty is committed to reducing its impact on the environment. MYSLF bottles and boxes are recyclable (NOK US). The glass bottles contain recycled glass and the boxes are FSC\u2122 MIX certified. By using an FSC\u2122 certified board for the boxes, YVES SAINT LAURENT BEAUTY supports forest management that respects people and nature. All formats of MYSLF are refillable, allowing for less packaging material. Refilling the  Eau de Parfum bottle helps save 43%* glass, 75%* metals, 21%* plastic, and 16%* paper. * The calculation is based on the comparison of 1 refillable 100ml bottle + 2 refill 150ml vs. 4 refillable 100ml bottles My scent, MYSLF.",
        "additional_information": "{\n    \"Order Amount\": \"100 ml\",\n    \"Target Gender\": \"Male\",\n    \"made in\": \"France\",\n    \"Type of Fragrance\": \"Eau De Parfum\",\n    \"Warning Hints\": \"Avoid eye contact. Keep away from direct heat and sunlight.\",\n    \"Item Number\": \"1578542\",\n    \"Product Series\": \"MYSLF\",\n    \"Net Weight\": \"0.1 kg\",\n    \"Package Height\": \"17.35 cm\",\n    \"Package Length\": \"4.05 cm\",\n    \"Package Width\": \"5.4 cm\"\n}"
    },
    {
        "product_name": "Yves Saint Laurent Black Opium Extreme Eau de Parfum 90 ml",
        "brand_name": "Yves Saint Laurent",
        "brand_url": "https://shop.frankfurt-airport.com/en-US/brand/yves-saint-laurent",
        "retailer_name": "Frankfurt Duty Free",
        "retailer_url": "https://shop.frankfurt-airport.com/en-US/retailer/heinemann",
        "price": "\u20ac159.99",
        "price_per_quantity": "\u20ac177.77 / 100  ml",
        "description": "Discover Black Opium, Eau de Parfum Extr\u00eame. A radical new intensity, powered by an ultra-black coffee note. Boosted by a bold new, ultra-long lasting overdose of patchouli. Glammed up with an ultra-feminine white floral bouquet.Discover Black Opium, Eau de Parfum Extr\u00eame. A radical new intensity, powered by an ultra-black coffee note. Boosted by a bold new, ultra-long lasting overdose of patchouli. Glammed up with an ultra-feminine white floral bouquet.",
        "additional_information": "{\n    \"Order Amount\": \"90 ml\",\n    \"Target Gender\": \"Female\",\n    \"made in\": \"France\",\n    \"Type of Fragrance\": \"Eau De Parfum\",\n    \"Warning Hints\": \"Avoid eye contact. Keep away from direct heat and sunlight.\",\n    \"Item Number\": \"1524491\",\n    \"Product Series\": \"Black Opium Extreme\",\n    \"Net Weight\": \"0.09 kg\",\n    \"Package Height\": \"13.5 cm\",\n    \"Package Length\": \"3.7 cm\",\n    \"Package Width\": \"9.2 cm\"\n}"
    },
    {
        "product_name": "Yamazaki 12y Japanese Single Malt Whisky 43% 0.7L",
        "brand_name": "Yamazaki",
        "brand_url": "https://shop.frankfurt-airport.com/en-US/brand/yamazaki",
        "retailer_name": "Frankfurt Duty Free",
        "retailer_url": "https://shop.frankfurt-airport.com/en-US/retailer/heinemann",
        "price": "",
        "price_per_quantity": "",
        "description": "Yamazaki Whisky is Suntory's flagship single malt whisky, from Japan\u2019s first and oldest malt distillery",
        "additional_information": "{\n    \"Order Amount\": \"0.7 l\",\n    \"Calories\": \"1,008.34 kJ\",\n    \"Fat\": \" / \",\n    \"thereof \": \"0 g\",\n    \"Saturated Fatty Acids\": \"0 g\",\n    \"Carbonate\": \"0 g\",\n    \"Sugar\": \"0 g\",\n    \"Protein\": \"0 g\",\n    \"Salt\": \"0 g\",\n    \"made in\": \"Japan\",\n    \"With Colorant\": \"No\",\n    \"Storage Conditions\": \"Store in a cool dry place.\",\n    \"Warning Hints\": \"Drink responsibly.\",\n    \"Item Number\": \"1375361\",\n    \"Net Weight\": \"0.7 kg\",\n    \"Package Height\": \"26 cm\",\n    \"Package Length\": \"8.5 cm\",\n    \"Package Width\": \"8.5 cm\"\n}"
    },
    {
        "product_name": "Yamasaki Tsukuriwake Islay Peated Japanese Whisky 48% 0.7L",
        "brand_name": "Yamazaki",
        "brand_url": "https://shop.frankfurt-airport.com/en-US/brand/yamazaki",
        "retailer_name": "Frankfurt Duty Free",
        "retailer_url": "https://shop.frankfurt-airport.com/en-US/retailer/heinemann",
        "price": "\u20ac699.00",
        "price_per_quantity": "\u20ac998.57 / 1  l",
        "description": "Islay Peat often recognized as the distinctive character amongst scotch, it brings out softer and sweeter mouthfeel than Scotland\u2019s mainland peat. In particular, the water and maturation process of Yamazaki results in a sweetness that balances the smoke, truly embodying Tsukuriwake that goes beyond the selection of ingredients but also on the process and soul place all combined to create the Yamazaki flavor.Islay Peat often recognized as the distinctive character amongst scotch, it brings out softer and sweeter mouthfeel than Scotland\u2019s mainland peat. In particular, the water and maturation process of Yamazaki results in a sweetness that balances the smoke, truly embodying Tsukuriwake that goes beyond the selection of ingredients but also on the process and soul place all combined to create the Yamazaki flavor.",
        "additional_information": "{\n    \"Order Amount\": \"0.7 l\",\n    \"made in\": \"Japan\",\n    \"With Colorant\": \"Yes\",\n    \"Storage Conditions\": \"Store in a cool dry place.\",\n    \"Warning Hints\": \"Drink responsibly.\",\n    \"Item Number\": \"1669506\",\n    \"Net Weight\": \"0.7 kg\",\n    \"Package Height\": \"26.5 cm\",\n    \"Package Length\": \"8.7 cm\",\n    \"Package Width\": \"8.7 cm\"\n}"
    },
    {
        "product_name": "Yves Saint Laurent Libre Absolu Platine Eau de Parfum 90 ml",
        "brand_name": "Yves Saint Laurent",
        "brand_url": "https://shop.frankfurt-airport.com/en-US/brand/yves-saint-laurent",
        "retailer_name": "Frankfurt Duty Free",
        "retailer_url": "https://shop.frankfurt-airport.com/en-US/retailer/heinemann",
        "price": "\u20ac144.99",
        "price_per_quantity": "\u20ac161.10 / 100  ml",
        "description": "LIBRE L'ABSOLU PLATINE, the new feminine perfume by Yves Saint Laurent, the absolute intensity to burn from cold & shiver from heat.  The perfume of a strong, bold and free woman experimenting her freedom absolutely. A new clash of desirability, bringing together the two most precious materials of the world, gold & platinum. The iconic couture gold Cassandre is artfully bent and nailed into the glass, now preciously infused with a silver platinum texture. The hottest jewel-like bottle, encapsulating a unique metallic trail with the highest concentration ever on LIBRE. A new absolute & unmistakable intensity, evoking a fiery burn and a shiver-inducing chill all at once. The burning sensuality of an orange blossom from Morocco & the boldness of a Diva lavender from France perfectly blend with a new exclusive & addictive sensual white lavender accord. A new tension between hot and cold, like a cutting-ice breath of freedom. Indulge in the luxurious scent of LIBRE L'ABSOLU PLATINE and experience the absolute freedom.LIBRE L'ABSOLU PLATINE, the new feminine perfume by Yves Saint Laurent, the absolute intensity to burn from cold & shiver from heat.  The perfume of a strong, bold and free woman experimenting her freedom absolutely. A new clash of desirability, bringing together the two most precious materials of the world, gold & platinum. The iconic couture gold Cassandre is artfully bent and nailed into the glass, now preciously infused with a silver platinum texture. The hottest jewel-like bottle, encapsulating a unique metallic trail with the highest concentration ever on LIBRE. A new absolute & unmistakable intensity, evoking a fiery burn and a shiver-inducing chill all at once. The burning sensuality of an orange blossom from Morocco & the boldness of a Diva lavender from France perfectly blend with a new exclusive & addictive sensual white lavender accord. A new tension between hot and cold, like a cutting-ice breath of freedom. Indulge in the luxurious scent of LIBRE L'ABSOLU PLATINE and experience the absolute freedom.",
        "additional_information": "{\n    \"Order Amount\": \"90 ml\",\n    \"Target Gender\": \"Female\",\n    \"made in\": \"France\",\n    \"Type of Fragrance\": \"Eau De Parfum\",\n    \"Warning Hints\": \"Avoid eye contact. Keep away from direct heat and sunlight.\",\n    \"Item Number\": \"1584211\",\n    \"Product Series\": \"Libre\",\n    \"Net Weight\": \"0.09 kg\",\n    \"Package Height\": \"14.8 cm\",\n    \"Package Length\": \"6.4 cm\",\n    \"Package Width\": \"4.8 cm\"\n}"
    },
    {
        "product_name": "Yamasaki Tsukuriwake Mizunara 18y Japanese Whisky 48% 0.7L",
        "brand_name": "Yamazaki",
        "brand_url": "https://shop.frankfurt-airport.com/en-US/brand/yamazaki",
        "retailer_name": "Frankfurt Duty Free",
        "retailer_url": "https://shop.frankfurt-airport.com/en-US/retailer/heinemann",
        "price": "\u20ac2,499.00",
        "price_per_quantity": "\u20ac3,570.00 / 1  l",
        "description": "Through years of experimentation, our blenders have discovered the secret to the treasures of Mizunara casks: time. A long maturation period imparts unmistakable spiciness and notes of sandalwood and aloe upon the Yamazaki. As a result, Yamazaki Mizunara Aged 18 Years is a pleasingly complex, rich and elegant whisky, where fruit, spice and wood notes engage to inspire the senses.Through years of experimentation, our blenders have discovered the secret to the treasures of Mizunara casks: time. A long maturation period imparts unmistakable spiciness and notes of sandalwood and aloe upon the Yamazaki. As a result, Yamazaki Mizunara Aged 18 Years is a pleasingly complex, rich and elegant whisky, where fruit, spice and wood notes engage to inspire the senses.",
        "additional_information": "{\n    \"Order Amount\": \"0.7 l\",\n    \"made in\": \"Japan\",\n    \"With Colorant\": \"Yes\",\n    \"Storage Conditions\": \"Store in a cool dry place.\",\n    \"Warning Hints\": \"Drink responsibly.\",\n    \"Item Number\": \"1669504\",\n    \"Net Weight\": \"0.7 kg\",\n    \"Package Height\": \"30.5 cm\",\n    \"Package Length\": \"13.5 cm\",\n    \"Package Width\": \"13.5 cm\"\n}"
    },
    {
        "product_name": "Yamazaki 12y Anniversary Single Malt Japanese Whisky 43% 0.7L",
        "brand_name": "Yamazaki",
        "brand_url": "https://shop.frankfurt-airport.com/en-US/brand/yamazaki",
        "retailer_name": "Frankfurt Duty Free",
        "retailer_url": "https://shop.frankfurt-airport.com/en-US/retailer/heinemann",
        "price": "\u20ac299.99",
        "price_per_quantity": "\u20ac428.56 / 1  l",
        "description": "Yamazaki 12 year old is a pioneering Japanese single malt. First released in 1984 it is renowned for it's intense, confident and elegant flavours and well balanced,  fruity sweetness. Limited Edition bottle celebrating Suntory's 100th Anniversary. Enjoy over ice or simply sip neat.Yamazaki 12 year old is a pioneering Japanese single malt. First released in 1984 it is renowned for it's intense, confident and elegant flavours and well balanced,  fruity sweetness. Limited Edition bottle celebrating Suntory's 100th Anniversary. Enjoy over ice or simply sip neat.",
        "additional_information": "{\n    \"Order Amount\": \"0.7 l\",\n    \"made in\": \"Japan\",\n    \"With Colorant\": \"No\",\n    \"Warning Hints\": \"Drink responsibly.\",\n    \"Item Number\": \"1585872\",\n    \"Net Weight\": \"0.7 kg\",\n    \"Package Height\": \"26 cm\",\n    \"Package Length\": \"8.8 cm\",\n    \"Package Width\": \"8.8 cm\"\n}"
    },
    {
        "product_name": "Barbie, Barbie Mysteries: The Mysterious Horse Adventure Rider Malibu Doll",
        "brand_name": "Barbie",
        "brand_url": "https://shop.frankfurt-airport.com/en-US/brand/barbie",
        "retailer_name": "Frankfurt Duty Free",
        "retailer_url": "https://shop.frankfurt-airport.com/en-US/retailer/heinemann",
        "price": "\u20ac18.90",
        "price_per_quantity": "",
        "description": "Barbie 'Malibu' doll is ready for horseback riding adventures! With a stylish riding outfit, she looks just like her character from the Netflix series, Barbie Mysteries: The Great Horse Chase. The fashion doll wears a removable shirt and vest, pants, boots, and helmet -- and bends at the elbows, wrists, and knees for realistic riding play! Doll cannot stand alone. Colors and decorations may vary.Barbie 'Malibu' doll is ready for horseback riding adventures! With a stylish riding outfit, she looks just like her character from the Netflix series, Barbie Mysteries: The Great Horse Chase. The fashion doll wears a removable shirt and vest, pants, boots, and helmet -- and bends at the elbows, wrists, and knees for realistic riding play! Doll cannot stand alone. Colors and decorations may vary.",
        "additional_information": "{\n    \"Warning Hints\": \"ATTENTION: Not suitable for children under 3 years. Choking hazard. Small parts.\",\n    \"Item Number\": \"1651854\",\n    \"Net Weight\": \"0.198 kg\",\n    \"Package Height\": \"32.4 cm\",\n    \"Package Length\": \"5.4 cm\",\n    \"Package Width\": \"13.3 cm\"\n}"
    },
    {
        "product_name": "Barbie, meerjungfrau",
        "brand_name": "Barbie",
        "brand_url": "https://shop.frankfurt-airport.com/en-US/brand/barbie",
        "retailer_name": "Frankfurt Duty Free",
        "retailer_url": "https://shop.frankfurt-airport.com/en-US/retailer/heinemann",
        "price": "\u20ac13.90",
        "price_per_quantity": "",
        "description": "Kids will love dreaming up magical undersea tales with their beautiful Barbie mermaid dolls! Each mermaid has a shell-inspired bodice, sculpted tail, and fantasy-colored hair adorned with detailed accessories. Kids 3 years old and up can collect a variety of mermaids and go on aquatic adventures! Each sold separately, subject to availability. Barbie dolls cannot swim or stand alone. Colors and decorations may vary.Kids will love dreaming up magical undersea tales with their beautiful Barbie mermaid dolls! Each mermaid has a shell-inspired bodice, sculpted tail, and fantasy-colored hair adorned with detailed accessories. Kids 3 years old and up can collect a variety of mermaids and go on aquatic adventures! Each sold separately, subject to availability. Barbie dolls cannot swim or stand alone. Colors and decorations may vary.",
        "additional_information": "{\n    \"Warning Hints\": \"Not suitable for children under 3 years\",\n    \"Item Number\": \" \",\n    \"Net Weight\": \" Attention! Not suitable for children under 3 years. Warning! Choking hazard. Small parts.\",\n    \"Package Height\": \"1686514\",\n    \"Package Length\": \"0.179 kg\",\n    \"Package Width\": \"5 cm\"\n}"
    },
    {
        "product_name": "Ron Zacapa Centenario XO Rum 40% 0.7L",
        "brand_name": "Zacapa",
        "brand_url": "https://shop.frankfurt-airport.com/en-US/brand/zacapa",
        "retailer_name": "Frankfurt Duty Free",
        "retailer_url": "https://shop.frankfurt-airport.com/en-US/retailer/heinemann",
        "price": "\u20ac139.99",
        "price_per_quantity": "\u20ac199.99 / 1  l",
        "description": "Ron Zacapa\u00ae XO\u2122 is a blend of rums distilled from the sweetest first-crush sugar cane and aged for 6 to 25 years. It is matured using the Solera System \u2013 a traditional, dynamic ageing process that blends rums of different ages, which are then stored in specially selected barrels to give each a unique flavour profile. This rum is aged in barrels that have previously held bourbon, sherry, Pedro Xim\u00e9nez wine and Cognac. The resulting spirit is a perfectly balanced combination of sweetness, spice and fruit.Ron Zacapa\u00ae XO\u2122 is a blend of rums distilled from the sweetest first-crush sugar cane and aged for 6 to 25 years. It is matured using the Solera System \u2013 a traditional, dynamic ageing process that blends rums of different ages, which are then stored in specially selected barrels to give each a unique flavour profile. This rum is aged in barrels that have previously held bourbon, sherry, Pedro Xim\u00e9nez wine and Cognac. The resulting spirit is a perfectly balanced combination of sweetness, spice and fruit.",
        "additional_information": "{\n    \"Order Amount\": \"0.7 l\",\n    \"Calories\": \"1,101 kJ\",\n    \"Fat\": \" / \",\n    \"Carbonate\": \"266 kcal\",\n    \"Protein\": \"0 g\",\n    \"made in\": \"0 g\",\n    \"With Colorant\": \"0 g\",\n    \"GMO Free\": \"Guatemala\",\n    \"Warning Hints\": \"Yes\",\n    \"Item Number\": \"Yes\",\n    \"Net Weight\": \"It's worth giving serious thought to your own approach to alcohol. Carry out a self-assessment test now --> drinkiq.com\",\n    \"Package Height\": \"107030\",\n    \"Package Length\": \"0.7 kg\",\n    \"Package Width\": \"29 cm\"\n}"
    },
    {
        "product_name": "Barbie, barbie pop! reveal bubble tea series - mango mochi",
        "brand_name": "Barbie",
        "brand_url": "https://shop.frankfurt-airport.com/en-US/brand/barbie",
        "retailer_name": "Frankfurt Duty Free",
        "retailer_url": "https://shop.frankfurt-airport.com/en-US/retailer/heinemann",
        "price": "\u20ac27.90",
        "price_per_quantity": "",
        "description": "Barbie Pop Reveal Bubble Tea Series dolls offer a sensory unboxing experience with eight surprises! Unscrew the lid with the Slime and poke through the film with the straw for squishy fun. Peel the film on the cup to reveal a bubble tea-scented Barbie doll and eight more surprises! Which doll will you reveal? There's Taro Milk, Berry Bliss, Green Tea or Mango Mochi. Continue unboxing to discover two reusable ice cubes that pop open to reveal a skirt and pair of shoes.Barbie Pop Reveal Bubble Tea Series dolls offer a sensory unboxing experience with eight surprises! Unscrew the lid with the Slime and poke through the film with the straw for squishy fun. Peel the film on the cup to reveal a bubble tea-scented Barbie doll and eight more surprises! Which doll will you reveal? There's Taro Milk, Berry Bliss, Green Tea or Mango Mochi. Continue unboxing to discover two reusable ice cubes that pop open to reveal a skirt and pair of shoes.",
        "additional_information": "{\n    \"Warning Hints\": \"ATTENTION: Not suitable for children under 3 years. Choking hazard. Small parts.\",\n    \"Item Number\": \"1660425\",\n    \"Net Weight\": \"0.457 kg\",\n    \"Package Height\": \"32.7 cm\",\n    \"Package Length\": \"10.8 cm\",\n    \"Package Width\": \"11.7 cm\"\n}"
    },
    {
        "product_name": "Yamasaki Tsukuriwake Golden Promise Japanese Whisky 48% 0.7L",
        "brand_name": "Yamazaki",
        "brand_url": "https://shop.frankfurt-airport.com/en-US/brand/yamazaki",
        "retailer_name": "Frankfurt Duty Free",
        "retailer_url": "https://shop.frankfurt-airport.com/en-US/retailer/heinemann",
        "price": "\u20ac699.00",
        "price_per_quantity": "\u20ac998.57 / 1  l",
        "description": "First grown in Scotland in the 1960s, Golden Promise Barley is an exceptional grain variety. Learned from scotch, first distilled in  2009 and matured in American Oak casks, the use of Golden Promise has resulted in a Yamazaki as malty and rich. Often used as the base of Yamazaki flagship SKUs like 12YO, this well-rounded liquid stabilizes the flavor of Yamazaki when it comes to composing with others like Mizunara and Spanish oak liquids.First grown in Scotland in the 1960s, Golden Promise Barley is an exceptional grain variety. Learned from scotch, first distilled in  2009 and matured in American Oak casks, the use of Golden Promise has resulted in a Yamazaki as malty and rich. Often used as the base of Yamazaki flagship SKUs like 12YO, this well-rounded liquid stabilizes the flavor of Yamazaki when it comes to composing with others like Mizunara and Spanish oak liquids.",
        "additional_information": "{\n    \"Order Amount\": \"0.7 l\",\n    \"made in\": \"Japan\",\n    \"With Colorant\": \"Yes\",\n    \"Storage Conditions\": \"Store in a cool dry place.\",\n    \"Warning Hints\": \"Drink responsibly.\",\n    \"Item Number\": \"1669507\",\n    \"Net Weight\": \"0.7 kg\",\n    \"Package Height\": \"26.5 cm\",\n    \"Package Length\": \"8.7 cm\",\n    \"Package Width\": \"8.7 cm\"\n}"
    },
    {
        "product_name": "Barbie, mini barbieland color reveal dolls assortment",
        "brand_name": "Barbie",
        "brand_url": "https://shop.frankfurt-airport.com/en-US/brand/barbie",
        "retailer_name": "Frankfurt Duty Free",
        "retailer_url": "https://shop.frankfurt-airport.com/en-US/retailer/heinemann",
        "price": "\u20ac4.90",
        "price_per_quantity": "",
        "description": "Enter the world of Barbie doll with Mini BarbieLand -- a place to imagine big and Dream in Mini! With Mini BarbieLand Color Reveal dolls, there's big unboxing fun and a teeny surprise. Open the small tube, pull out a mini doll covered in a colorful coating, then use water as directed to see the doll's look -- so easy! Which doll will you reveal? Each 1.5-inch doll bends at the waist and stands on a heart-shaped base that fits into Mini BarbieLand playsets (sold separately).Enter the world of Barbie doll with Mini BarbieLand -- a place to imagine big and Dream in Mini! With Mini BarbieLand Color Reveal dolls, there's big unboxing fun and a teeny surprise. Open the small tube, pull out a mini doll covered in a colorful coating, then use water as directed to see the doll's look -- so easy! Which doll will you reveal? Each 1.5-inch doll bends at the waist and stands on a heart-shaped base that fits into Mini BarbieLand playsets (sold separately).",
        "additional_information": "{\n    \"Warning Hints\": \"ATTENTION: Not suitable for children under 3 years. Choking hazard. Small parts.\",\n    \"Item Number\": \"1660427\",\n    \"Net Weight\": \"0.023 kg\",\n    \"Package Height\": \"15.2 cm\",\n    \"Package Length\": \"3 cm\",\n    \"Package Width\": \"7.6 cm\"\n}"
    },
    {
        "product_name": "Barbie, barbie mini barbieland doll and dreamcamper",
        "brand_name": "Barbie",
        "brand_url": "https://shop.frankfurt-airport.com/en-US/brand/barbie",
        "retailer_name": "Frankfurt Duty Free",
        "retailer_url": "https://shop.frankfurt-airport.com/en-US/retailer/heinemann",
        "price": "\u20ac7.90",
        "price_per_quantity": "",
        "description": "Enter the world of Barbie doll with Mini BarbieLand -- a place to imagine big and Dream in Mini! Sweet rides made with surprise, these mini vehicle sets are ready for play or display. This small-scale recreation of the iconic Barbie DreamCamper features working  doors and a pool with color-change transformation! The set comes with an adorably styled 1.5-inch Barbie doll that bends at the waist so she can sit and drive toward big adventures in Mini BarbieLand.Enter the world of Barbie doll with Mini BarbieLand -- a place to imagine big and Dream in Mini! Sweet rides made with surprise, these mini vehicle sets are ready for play or display. This small-scale recreation of the iconic Barbie DreamCamper features working  doors and a pool with color-change transformation! The set comes with an adorably styled 1.5-inch Barbie doll that bends at the waist so she can sit and drive toward big adventures in Mini BarbieLand.",
        "additional_information": "{\n    \"Warning Hints\": \"ATTENTION: Not suitable for children under 3 years. Choking hazard. Small parts.\",\n    \"Item Number\": \"1660428\",\n    \"Net Weight\": \"0.052 kg\",\n    \"Package Height\": \"15 cm\",\n    \"Package Length\": \"14 cm\",\n    \"Package Width\": \"4 cm\"\n}"
    },
    {
        "product_name": "Barbie, travel chelsea",
        "brand_name": "Barbie",
        "brand_url": "https://shop.frankfurt-airport.com/en-US/brand/barbie",
        "retailer_name": "Frankfurt Duty Free",
        "retailer_url": "https://shop.frankfurt-airport.com/en-US/retailer/heinemann",
        "price": "\u20ac17.90",
        "price_per_quantity": "",
        "description": "Imaginations can dream up their own big adventures with Barbie\u00ae dolls and playsets! Little sister Chelsea\u2122 doll is ready to set off on her next destination with her puppy and six travel accessories that include a pet carrier. With so many ways to inspire imaginations to take off, this doll set makes a great gift for kids ages 3 years old and up. Doll cannot stand alone. Colors and decorations may vary.Imaginations can dream up their own big adventures with Barbie\u00ae dolls and playsets! Little sister Chelsea\u2122 doll is ready to set off on her next destination with her puppy and six travel accessories that include a pet carrier. With so many ways to inspire imaginations to take off, this doll set makes a great gift for kids ages 3 years old and up. Doll cannot stand alone. Colors and decorations may vary.",
        "additional_information": "{\n    \"Warning Hints\": \"ATTENTION: Not suitable for children under 3 years. Choking hazard. Small parts.\",\n    \"Item Number\": \"1562608\",\n    \"Net Weight\": \"0.107 kg\",\n    \"Package Height\": \"5 cm\",\n    \"Package Length\": \"16.5 cm\",\n    \"Package Width\": \"15 cm\"\n}"
    },
    {
        "product_name": "Barbie, barbie mini barbieland dream villa pink",
        "brand_name": "Barbie",
        "brand_url": "https://shop.frankfurt-airport.com/en-US/brand/barbie",
        "retailer_name": "Frankfurt Duty Free",
        "retailer_url": "https://shop.frankfurt-airport.com/en-US/retailer/heinemann",
        "price": "\u20ac11.90",
        "price_per_quantity": "",
        "description": "Enter the world of Barbie doll with Mini BarbieLand -- a place to imagine big and Dream in Mini! Built with tiny cuteness and big surprise, these mini doll house sets are ready for play or display. The small-scale recreations of iconic Barbie Dreamhouses come with a box containing a mini Barbie doll, her pet and a pet accessory -- and of course, each house has a working elevator, slide and pool!Enter the world of Barbie doll with Mini BarbieLand -- a place to imagine big and Dream in Mini! Built with tiny cuteness and big surprise, these mini doll house sets are ready for play or display. The small-scale recreations of iconic Barbie Dreamhouses come with a box containing a mini Barbie doll, her pet and a pet accessory -- and of course, each house has a working elevator, slide and pool!",
        "additional_information": "{\n    \"Warning Hints\": \"ATTENTION: Not suitable for children under 3 years. Choking hazard. Small parts.\",\n    \"Item Number\": \"1660441\",\n    \"Net Weight\": \"0.138 kg\",\n    \"Package Height\": \"15.2 cm\",\n    \"Package Length\": \"8 cm\",\n    \"Package Width\": \"23 cm\"\n}"
    },
    {
        "product_name": "Barbie, barbie mini barbieland doll and cabrio",
        "brand_name": "Barbie",
        "brand_url": "https://shop.frankfurt-airport.com/en-US/brand/barbie",
        "retailer_name": "Frankfurt Duty Free",
        "retailer_url": "https://shop.frankfurt-airport.com/en-US/retailer/heinemann",
        "price": "\u20ac7.90",
        "price_per_quantity": "",
        "description": "Enter the world of Barbie doll with Mini BarbieLand -- a place to imagine big and Dream in Mini! Sweet rides made with surprise, these mini vehicle sets are ready for play or display. This small-scale recreation of the iconic Barbie Convertible features color-change, plus a street sign and mailbox storytelling accessory. The set comes with an adorably styled 1.5-inch Barbie doll that bends at the waist so she can sit and drive toward big adventures in Mini BarbieLand.Enter the world of Barbie doll with Mini BarbieLand -- a place to imagine big and Dream in Mini! Sweet rides made with surprise, these mini vehicle sets are ready for play or display. This small-scale recreation of the iconic Barbie Convertible features color-change, plus a street sign and mailbox storytelling accessory. The set comes with an adorably styled 1.5-inch Barbie doll that bends at the waist so she can sit and drive toward big adventures in Mini BarbieLand.",
        "additional_information": "{\n    \"Warning Hints\": \"ATTENTION: Not suitable for children under 3 years. Choking hazard. Small parts.\",\n    \"Item Number\": \" \",\n    \"Net Weight\": \"1660440\",\n    \"Package Height\": \"0.044 kg\",\n    \"Package Length\": \"15.4 cm\",\n    \"Package Width\": \"5.3 cm\"\n}"
    },
    {
        "product_name": "Barbie, barbie mini barbieland fashionistas dolls",
        "brand_name": "Barbie",
        "brand_url": "https://shop.frankfurt-airport.com/en-US/brand/barbie",
        "retailer_name": "Frankfurt Duty Free",
        "retailer_url": "https://shop.frankfurt-airport.com/en-US/retailer/heinemann",
        "price": "\u20ac4.90",
        "price_per_quantity": "",
        "description": "Enter the world of Barbie doll with Mini BarbieLand -- a place to imagine big and Dream in Mini! Designed to surprise, these mini Fashionistas are ready for play or display\u2026once revealed. To find out which doll is inside the lipstick tube, twist the tube and watch a 1.5-inch Barbie or Ken doll rise up for a teeny surprise and big fun! Each bends at the waist and stands on a heart-shaped base that fits into Mini BarbieLand playsets (sold separately).Enter the world of Barbie doll with Mini BarbieLand -- a place to imagine big and Dream in Mini! Designed to surprise, these mini Fashionistas are ready for play or display\u2026once revealed. To find out which doll is inside the lipstick tube, twist the tube and watch a 1.5-inch Barbie or Ken doll rise up for a teeny surprise and big fun! Each bends at the waist and stands on a heart-shaped base that fits into Mini BarbieLand playsets (sold separately).",
        "additional_information": "{\n    \"Warning Hints\": \"ATTENTION: Not suitable for children under 3 years. Choking hazard. Small parts.\",\n    \"Item Number\": \"1660426\",\n    \"Net Weight\": \"0.029 kg\",\n    \"Package Height\": \"15.2 cm\",\n    \"Package Length\": \"3 cm\",\n    \"Package Width\": \"7.6 cm\"\n}"
    },
    {
        "product_name": "Barbie, disco star series",
        "brand_name": "Barbie",
        "brand_url": "https://shop.frankfurt-airport.com/en-US/brand/barbie",
        "retailer_name": "Frankfurt Duty Free",
        "retailer_url": "https://shop.frankfurt-airport.com/en-US/retailer/heinemann",
        "price": "\u20ac18.90",
        "price_per_quantity": "",
        "description": "Barbie Color Reveal dolls deliver an experience full of fun with six surprises to discover inside! With the Barbie Disco Star Series , kids find one of four fashion dolls, each with sparkle and shine. Inspired by bright metallics and a fun, western style, the fashion dolls have long colorful hair paired with a brightly colored hat. Which doll will you reveal? Mystery accessories include a skirt, boots, neck piece and the hat. Transform the doll's face with icy cold and warm water for additional fBarbie Color Reveal dolls deliver an experience full of fun with six surprises to discover inside! With the Barbie Disco Star Series , kids find one of four fashion dolls, each with sparkle and shine. Inspired by bright metallics and a fun, western style, the fashion dolls have long colorful hair paired with a brightly colored hat. Which doll will you reveal? Mystery accessories include a skirt, boots, neck piece and the hat. Transform the doll's face with icy cold and warm water for additional f",
        "additional_information": "{\n    \"Warning Hints\": \"Not suitable for children under 3 years\",\n    \"Item Number\": \" \",\n    \"Net Weight\": \" Attention! Not suitable for children under 3 years. Warning! Choking hazard. Small parts.\",\n    \"Package Height\": \"1686631\",\n    \"Package Length\": \"0.233 kg\",\n    \"Package Width\": \"8 cm\"\n}"
    },
    {
        "product_name": "Barbie, barbie core royal_1",
        "brand_name": "Barbie",
        "brand_url": "https://shop.frankfurt-airport.com/en-US/brand/barbie",
        "retailer_name": "Frankfurt Duty Free",
        "retailer_url": "https://shop.frankfurt-airport.com/en-US/retailer/heinemann",
        "price": "\u20ac13.90",
        "price_per_quantity": "",
        "description": "These royal Barbie dolls come in a rainbow of dreamy colors! Each doll has fantasy highlights in her hair, a sculpted bodice, printed skirt, and styling accessories. Enchanting and sweet, royal Barbie dolls are made to inspire magical tales of adventure -- kids 3 years old and up can collect them all for fantastical fun! Each sold separately, subject to availability. Barbie dolls cannot stand alone. Colors and decorations may vary.!These royal Barbie dolls come in a rainbow of dreamy colors! Each doll has fantasy highlights in her hair, a sculpted bodice, printed skirt, and styling accessories. Enchanting and sweet, royal Barbie dolls are made to inspire magical tales of adventure -- kids 3 years old and up can collect them all for fantastical fun! Each sold separately, subject to availability. Barbie dolls cannot stand alone. Colors and decorations may vary.!",
        "additional_information": "{\n    \"Warning Hints\": \"ATTENTION: Not suitable for children under 3 years. Choking hazard. Small parts.\",\n    \"Item Number\": \"1660424\",\n    \"Net Weight\": \"0.152 kg\",\n    \"Package Height\": \"32.5 cm\",\n    \"Package Length\": \"5 cm\",\n    \"Package Width\": \"10.2 cm\"\n}"
    },
    {
        "product_name": "Barbie, barbie mini barbieland doll and dream plane",
        "brand_name": "Barbie",
        "brand_url": "https://shop.frankfurt-airport.com/en-US/brand/barbie",
        "retailer_name": "Frankfurt Duty Free",
        "retailer_url": "https://shop.frankfurt-airport.com/en-US/retailer/heinemann",
        "price": "\u20ac7.90",
        "price_per_quantity": "",
        "description": "Enter the world of Barbie doll with Mini BarbieLand -- a place to imagine big and Dream in Mini! Sweet rides made with surprise, these mini vehicle sets are ready for play or display. This small-scale recreation of the iconic Barbie Dreamplane features working doors and a color-change transformation! The set comes with an adorably styled 1.5-inch Barbie doll that bends at the waist so she can sit and fly toward big adventures in Mini BarbieLand.Enter the world of Barbie doll with Mini BarbieLand -- a place to imagine big and Dream in Mini! Sweet rides made with surprise, these mini vehicle sets are ready for play or display. This small-scale recreation of the iconic Barbie Dreamplane features working doors and a color-change transformation! The set comes with an adorably styled 1.5-inch Barbie doll that bends at the waist so she can sit and fly toward big adventures in Mini BarbieLand.",
        "additional_information": "{\n    \"Warning Hints\": \"ATTENTION: Not suitable for children under 3 years. Choking hazard. Small parts.\",\n    \"Item Number\": \"1660429\",\n    \"Net Weight\": \"0.048 kg\",\n    \"Package Height\": \"15.4 cm\",\n    \"Package Length\": \"5.4 cm\",\n    \"Package Width\": \"14 cm\"\n}"
    },
    {
        "product_name": "Barbie, fashions",
        "brand_name": "Barbie",
        "brand_url": "https://shop.frankfurt-airport.com/en-US/brand/barbie",
        "retailer_name": "Frankfurt Duty Free",
        "retailer_url": "https://shop.frankfurt-airport.com/en-US/retailer/heinemann",
        "price": "\u20ac10.90",
        "price_per_quantity": "",
        "description": "Dress Barbie\u00ae doll for any challenge with a wardrobe that can keep up! With doll clothes and accessories for two complete outfits in  one fashion pack, these Barbie\u00ae clothing sets offer double the styling fun (doll sold separately). Pieces can include dresses, jackets, tops or bottoms -- and the two accessories help to style a complete look. Mix and match within the set and with other fashions in the line to create different looks and explore style. Includes two outfits and two accessories; dollDress Barbie\u00ae doll for any challenge with a wardrobe that can keep up! With doll clothes and accessories for two complete outfits in  one fashion pack, these Barbie\u00ae clothing sets offer double the styling fun (doll sold separately). Pieces can include dresses, jackets, tops or bottoms -- and the two accessories help to style a complete look. Mix and match within the set and with other fashions in the line to create different looks and explore style. Includes two outfits and two accessories; doll",
        "additional_information": "{\n    \"Warning Hints\": \"Not suitable for children under 3 years\",\n    \"Item Number\": \" \",\n    \"Net Weight\": \" Attention! Not suitable for children under 3 years. Warning! Choking hazard. Small parts.\",\n    \"Package Height\": \"1686511\",\n    \"Package Length\": \"0.04 kg\",\n    \"Package Width\": \"17.78 cm\"\n}"
    },
    {
        "product_name": "It takes two! Camping set",
        "brand_name": "Barbie",
        "brand_url": "https://shop.frankfurt-airport.com/en-US/brand/barbie",
        "retailer_name": "Frankfurt Duty Free",
        "retailer_url": "https://shop.frankfurt-airport.com/en-US/retailer/heinemann",
        "price": "\u20ac31.90",
        "price_per_quantity": "",
        "description": "\u200bJoin \"Malibu\" Barbie\u00ae doll on her biggest adventure yet with this camping doll and playset inspired by the hit Barbie\u00ae series, It Takes Two! \u200bBarbie\u00ae doll comes with a pet puppy and wears an adventure-ready outfit featuring a chambray shirt, tie-dye shorts, sporty boots and stylish sunglasses. \u200bBarbie\u00ae doll comes with a pet puppy and wears an adventure-ready outfit featuring a chambray shirt, tie-dye shorts, sporty boots and stylish sunglasses. \u200bTake the camping story from day to night with a backpack that opens and  closes to store hiking essentials and a colorful sleeping bag that keeps Barbie\u00ae doll and puppy cozy at night. \u200bInspire even more storytelling with a pair of binoculars, hat, map, granola bar snack, make-up or toiletries bag, smart phone, lantern, toothbrush and toothpaste.\u200bJoin \"Malibu\" Barbie\u00ae doll on her biggest adventure yet with this camping doll and playset inspired by the hit Barbie\u00ae series, It Takes Two! \u200bBarbie\u00ae doll comes with a pet puppy and wears an adventure-ready outfit featuring a chambray shirt, tie-dye shorts, sporty boots and stylish sunglasses. \u200bBarbie\u00ae doll comes with a pet puppy and wears an adventure-ready outfit featuring a chambray shirt, tie-dye shorts, sporty boots and stylish sunglasses. \u200bTake the camping story from day to night with a backpack that opens and  closes to store hiking essentials and a colorful sleeping bag that keeps Barbie\u00ae doll and puppy cozy at night. \u200bInspire even more storytelling with a pair of binoculars, hat, map, granola bar snack, make-up or toiletries bag, smart phone, lantern, toothbrush and toothpaste.",
        "additional_information": "{\n    \"Warning Hints\": \"ATTENTION: Not suitable for children under 3 years. Choking hazard. Small parts.\",\n    \"Item Number\": \"1510325\",\n    \"Net Weight\": \"0.33 kg\",\n    \"Package Height\": \"6.5 cm\",\n    \"Package Length\": \"33 cm\",\n    \"Package Width\": \"23 cm\"\n}"
    },
    {
        "product_name": "Barbie, color reveal mermaid",
        "brand_name": "Barbie",
        "brand_url": "https://shop.frankfurt-airport.com/en-US/brand/barbie",
        "retailer_name": "Frankfurt Duty Free",
        "retailer_url": "https://shop.frankfurt-airport.com/en-US/retailer/heinemann",
        "price": "\u20ac18.90",
        "price_per_quantity": "",
        "description": "Barbie Color Reveal dolls deliver an unboxing experience full of surprises, six of them! Kids will find one of four unique dolls in this mermaid series -- each features long hair with a bright color-change streak. Which doll will you reveal? Remove the outer layer  of packaging, open the tube and pull out a Barbie fashion doll, whose mermaid look is covered in a Color Reveal coating and surprise bags. Accessories include a detachable tail fin, sea charm necklace, headband and seashell comb. Use the packaging tube to store these and other pieces. Kids can collect them all for mix and match fun. Each sold separately, subject to availability. Dolls cannot stand alone. Colors and decorations may vary.Barbie Color Reveal dolls deliver an unboxing experience full of surprises, six of them! Kids will find one of four unique dolls in this mermaid series -- each features long hair with a bright color-change streak. Which doll will you reveal? Remove the outer layer  of packaging, open the tube and pull out a Barbie fashion doll, whose mermaid look is covered in a Color Reveal coating and surprise bags. Accessories include a detachable tail fin, sea charm necklace, headband and seashell comb. Use the packaging tube to store these and other pieces. Kids can collect them all for mix and match fun. Each sold separately, subject to availability. Dolls cannot stand alone. Colors and decorations may vary.",
        "additional_information": "{\n    \"Warning Hints\": \"ATTENTION: Not suitable for children under 3 years. Choking hazard. Small parts.\",\n    \"Item Number\": \"1651851\",\n    \"Net Weight\": \"0.213 kg\",\n    \"Package Height\": \"32.4 cm\",\n    \"Package Length\": \"8.4 cm\",\n    \"Package Width\": \"8.4 cm\"\n}"
    },
    {
        "product_name": "Barbie, core mermaid",
        "brand_name": "Barbie",
        "brand_url": "https://shop.frankfurt-airport.com/en-US/brand/barbie",
        "retailer_name": "Frankfurt Duty Free",
        "retailer_url": "https://shop.frankfurt-airport.com/en-US/retailer/heinemann",
        "price": "\u20ac13.90",
        "price_per_quantity": "",
        "description": "Kids will love dreaming up magical undersea tales with their beautiful Barbie mermaid dolls! Each mermaid has a shell-inspired bodice, sculpted tail, and fantasy-colored hair adorned with detailed accessories. Kids 3 years old and up can collect a variety of mermaids and go on aquatic adventures! Each sold separately, subject to availability. Barbie dolls cannot swim or stand alone. Colors and decorations may vary.Kids will love dreaming up magical undersea tales with their beautiful Barbie mermaid dolls! Each mermaid has a shell-inspired bodice, sculpted tail, and fantasy-colored hair adorned with detailed accessories. Kids 3 years old and up can collect a variety of mermaids and go on aquatic adventures! Each sold separately, subject to availability. Barbie dolls cannot swim or stand alone. Colors and decorations may vary.",
        "additional_information": "{\n    \"Warning Hints\": \"ATTENTION: Not suitable for children under 3 years. Choking hazard. Small parts.\",\n    \"Item Number\": \"1623655\",\n    \"Net Weight\": \"0.179 kg\",\n    \"Package Height\": \"5 cm\",\n    \"Package Length\": \"33 cm\",\n    \"Package Width\": \"10.5 cm\"\n}"
    },
    {
        "product_name": "Barbie, mini barbieland cutie reveal",
        "brand_name": "Barbie",
        "brand_url": "https://shop.frankfurt-airport.com/en-US/brand/barbie",
        "retailer_name": "Frankfurt Duty Free",
        "retailer_url": "https://shop.frankfurt-airport.com/en-US/retailer/heinemann",
        "price": "\u20ac4.90",
        "price_per_quantity": "",
        "description": "Enter the world of Barbie doll with Mini BarbieLand -- a place to imagine big and Dream in Mini! With Mini BarbieLand Cutie Reveal dolls, there's hugely cute unboxing and a teeny surprise. Open the small tube, pull out the mini doll costumed as an animal plush, then remove the head to reveal the doll's look -- so adorable! There's also a matching mini pet. Which doll will you reveal?Enter the world of Barbie doll with Mini BarbieLand -- a place to imagine big and Dream in Mini! With Mini BarbieLand Cutie Reveal dolls, there's hugely cute unboxing and a teeny surprise. Open the small tube, pull out the mini doll costumed as an animal plush, then remove the head to reveal the doll's look -- so adorable! There's also a matching mini pet. Which doll will you reveal?",
        "additional_information": "{\n    \"Warning Hints\": \"ATTENTION: Not suitable for children under 3 years. Choking hazard. Small parts.\",\n    \"Item Number\": \"1660442\",\n    \"Net Weight\": \"0.025 kg\",\n    \"Package Height\": \"15.2 cm\",\n    \"Package Length\": \"2.9 cm\",\n    \"Package Width\": \"7.6 cm\"\n}"
    },
    {
        "product_name": "Barbie, mini barbieland pop reveal",
        "brand_name": "Barbie",
        "brand_url": "https://shop.frankfurt-airport.com/en-US/brand/barbie",
        "retailer_name": "Frankfurt Duty Free",
        "retailer_url": "https://shop.frankfurt-airport.com/en-US/retailer/heinemann",
        "price": "\u20ac4.90",
        "price_per_quantity": "",
        "description": "Enter the world of Barbie doll with Mini BarbieLand -- a place to imagine big and Dream in Mini! Mini BarbieLand Pop Reveal dolls deliver hugely cute unboxing and a teeny surprise. Unscrew the lid on the mini drink cup and poke the sensory compound with the straw for squishy fun. Remove the compound to reveal a Barbie mini doll! Which doll will you reveal?Enter the world of Barbie doll with Mini BarbieLand -- a place to imagine big and Dream in Mini! Mini BarbieLand Pop Reveal dolls deliver hugely cute unboxing and a teeny surprise. Unscrew the lid on the mini drink cup and poke the sensory compound with the straw for squishy fun. Remove the compound to reveal a Barbie mini doll! Which doll will you reveal?",
        "additional_information": "{\n    \"Warning Hints\": \"ATTENTION: Not suitable for children under 3 years. Choking hazard. Small parts.\",\n    \"Item Number\": \"1660443\",\n    \"Net Weight\": \"0.025 kg\",\n    \"Package Height\": \"14.5 cm\",\n    \"Package Length\": \"2.9 cm\",\n    \"Package Width\": \"7.6 cm\"\n}"
    },
    {
        "product_name": "Twinkle Lights Mermaid",
        "brand_name": "Barbie",
        "brand_url": "https://shop.frankfurt-airport.com/en-US/brand/barbie",
        "retailer_name": "Frankfurt Duty Free",
        "retailer_url": "https://shop.frankfurt-airport.com/en-US/retailer/heinemann",
        "price": "\u20ac31.90",
        "price_per_quantity": "",
        "description": "\u200bMake a splash with Barbie\u2122 Dreamtopia Twinkle Lights Mermaid\u2122 Doll featuring a fantastical look and magical light-up feature! \u200bDip Barbie\u00ae mermaid doll in water to see her pearlescent tail light up in one of four colorful light shows! \u200bDip Barbie\u00ae mermaid doll in  water to see her pearlescent tail light up in one of four colorful light shows! \u200bTo bring the fun ashore, press the button on her bodice to experience the light shows without water. \u200bBarbie\u00ae doll's fantasy look is complete with rainbow fins, a \"pearl\"-detailed bodice, pink-streaked hair and a princess tiara.\u200bMake a splash with Barbie\u2122 Dreamtopia Twinkle Lights Mermaid\u2122 Doll featuring a fantastical look and magical light-up feature! \u200bDip Barbie\u00ae mermaid doll in water to see her pearlescent tail light up in one of four colorful light shows! \u200bDip Barbie\u00ae mermaid doll in  water to see her pearlescent tail light up in one of four colorful light shows! \u200bTo bring the fun ashore, press the button on her bodice to experience the light shows without water. \u200bBarbie\u00ae doll's fantasy look is complete with rainbow fins, a \"pearl\"-detailed bodice, pink-streaked hair and a princess tiara.",
        "additional_information": "{\n    \"Warning Hints\": \"ATTENTION: Not suitable for children under 3 years. Choking hazard. Small parts.\",\n    \"Item Number\": \"1510327\",\n    \"Net Weight\": \"0.351 kg\",\n    \"Package Height\": \"6.5 cm\",\n    \"Package Length\": \"23 cm\",\n    \"Package Width\": \"32.5 cm\"\n}"
    },
    {
        "product_name": "dogs",
        "brand_name": "Barbie",
        "brand_url": "https://shop.frankfurt-airport.com/en-US/brand/barbie",
        "retailer_name": "Frankfurt Duty Free",
        "retailer_url": "https://shop.frankfurt-airport.com/en-US/retailer/heinemann",
        "price": "\u20ac31.90",
        "price_per_quantity": "",
        "description": "\u200bBarbie\u00ae doll's adorable pet dog has puppies on the way, and kids can help welcome them with the Barbie\u00ae Newborn Pups playset! \u200bPress down on mommy dog's back to help Barbie\u00ae doll deliver a puppy, then press again to welcome 2 more! \u200bPress down on mommy dog's  back to help Barbie\u00ae doll deliver a puppy, then press again to welcome 2 more! \u200bFill the tub with ice-cold water, then dip the towel in and swipe it across the puppies to reveal a special birthmark on each! \u200bA puppy carrier has room for all three pups, so Barbie\u00ae doll can care for them on the go.\u200bBarbie\u00ae doll's adorable pet dog has puppies on the way, and kids can help welcome them with the Barbie\u00ae Newborn Pups playset! \u200bPress down on mommy dog's back to help Barbie\u00ae doll deliver a puppy, then press again to welcome 2 more! \u200bPress down on mommy dog's  back to help Barbie\u00ae doll deliver a puppy, then press again to welcome 2 more! \u200bFill the tub with ice-cold water, then dip the towel in and swipe it across the puppies to reveal a special birthmark on each! \u200bA puppy carrier has room for all three pups, so Barbie\u00ae doll can care for them on the go.",
        "additional_information": "{\n    \"Warning Hints\": \"ATTENTION: Not suitable for children under 3 years. Choking hazard. Small parts.\",\n    \"Item Number\": \" \",\n    \"Net Weight\": \"1510322\",\n    \"Package Height\": \"0.342 kg\",\n    \"Package Length\": \"6.5 cm\",\n    \"Package Width\": \"32.5 cm\"\n}"
    },
    {
        "product_name": "Barbie, travel barbie",
        "brand_name": "Barbie",
        "brand_url": "https://shop.frankfurt-airport.com/en-US/brand/barbie",
        "retailer_name": "Frankfurt Duty Free",
        "retailer_url": "https://shop.frankfurt-airport.com/en-US/retailer/heinemann",
        "price": "\u20ac31.90",
        "price_per_quantity": "",
        "description": "Barbie\u00ae \"Malibu\" Roberts doll is ready to set off to her next destination with her puppy and more than 10 travel accessories. Kids can use the sticker sheet to decorate her luggage -- it opens and closes for realistic play. Pack her suitcase and backpack with travel essentials and recreate favorite moments or dream up new adventures. Ready to help imaginations take off, this Barbie\u00ae doll set inspired by It Takes Two\u2122 makes a great gift for kids ages 3 years old and up. Doll cannot stand alone. Colors and decorations may vary.Barbie\u00ae \"Malibu\" Roberts doll is ready to set off to her next destination with her puppy and more than 10 travel accessories. Kids can use the sticker sheet to decorate her luggage -- it opens and closes for realistic play. Pack her suitcase and backpack with travel essentials and recreate favorite moments or dream up new adventures. Ready to help imaginations take off, this Barbie\u00ae doll set inspired by It Takes Two\u2122 makes a great gift for kids ages 3 years old and up. Doll cannot stand alone. Colors and decorations may vary.",
        "additional_information": "{\n    \"Warning Hints\": \"ATTENTION: Not suitable for children under 3 years. Choking hazard. Small parts.\",\n    \"Item Number\": \"1562609\",\n    \"Net Weight\": \"0.325 kg\",\n    \"Package Height\": \"5.6 cm\",\n    \"Package Length\": \"32 cm\",\n    \"Package Width\": \"21.5 cm\"\n}"
    },
    {
        "product_name": "Barbie, mini barbieland",
        "brand_name": "Barbie",
        "brand_url": "https://shop.frankfurt-airport.com/en-US/brand/barbie",
        "retailer_name": "Frankfurt Duty Free",
        "retailer_url": "https://shop.frankfurt-airport.com/en-US/retailer/heinemann",
        "price": "\u20ac4.90",
        "price_per_quantity": "",
        "description": "\u200bEnter the world of Barbie doll with Mini BarbieLand -- a place to imagine big and Dream in Mini! With Mini BarbieLand Color Reveal dolls, there's big unboxing fun and a teeny surprise. Open the small tube, pull out a mini doll covered in a colorful coating, then use water as directed to see the doll's look -- so easy! Which doll will you reveal? Each 1.5-inch doll bends at the waist and stands on a heart-shaped base that fits into Mini BarbieLand playsets (sold separately). The mini packaging t\u200bEnter the world of Barbie doll with Mini BarbieLand -- a place to imagine big and Dream in Mini! With Mini BarbieLand Color Reveal dolls, there's big unboxing fun and a teeny surprise. Open the small tube, pull out a mini doll covered in a colorful coating, then use water as directed to see the doll's look -- so easy! Which doll will you reveal? Each 1.5-inch doll bends at the waist and stands on a heart-shaped base that fits into Mini BarbieLand playsets (sold separately). The mini packaging t",
        "additional_information": "{\n    \"Warning Hints\": \"Not suitable for children under 4 years\",\n    \"Item Number\": \" \",\n    \"Net Weight\": \" Attention! Not suitable for children under 3 years. Warning! Choking hazard. Small parts.\",\n    \"Package Height\": \"1686632\",\n    \"Package Length\": \"0.024 kg\",\n    \"Package Width\": \"3 cm\"\n}"
    },
    {
        "product_name": "Barbie, chelsea plain",
        "brand_name": "Barbie",
        "brand_url": "https://shop.frankfurt-airport.com/en-US/brand/barbie",
        "retailer_name": "Frankfurt Duty Free",
        "retailer_url": "https://shop.frankfurt-airport.com/en-US/retailer/heinemann",
        "price": "\u20ac25.90",
        "price_per_quantity": "",
        "description": "Just like big sister Barbie, Chelsea doll is learning she can be so many things, and with Chelsea Can Be\u2026 plane and doll playset, kids can explore their dreams, too. Chelsea pilot doll is ready to take off with a two-seater plane perfect for her and her puppy push the aircraft on its wheels, spin the daisy-shaped propellor, then lift up and let the imaginations fly! Themed accessories, like luggage and stickers, encourage young minds to travel during playtime and explore a world of possibilities. Doll cannot stand alone. Colors and decorations may vary.Just like big sister Barbie, Chelsea doll is learning she can be so many things, and with Chelsea Can Be\u2026 plane and doll playset, kids can explore their dreams, too. Chelsea pilot doll is ready to take off with a two-seater plane perfect for her and her puppy push the aircraft on its wheels, spin the daisy-shaped propellor, then lift up and let the imaginations fly! Themed accessories, like luggage and stickers, encourage young minds to travel during playtime and explore a world of possibilities. Doll cannot stand alone. Colors and decorations may vary.",
        "additional_information": "{\n    \"Warning Hints\": \"ATTENTION: Not suitable for children under 3 years. Choking hazard. Small parts.\",\n    \"Item Number\": \"1623659\",\n    \"Net Weight\": \"0.347 kg\",\n    \"Package Height\": \"24.5 cm\",\n    \"Package Length\": \"8.5 cm\",\n    \"Package Width\": \"30.5 cm\"\n}"
    },
    {
        "product_name": "Barbie, Barbie Chelsea Career",
        "brand_name": "Barbie",
        "brand_url": "https://shop.frankfurt-airport.com/en-US/brand/barbie",
        "retailer_name": "Frankfurt Duty Free",
        "retailer_url": "https://shop.frankfurt-airport.com/en-US/retailer/heinemann",
        "price": "\u20ac14.90",
        "price_per_quantity": "",
        "description": "Just like her big sister, Barbie\u00ae, Chelsea\u00ae doll loves trying on different career roles! Kids can explore a world of fun with the Barbie\u00ae Chelsea\u00ae Can Be doll assortment featuring diverse Chelsea\u00ae dolls (6-in/15.24-cm) in different career roles.Just like her big sister, Barbie\u00ae, Chelsea\u00ae doll loves trying on different career roles! Kids can explore a world of fun with the Barbie\u00ae Chelsea\u00ae Can Be doll assortment featuring diverse Chelsea\u00ae dolls (6-in/15.24-cm) in different career roles.",
        "additional_information": "{\n    \"Warning Hints\": \"ATTENTION: Not suitable for children under 3 years. Choking hazard. Small parts.\",\n    \"Item Number\": \"1478720\",\n    \"Net Weight\": \"0.105 kg\",\n    \"Package Height\": \"4.5 cm\",\n    \"Package Length\": \"17 cm\",\n    \"Package Width\": \"16.5 cm\"\n}"
    },
    {
        "product_name": "Barbie, chelsea luck bear series",
        "brand_name": "Barbie",
        "brand_url": "https://shop.frankfurt-airport.com/en-US/brand/barbie",
        "retailer_name": "Frankfurt Duty Free",
        "retailer_url": "https://shop.frankfurt-airport.com/en-US/retailer/heinemann",
        "price": "\u20ac22.90",
        "price_per_quantity": "",
        "description": "\u200bBarbie Cutie Reveal Care Bears Chelsea dolls offer the cutest unboxing experience with six surprises! Discover three different characters -- Cheer Bear, Share Bear or Grumpy Bear. Remove the adorable plush costume to reveal a sweet Chelsea doll. Which doll will you reveal? Discover more surprises like a skirt and matching mini Care Bears figure. Flip the plush top for an oversized jacket and the costume head for a pet bed. Kids will love discovering all the surprises in this lovable series. Eac\u200bBarbie Cutie Reveal Care Bears Chelsea dolls offer the cutest unboxing experience with six surprises! Discover three different characters -- Cheer Bear, Share Bear or Grumpy Bear. Remove the adorable plush costume to reveal a sweet Chelsea doll. Which doll will you reveal? Discover more surprises like a skirt and matching mini Care Bears figure. Flip the plush top for an oversized jacket and the costume head for a pet bed. Kids will love discovering all the surprises in this lovable series. Eac",
        "additional_information": "{\n    \"Warning Hints\": \"Not suitable for children under 3 years\",\n    \"Item Number\": \" \",\n    \"Net Weight\": \" Attention! Not suitable for children under 3 years. Warning! Choking hazard. Small parts.\",\n    \"Package Height\": \"1686630\",\n    \"Package Length\": \"0.141 kg\",\n    \"Package Width\": \"8.5 cm\"\n}"
    },
    {
        "product_name": "Barbie, stewardess",
        "brand_name": "Barbie",
        "brand_url": "https://shop.frankfurt-airport.com/en-US/brand/barbie",
        "retailer_name": "Frankfurt Duty Free",
        "retailer_url": "https://shop.frankfurt-airport.com/en-US/retailer/heinemann",
        "price": "\u20ac24.90",
        "price_per_quantity": "",
        "description": "Get ready for takeoff! Flight Attendant Barbie is ready to help her flight team and passengers. Dressed in her blue matching skirt-suit outfit, Barbie's red ballet flat shoes complement her look. She comes with traveling inspired accessories, like a red rolling suitcase, pink passport, and headphones! She can pass out water and snacks to travelers with her silver tray and water jug. Let imaginations fly high in the sky with this career-inspired doll!Get ready for takeoff! Flight Attendant Barbie is ready to help her flight team and passengers. Dressed in her blue matching skirt-suit outfit, Barbie's red ballet flat shoes complement her look. She comes with traveling inspired accessories, like a red rolling suitcase, pink passport, and headphones! She can pass out water and snacks to travelers with her silver tray and water jug. Let imaginations fly high in the sky with this career-inspired doll!",
        "additional_information": "{\n    \"Warning Hints\": \"Not suitable for children under 3 years\",\n    \"Item Number\": \" \",\n    \"Net Weight\": \" Attention! Not suitable for children under 3 years. Warning! Choking hazard. Small parts.\",\n    \"Package Height\": \"1678041\",\n    \"Package Length\": \"0.204 kg\",\n    \"Package Width\": \"5.5 cm\"\n}"
    },
    {
        "product_name": "Barbie, chelsea shakes series",
        "brand_name": "Barbie",
        "brand_url": "https://shop.frankfurt-airport.com/en-US/brand/barbie",
        "retailer_name": "Frankfurt Duty Free",
        "retailer_url": "https://shop.frankfurt-airport.com/en-US/retailer/heinemann",
        "price": "\u20ac13.90",
        "price_per_quantity": "",
        "description": "Barbie Chelsea Pop Reveal Shakes Series dolls offer a sensory opening experience with five surprises! Get the fun started by opening  the milk carton-inspired box to find a scented Chelsea small doll. Which doll will you reveal? There's a Sweet Unicorn, Cute Kitten  or Bright Bunny. Continue opening to find two mystery bags and an ice cube with a surprise inside -- pop it to discover a pair of shoes or boots! The ice cube is reusable -- repeat the pop reveal fun again and again. Mystery bags holdBarbie Chelsea Pop Reveal Shakes Series dolls offer a sensory opening experience with five surprises! Get the fun started by opening  the milk carton-inspired box to find a scented Chelsea small doll. Which doll will you reveal? There's a Sweet Unicorn, Cute Kitten  or Bright Bunny. Continue opening to find two mystery bags and an ice cube with a surprise inside -- pop it to discover a pair of shoes or boots! The ice cube is reusable -- repeat the pop reveal fun again and again. Mystery bags hold",
        "additional_information": "{\n    \"Warning Hints\": \"Not suitable for children under 3 years\",\n    \"Item Number\": \" \",\n    \"Net Weight\": \" Attention! Not suitable for children under 3 years. Warning! Choking hazard. Small parts.\",\n    \"Package Height\": \"1686519\",\n    \"Package Length\": \"0.082 kg\",\n    \"Package Width\": \"5 cm\"\n}"
    },
    {
        "product_name": "Barbie, core unicorn",
        "brand_name": "Barbie",
        "brand_url": "https://shop.frankfurt-airport.com/en-US/brand/barbie",
        "retailer_name": "Frankfurt Duty Free",
        "retailer_url": "https://shop.frankfurt-airport.com/en-US/retailer/heinemann",
        "price": "\u20ac13.90",
        "price_per_quantity": "",
        "description": "Unicorn Barbie dolls are pure magic! Each one is a rainbow of color with fantasy hair, pastel outfits, and bright unicorn-inspired accessories. Enchanting as can be, these Barbie dolls will inspire magical tales of adventures for kids ages 3 years old and up. Each sold separately, subject to availability. Barbie dolls cannot stand alone. Colors and decorations may vary.Unicorn Barbie dolls are pure magic! Each one is a rainbow of color with fantasy hair, pastel outfits, and bright unicorn-inspired accessories. Enchanting as can be, these Barbie dolls will inspire magical tales of adventures for kids ages 3 years old and up. Each sold separately, subject to availability. Barbie dolls cannot stand alone. Colors and decorations may vary.",
        "additional_information": "{\n    \"Warning Hints\": \"ATTENTION: Not suitable for children under 3 years. Choking hazard. Small parts.\",\n    \"Item Number\": \"1623657\",\n    \"Net Weight\": \"0.164 kg\",\n    \"Package Height\": \"5 cm\",\n    \"Package Length\": \"32.5 cm\",\n    \"Package Width\": \"10 cm\"\n}"
    },
    {
        "product_name": "Barbie, shakes series - cat",
        "brand_name": "Barbie",
        "brand_url": "https://shop.frankfurt-airport.com/en-US/brand/barbie",
        "retailer_name": "Frankfurt Duty Free",
        "retailer_url": "https://shop.frankfurt-airport.com/en-US/retailer/heinemann",
        "price": "\u20ac27.90",
        "price_per_quantity": "",
        "description": "Barbie Pop Reveal Shakes Series dolls offer a sensory opening experience with eight surprises inside a shake-inspired cup! Unscrew the animal ear lid with the shimmery Slime and poke through the film with the straw for squishy fun. Peel the film on the cup to reveal a shake-scented Barbie doll and seven more surprises! Which doll will you reveal? There's a Sweet Unicorn, Cute Kitten or Bright Bunny. Continue opening to discover two reusable ice cubes that pop open to reveal a skirt or pair of shBarbie Pop Reveal Shakes Series dolls offer a sensory opening experience with eight surprises inside a shake-inspired cup! Unscrew the animal ear lid with the shimmery Slime and poke through the film with the straw for squishy fun. Peel the film on the cup to reveal a shake-scented Barbie doll and seven more surprises! Which doll will you reveal? There's a Sweet Unicorn, Cute Kitten or Bright Bunny. Continue opening to discover two reusable ice cubes that pop open to reveal a skirt or pair of sh",
        "additional_information": "{\n    \"Warning Hints\": \"Not suitable for children under 3 years\",\n    \"Item Number\": \" \",\n    \"Net Weight\": \" Attention! Not suitable for children under 3 years. Warning! Choking hazard. Small parts.\",\n    \"Package Height\": \"1686518\",\n    \"Package Length\": \"0.409 kg\",\n    \"Package Width\": \"33 cm\"\n}"
    },
    {
        "product_name": "Barbie, macig light ballerina",
        "brand_name": "Barbie",
        "brand_url": "https://shop.frankfurt-airport.com/en-US/brand/barbie",
        "retailer_name": "Frankfurt Duty Free",
        "retailer_url": "https://shop.frankfurt-airport.com/en-US/retailer/heinemann",
        "price": "\u20ac31.90",
        "price_per_quantity": "",
        "description": "Watch Barbie\u00ae doll light up as she \"dances\"! These beautiful ballerinas have a magical light-up feature to add a whimsical touch to playtime. Their articulated, posable bodies in shimmery outfits add to storytelling. They make great gifts for fairytale-lovers, too ! Each sold separately, subject to availability. Barbie\u00ae dolls cannot stand alone. Colors and decorations may vary.Watch Barbie\u00ae doll light up as she \"dances\"! These beautiful ballerinas have a magical light-up feature to add a whimsical touch to playtime. Their articulated, posable bodies in shimmery outfits add to storytelling. They make great gifts for fairytale-lovers, too ! Each sold separately, subject to availability. Barbie\u00ae dolls cannot stand alone. Colors and decorations may vary.",
        "additional_information": "{\n    \"Warning Hints\": \"ATTENTION: Not suitable for children under 3 years. Choking hazard. Small parts.\",\n    \"Item Number\": \"1562617\",\n    \"Net Weight\": \"0.246 kg\",\n    \"Package Height\": \"32.5 cm\",\n    \"Package Length\": \"19.1 cm\",\n    \"Package Width\": \"5.2 cm\"\n}"
    },
    {
        "product_name": "Barbie, beach day",
        "brand_name": "Barbie",
        "brand_url": "https://shop.frankfurt-airport.com/en-US/brand/barbie",
        "retailer_name": "Frankfurt Duty Free",
        "retailer_url": "https://shop.frankfurt-airport.com/en-US/retailer/heinemann",
        "price": "\u20ac18.90",
        "price_per_quantity": "",
        "description": "\u200bWith toes in the sand and ice cream in hand, this blonde Barbie\u00ae doll has all the essentials for a relaxing day in Malibu! She wears a summery pink swim fashion and carries a tote bag filled with beachy accessories. Kids ages 3 years old and up will have a ball with this Barbie\u00ae beach doll! Doll cannot stand alone. Colors and decorations may vary.\u200bWith toes in the sand and ice cream in hand, this blonde Barbie\u00ae doll has all the essentials for a relaxing day in Malibu! She wears a summery pink swim fashion and carries a tote bag filled with beachy accessories. Kids ages 3 years old and up will have a ball with this Barbie\u00ae beach doll! Doll cannot stand alone. Colors and decorations may vary.",
        "additional_information": "{\n    \"Warning Hints\": \"Not suitable for children under 3 years\",\n    \"Item Number\": \" \",\n    \"Net Weight\": \" Attention! Not suitable for children under 3 years. Warning! Choking hazard. Small parts.\",\n    \"Package Height\": \"1686513\",\n    \"Package Length\": \"0.225 kg\",\n    \"Package Width\": \"5.5 cm\"\n}"
    },
    {
        "product_name": "It takes two! Camping",
        "brand_name": "Barbie",
        "brand_url": "https://shop.frankfurt-airport.com/en-US/brand/barbie",
        "retailer_name": "Frankfurt Duty Free",
        "retailer_url": "https://shop.frankfurt-airport.com/en-US/retailer/heinemann",
        "price": "\u20ac13.90",
        "price_per_quantity": "",
        "description": "\u200bInspire the ultimate camping trip with this Barbie\u00ae playset featuring Chelsea\u2122 doll inspired by the hit Barbie\u00ae series, It Takes Two! \u200bKids can explore the great outdoors with Chelsea\u2122 doll, her adorable pet owl, a compass and a pair of binoculars for sight-seeing. \u200bKids can explore the great outdoors with Chelsea\u2122 doll, her adorable pet owl, a compass and a pair of binoculars for sight-seeing. \u200bAfter a day of adventuring, tuck Chelsea\u2122 doll into her star-printed sleeping bag and stay cozy with a pillow and lantern accessory. \u200bChelsea\u2122 doll is ready for all-day play in pink overalls and a pair of sporty hiking boots.\u200bInspire the ultimate camping trip with this Barbie\u00ae playset featuring Chelsea\u2122 doll inspired by the hit Barbie\u00ae series, It Takes Two! \u200bKids can explore the great outdoors with Chelsea\u2122 doll, her adorable pet owl, a compass and a pair of binoculars for sight-seeing. \u200bKids can explore the great outdoors with Chelsea\u2122 doll, her adorable pet owl, a compass and a pair of binoculars for sight-seeing. \u200bAfter a day of adventuring, tuck Chelsea\u2122 doll into her star-printed sleeping bag and stay cozy with a pillow and lantern accessory. \u200bChelsea\u2122 doll is ready for all-day play in pink overalls and a pair of sporty hiking boots.",
        "additional_information": "{\n    \"Warning Hints\": \"ATTENTION: Not suitable for children under 3 years. Choking hazard. Small parts.\",\n    \"Item Number\": \"1510326\",\n    \"Net Weight\": \"0.097 kg\",\n    \"Package Height\": \"5 cm\",\n    \"Package Length\": \"16.5 cm\",\n    \"Package Width\": \"16.5 cm\"\n}"
    },
    {
        "product_name": "Barbie, mermaid",
        "brand_name": "Barbie",
        "brand_url": "https://shop.frankfurt-airport.com/en-US/brand/barbie",
        "retailer_name": "Frankfurt Duty Free",
        "retailer_url": "https://shop.frankfurt-airport.com/en-US/retailer/heinemann",
        "price": "\u20ac24.90",
        "price_per_quantity": "",
        "description": "This mermaid Barbie doll transforms playtime into pure magic with her color change features! As if enchanted by undersea powers, the  mermaid's super long hair, sculpted bodice, and ombre tail turn from bubblegum pink to vibrant purple and back again. Barbie 'Malibu' comes with styling accessories, a brush, and an adorable pet, making her a fantastical gift for kids ages 3 years old and up! Doll cannot swim or stand alone. Colors and decorations may vary.This mermaid Barbie doll transforms playtime into pure magic with her color change features! As if enchanted by undersea powers, the  mermaid's super long hair, sculpted bodice, and ombre tail turn from bubblegum pink to vibrant purple and back again. Barbie 'Malibu' comes with styling accessories, a brush, and an adorable pet, making her a fantastical gift for kids ages 3 years old and up! Doll cannot swim or stand alone. Colors and decorations may vary.",
        "additional_information": "{\n    \"Warning Hints\": \"ATTENTION: Not suitable for children under 3 years. Choking hazard. Small parts.\",\n    \"Item Number\": \"1623654\",\n    \"Net Weight\": \"0.296 kg\",\n    \"Package Height\": \"32.5 cm\",\n    \"Package Length\": \"5.5 cm\",\n    \"Package Width\": \"19 cm\"\n}"
    },
    {
        "product_name": "Barbie, Barbie Signatures, barbie signature pa - lead brb 2",
        "brand_name": "Barbie",
        "brand_url": "https://shop.frankfurt-airport.com/en-US/brand/barbie",
        "retailer_name": "Frankfurt Duty Free",
        "retailer_url": "https://shop.frankfurt-airport.com/en-US/retailer/heinemann",
        "price": "\u20ac45.90",
        "price_per_quantity": "",
        "description": "Greetings from Barbie Land! This Barbie\u00ae doll cuts a timeless silhouette in a sweet dress modeled after one of her character's iconic looks in Barbie\u2122 The Movie. With her pink gingham dress, daisy necklace and pastel pumps, she's ready to have the best day ever in Barbie Land! In the likeness of Margot Robbie as Barbie, this doll makes a great gift for fans and collectors alike. Doll cannot stand alone. Colors and decorations may vary.Greetings from Barbie Land! This Barbie\u00ae doll cuts a timeless silhouette in a sweet dress modeled after one of her character's iconic looks in Barbie\u2122 The Movie. With her pink gingham dress, daisy necklace and pastel pumps, she's ready to have the best day ever in Barbie Land! In the likeness of Margot Robbie as Barbie, this doll makes a great gift for fans and collectors alike. Doll cannot stand alone. Colors and decorations may vary.",
        "additional_information": "{\n    \"Warning Hints\": \"Not suitable for children under 6 years\",\n    \"Item Number\": \"1593899\",\n    \"Product Series\": \"Barbie Signatures\",\n    \"Net Weight\": \"0.298 kg\",\n    \"Package Height\": \"7.7 cm\",\n    \"Package Length\": \"32.3 cm\",\n    \"Package Width\": \"15.4 cm\"\n}"
    },
    {
        "product_name": "Benefit Goof Proof Eyebrow Pencil N 2 Light Medium",
        "brand_name": "Benefit",
        "brand_url": "https://shop.frankfurt-airport.com/en-US/brand/benefit",
        "retailer_name": "Frankfurt Duty Free",
        "retailer_url": "https://shop.frankfurt-airport.com/en-US/retailer/heinemann",
        "price": "\u20ac29.99",
        "price_per_quantity": "\u20ac882.06 / 100  g",
        "description": "Goof-proof brows... really! Presto\u2026 everyone's an expert with this super easy filling & shaping eyebrow pencil. It features a custom , non-sharpen \"goof-proof\" tip, soft color and a glide-on formula for easy & fast brow filling. Comes complete with built-in blending spoolie-brush and signature Tips & Tricks!Goof-proof brows... really! Presto\u2026 everyone's an expert with this super easy filling & shaping eyebrow pencil. It features a custom , non-sharpen \"goof-proof\" tip, soft color and a glide-on formula for easy & fast brow filling. Comes complete with built-in blending spoolie-brush and signature Tips & Tricks!",
        "additional_information": "{\n    \"Order Amount\": \"3.4 g\",\n    \"made in\": \"Japan\",\n    \"Warning Hints\": \"Avoid eye contact. Keep away from direct heat and sunlight.\",\n    \"Item Number\": \"1211274\",\n    \"Manufacturer Color\": \"No. 02 - LIGHT MEDIUM\",\n    \"Product Series\": \"Goof Proof\",\n    \"Net Weight\": \"0.001 kg\",\n    \"Package Height\": \"1.7 cm\",\n    \"Package Length\": \"15 cm\",\n    \"Package Width\": \"2.5 cm\"\n}"
    },
    {
        "product_name": "Benefit They're Real Mascara Black",
        "brand_name": "Benefit",
        "brand_url": "https://shop.frankfurt-airport.com/en-US/brand/benefit",
        "retailer_name": "Frankfurt Duty Free",
        "retailer_url": "https://shop.frankfurt-airport.com/en-US/retailer/heinemann",
        "price": "\u20ac28.99",
        "price_per_quantity": "\u20ac322.11 / 100  g",
        "description": "They're real! lengthens, curls, volumizes, lifts and separates. Our jet black, long-wearing formula won\u2019t smudge or dry out. A specially designed brush reveals lashes you never knew you had!They're real! lengthens, curls, volumizes, lifts and separates. Our jet black, long-wearing formula won\u2019t smudge or dry out. A specially designed brush reveals lashes you never knew you had!",
        "additional_information": "{\n    \"Order Amount\": \"9 g\",\n    \"made in\": \"France\",\n    \"Item Number\": \"1108633\",\n    \"Manufacturer Color\": \"No. 202 - BLACK\",\n    \"Product Series\": \"They're Real\",\n    \"Net Weight\": \"0.009 kg\",\n    \"Package Height\": \"11.8 cm\",\n    \"Package Length\": \"2.5 cm\",\n    \"Package Width\": \"2.5 cm\"\n}"
    },
    {
        "product_name": "Benefit Gimme Brow+ Mini Eyebrow Gel N 3 Light Brown",
        "brand_name": "Benefit",
        "brand_url": "https://shop.frankfurt-airport.com/en-US/brand/benefit",
        "retailer_name": "Frankfurt Duty Free",
        "retailer_url": "https://shop.frankfurt-airport.com/en-US/retailer/heinemann",
        "price": "\u20ac17.99",
        "price_per_quantity": "\u20ac1,199.33 / 100  g",
        "description": "Gimme brow+ mini tinted eyebrow gel contains tiny microfibers that adhere to skin & hairs, creating natural-looking fullness and definition. The custom tiny, tapered brush provides easy, mess-proof application. Poof...fuller-looking brows magically appear!Gimme brow+ mini tinted eyebrow gel contains tiny microfibers that adhere to skin & hairs, creating natural-looking fullness and definition. The custom tiny, tapered brush provides easy, mess-proof application. Poof...fuller-looking brows magically appear!",
        "additional_information": "{\n    \"Order Amount\": \"1.5 g\",\n    \"made in\": \"Usa\",\n    \"Warning Hints\": \"Avoid eye contact. Keep away from direct heat and sunlight.\",\n    \"Item Number\": \"1365943\",\n    \"Manufacturer Color\": \"LIGHT BROWN\",\n    \"Product Series\": \"Gimme Brow\",\n    \"Net Weight\": \"0.001 kg\",\n    \"Package Height\": \"7.4 cm\",\n    \"Package Length\": \"1.9 cm\",\n    \"Package Width\": \"1.9 cm\"\n}"
    },
    {
        "product_name": "Benefit Boi - ing Cakeless Concealer N 6",
        "brand_name": "Benefit",
        "brand_url": "https://shop.frankfurt-airport.com/en-US/brand/benefit",
        "retailer_name": "Frankfurt Duty Free",
        "retailer_url": "https://shop.frankfurt-airport.com/en-US/retailer/heinemann",
        "price": "\u20ac28.99",
        "price_per_quantity": "\u20ac579.80 / 100  ml",
        "description": "Full coverage liquid concealer Full coverage liquid concealer Hides dark undereye circles & blemishes Doesn\u2019t cake or crackFull coverage liquid concealer Full coverage liquid concealer Hides dark undereye circles & blemishes Doesn\u2019t cake or crack",
        "additional_information": "{\n    \"Order Amount\": \"5 ml\",\n    \"made in\": \"Canada\",\n    \"Warning Hints\": \"Avoid eye contact. Keep away from direct heat and sunlight.\",\n    \"Item Number\": \"1397712\",\n    \"Manufacturer Color\": \"No. 6\",\n    \"Product Series\": \"Boi-ing\",\n    \"Net Weight\": \"0.005 kg\",\n    \"Package Height\": \"12.1 cm\",\n    \"Package Length\": \"2.43 cm\",\n    \"Package Width\": \"2.3 cm\"\n}"
    },
    {
        "product_name": "Benefit Goof Proof Eyebrow Pencil N 5 Deep",
        "brand_name": "Benefit",
        "brand_url": "https://shop.frankfurt-airport.com/en-US/brand/benefit",
        "retailer_name": "Frankfurt Duty Free",
        "retailer_url": "https://shop.frankfurt-airport.com/en-US/retailer/heinemann",
        "price": "\u20ac29.99",
        "price_per_quantity": "\u20ac882.06 / 100  g",
        "description": "Goof-proof brows... really! Presto\u2026 everyone's an expert with this super easy filling & shaping eyebrow pencil. It features a custom , non-sharpen \"goof-proof\" tip, soft color and a glide-on formula for easy & fast brow filling. Comes complete with built-in blending spoolie-brush and signature Tips & Tricks!Goof-proof brows... really! Presto\u2026 everyone's an expert with this super easy filling & shaping eyebrow pencil. It features a custom , non-sharpen \"goof-proof\" tip, soft color and a glide-on formula for easy & fast brow filling. Comes complete with built-in blending spoolie-brush and signature Tips & Tricks!",
        "additional_information": "{\n    \"Order Amount\": \"3.4 g\",\n    \"made in\": \"Japan\",\n    \"Warning Hints\": \"Avoid eye contact. Keep away from direct heat and sunlight.\",\n    \"Item Number\": \"1211277\",\n    \"Manufacturer Color\": \"No. 05 - DEEP\",\n    \"Product Series\": \"Goof Proof\",\n    \"Net Weight\": \"0.001 kg\",\n    \"Package Height\": \"1.7 cm\",\n    \"Package Length\": \"15 cm\",\n    \"Package Width\": \"2.5 cm\"\n}"
    },
    {
        "product_name": "Benefit Gimme Brow Make Up Set N 3",
        "brand_name": "Benefit",
        "brand_url": "https://shop.frankfurt-airport.com/en-US/brand/benefit",
        "retailer_name": "Frankfurt Duty Free",
        "retailer_url": "https://shop.frankfurt-airport.com/en-US/retailer/heinemann",
        "price": "\u20ac54.99",
        "price_per_quantity": "",
        "description": "Gimme Brow+ & Go ! Gimme brow+ tinted eyebrow gel contains tiny microfibers that adhere to skin & hairs, creating natural-looking fullness and definition. The custom tiny, tapered brush provides easy, mess-proof application. Poof...fuller-looking brows magically appear!Gimme Brow+ & Go ! Gimme brow+ tinted eyebrow gel contains tiny microfibers that adhere to skin & hairs, creating natural-looking fullness and definition. The custom tiny, tapered brush provides easy, mess-proof application. Poof...fuller-looking brows magically appear!",
        "additional_information": "{\n    \"made in\": \"Usa\",\n    \"Warning Hints\": \"Avoid eye contact. Keep away from direct heat and sunlight.\",\n    \"Item Number\": \"1332936\",\n    \"Product Series\": \"Make-Up Set\",\n    \"Net Weight\": \"0.006 kg\",\n    \"Package Height\": \"9.5 cm\",\n    \"Package Length\": \"2.5 cm\",\n    \"Package Width\": \"5 cm\"\n}"
    },
    {
        "product_name": "Benefit Goof Proof Eyebrow Pencil N 3 Medium",
        "brand_name": "Benefit",
        "brand_url": "https://shop.frankfurt-airport.com/en-US/brand/benefit",
        "retailer_name": "Frankfurt Duty Free",
        "retailer_url": "https://shop.frankfurt-airport.com/en-US/retailer/heinemann",
        "price": "\u20ac29.99",
        "price_per_quantity": "\u20ac882.06 / 100  g",
        "description": "Goof-proof brows... really! Presto\u2026 everyone's an expert with this super easy filling & shaping eyebrow pencil. It features a custom , non-sharpen \"goof-proof\" tip, soft color and a glide-on formula for easy & fast brow filling. Comes complete with built-in blending spoolie-brush and signature Tips & Tricks!Goof-proof brows... really! Presto\u2026 everyone's an expert with this super easy filling & shaping eyebrow pencil. It features a custom , non-sharpen \"goof-proof\" tip, soft color and a glide-on formula for easy & fast brow filling. Comes complete with built-in blending spoolie-brush and signature Tips & Tricks!",
        "additional_information": "{\n    \"Order Amount\": \"3.4 g\",\n    \"made in\": \"Japan\",\n    \"Warning Hints\": \"Avoid eye contact. Keep away from direct heat and sunlight.\",\n    \"Item Number\": \"1211275\",\n    \"Manufacturer Color\": \"No. 03 - MEDIUM\",\n    \"Product Series\": \"Goof Proof\",\n    \"Net Weight\": \"0.001 kg\",\n    \"Package Height\": \"14.9 cm\",\n    \"Package Length\": \"1.7 cm\",\n    \"Package Width\": \"1.7 cm\"\n}"
    },
    {
        "product_name": "Benefit Gmme Brow Mini Eyebrow Gel Nr. 4",
        "brand_name": "Benefit",
        "brand_url": "https://shop.frankfurt-airport.com/en-US/brand/benefit",
        "retailer_name": "Frankfurt Duty Free",
        "retailer_url": "https://shop.frankfurt-airport.com/en-US/retailer/heinemann",
        "price": "\u20ac17.99",
        "price_per_quantity": "\u20ac1,199.33 / 100  g",
        "description": "Gimme brow+ mini tinted eyebrow gel contains tiny microfibers that adhere to skin & hairs, creating natural-looking fullness and definition. The custom tiny, tapered brush provides easy, mess-proof application. Poof...fuller-looking brows magically appear!Gimme brow+ mini tinted eyebrow gel contains tiny microfibers that adhere to skin & hairs, creating natural-looking fullness and definition. The custom tiny, tapered brush provides easy, mess-proof application. Poof...fuller-looking brows magically appear!",
        "additional_information": "{\n    \"Order Amount\": \"1.5 g\",\n    \"made in\": \"Usa\",\n    \"Warning Hints\": \"Avoid eye contact. Keep away from direct heat and sunlight.\",\n    \"Item Number\": \"1327151\",\n    \"Manufacturer Color\": \"No. 4\",\n    \"Product Series\": \"Gimme Brow\",\n    \"Net Weight\": \"0.002 kg\",\n    \"Package Height\": \"7 cm\",\n    \"Package Length\": \"4 cm\",\n    \"Package Width\": \"1.7 cm\"\n}"
    },
    {
        "product_name": "Benefit Gimme brow + Brow Voluminizing Fiber Gel N 4",
        "brand_name": "Benefit",
        "brand_url": "https://shop.frankfurt-airport.com/en-US/brand/benefit",
        "retailer_name": "Frankfurt Duty Free",
        "retailer_url": "https://shop.frankfurt-airport.com/en-US/retailer/heinemann",
        "price": "\u20ac29.99",
        "price_per_quantity": "\u20ac999.67 / 100  g",
        "description": "Gimme brow+\u00a0\u00a0tinted eyebrow gel contains tiny microfibers that adhere to skin & hairs, creating natural-looking fullness and definition. The custom tiny, tapered brush provides easy, mess-proof application. Poof...fuller-looking brows magically appear!Gimme brow+\u00a0\u00a0tinted eyebrow gel contains tiny microfibers that adhere to skin & hairs, creating natural-looking fullness and definition. The custom tiny, tapered brush provides easy, mess-proof application. Poof...fuller-looking brows magically appear!",
        "additional_information": "{\n    \"Order Amount\": \"3 g\",\n    \"made in\": \"Usa\",\n    \"Warning Hints\": \"Avoid eye contact. Keep away from direct heat and sunlight.\",\n    \"Item Number\": \"1322743\",\n    \"Manufacturer Color\": \"No. 4\",\n    \"Product Series\": \"Gimme Brow\",\n    \"Net Weight\": \"0.003 kg\",\n    \"Package Height\": \"2.15 cm\",\n    \"Package Length\": \"9 cm\",\n    \"Package Width\": \"2.3 cm\"\n}"
    },
    {
        "product_name": "Benefit Goof Proof Eyebrow Pencil N 4 Medium",
        "brand_name": "Benefit",
        "brand_url": "https://shop.frankfurt-airport.com/en-US/brand/benefit",
        "retailer_name": "Frankfurt Duty Free",
        "retailer_url": "https://shop.frankfurt-airport.com/en-US/retailer/heinemann",
        "price": "\u20ac29.99",
        "price_per_quantity": "\u20ac882.06 / 100  g",
        "description": "Goof-proof brows... really! Presto\u2026 everyone's an expert with this super easy filling & shaping eyebrow pencil. It features a custom , non-sharpen \"goof-proof\" tip, soft color and a glide-on formula for easy & fast brow filling. Comes complete with built-in blending spoolie-brush and signature Tips & Tricks!Goof-proof brows... really! Presto\u2026 everyone's an expert with this super easy filling & shaping eyebrow pencil. It features a custom , non-sharpen \"goof-proof\" tip, soft color and a glide-on formula for easy & fast brow filling. Comes complete with built-in blending spoolie-brush and signature Tips & Tricks!",
        "additional_information": "{\n    \"Order Amount\": \"3.4 g\",\n    \"made in\": \"Japan\",\n    \"Warning Hints\": \"Avoid eye contact. Keep away from direct heat and sunlight.\",\n    \"Item Number\": \"1211276\",\n    \"Manufacturer Color\": \"No. 04 - MEDIUM\",\n    \"Product Series\": \"Goof Proof\",\n    \"Net Weight\": \"0.001 kg\",\n    \"Package Height\": \"1.7 cm\",\n    \"Package Length\": \"15 cm\",\n    \"Package Width\": \"2.5 cm\"\n}"
    },
    {
        "product_name": "Benefit Gimme brow + Brow Voluminizing Fiber Gel N 6",
        "brand_name": "Benefit",
        "brand_url": "https://shop.frankfurt-airport.com/en-US/brand/benefit",
        "retailer_name": "Frankfurt Duty Free",
        "retailer_url": "https://shop.frankfurt-airport.com/en-US/retailer/heinemann",
        "price": "\u20ac29.99",
        "price_per_quantity": "\u20ac999.67 / 100  g",
        "description": "Gimme brow+\u00a0\u00a0tinted eyebrow gel contains tiny microfibers that adhere to skin & hairs, creating natural-looking fullness and definition. The custom tiny, tapered brush provides easy, mess-proof application. Poof...fuller-looking brows magically appear!Gimme brow+\u00a0\u00a0tinted eyebrow gel contains tiny microfibers that adhere to skin & hairs, creating natural-looking fullness and definition. The custom tiny, tapered brush provides easy, mess-proof application. Poof...fuller-looking brows magically appear!",
        "additional_information": "{\n    \"Order Amount\": \"3 g\",\n    \"made in\": \"Usa\",\n    \"Warning Hints\": \"Avoid eye contact. Keep away from direct heat and sunlight.\",\n    \"Item Number\": \"1322745\",\n    \"Manufacturer Color\": \"No. 6\",\n    \"Product Series\": \"Gimme Brow\",\n    \"Net Weight\": \"0.003 kg\",\n    \"Package Height\": \"2.15 cm\",\n    \"Package Length\": \"9 cm\",\n    \"Package Width\": \"2.3 cm\"\n}"
    },
    {
        "product_name": "Benefit Goof Proof Eyebrow Pencil N 4.5",
        "brand_name": "Benefit",
        "brand_url": "https://shop.frankfurt-airport.com/en-US/brand/benefit",
        "retailer_name": "Frankfurt Duty Free",
        "retailer_url": "https://shop.frankfurt-airport.com/en-US/retailer/heinemann",
        "price": "\u20ac29.99",
        "price_per_quantity": "\u20ac882.06 / 100  g",
        "description": "Hey presto\u2026everyone\u2019s an expert with this super easy filling & shaping eyebrow pencil. It features a custom, non-sharpen \u201cgoof-proof\u201d tip, soft colour and a glide-on formula for easy & fast brow filling. Comes complete with built-in blending spoolie-brush and signature Tips & Tricks!Hey presto\u2026everyone\u2019s an expert with this super easy filling & shaping eyebrow pencil. It features a custom, non-sharpen \u201cgoof-proof\u201d tip, soft colour and a glide-on formula for easy & fast brow filling. Comes complete with built-in blending spoolie-brush and signature Tips & Tricks!",
        "additional_information": "{\n    \"Order Amount\": \"3.4 g\",\n    \"made in\": \"Japan\",\n    \"Warning Hints\": \"Avoid eye contact. Keep away from direct heat and sunlight.\",\n    \"Item Number\": \"1327066\",\n    \"Manufacturer Color\": \"4.5\",\n    \"Product Series\": \"Goof Proof\",\n    \"Net Weight\": \"0.001 kg\",\n    \"Package Height\": \"15 cm\",\n    \"Package Length\": \"2.5 cm\",\n    \"Package Width\": \"1.7 cm\"\n}"
    },
    {
        "product_name": "Benefit Gimme brow + Brow Voluminizing Fiber Gel N 2",
        "brand_name": "Benefit",
        "brand_url": "https://shop.frankfurt-airport.com/en-US/brand/benefit",
        "retailer_name": "Frankfurt Duty Free",
        "retailer_url": "https://shop.frankfurt-airport.com/en-US/retailer/heinemann",
        "price": "\u20ac29.99",
        "price_per_quantity": "\u20ac999.67 / 100  g",
        "description": "Gimme brow+\u00a0\u00a0tinted eyebrow gel contains tiny microfibers that adhere to skin & hairs, creating natural-looking fullness and definition. The custom tiny, tapered brush provides easy, mess-proof application. Poof...fuller-looking brows magically appear!Gimme brow+\u00a0\u00a0tinted eyebrow gel contains tiny microfibers that adhere to skin & hairs, creating natural-looking fullness and definition. The custom tiny, tapered brush provides easy, mess-proof application. Poof...fuller-looking brows magically appear!",
        "additional_information": "{\n    \"Order Amount\": \"3 g\",\n    \"made in\": \"Usa\",\n    \"Warning Hints\": \"Avoid eye contact. Keep away from direct heat and sunlight.\",\n    \"Item Number\": \"1322741\",\n    \"Manufacturer Color\": \"No. 2\",\n    \"Product Series\": \"Gimme Brow\",\n    \"Net Weight\": \"0.003 kg\",\n    \"Package Height\": \"2.15 cm\",\n    \"Package Length\": \"9 cm\",\n    \"Package Width\": \"2.3 cm\"\n}"
    },
    {
        "product_name": "Benefit Gimme brow + Brow Voluminizing Fiber Gel N 4,5",
        "brand_name": "Benefit",
        "brand_url": "https://shop.frankfurt-airport.com/en-US/brand/benefit",
        "retailer_name": "Frankfurt Duty Free",
        "retailer_url": "https://shop.frankfurt-airport.com/en-US/retailer/heinemann",
        "price": "\u20ac29.99",
        "price_per_quantity": "\u20ac999.67 / 100  g",
        "description": "Gimme brow+\u00a0\u00a0tinted eyebrow gel contains tiny microfibers that adhere to skin & hairs, creating natural-looking fullness and definition. The custom tiny, tapered brush provides easy, mess-proof application. Poof...fuller-looking brows magically appear!Gimme brow+\u00a0\u00a0tinted eyebrow gel contains tiny microfibers that adhere to skin & hairs, creating natural-looking fullness and definition. The custom tiny, tapered brush provides easy, mess-proof application. Poof...fuller-looking brows magically appear!",
        "additional_information": "{\n    \"Order Amount\": \"3 g\",\n    \"made in\": \"Usa\",\n    \"Warning Hints\": \"Avoid eye contact. Keep away from direct heat and sunlight.\",\n    \"Item Number\": \"1322744\",\n    \"Manufacturer Color\": \"4,5\",\n    \"Product Series\": \"Gimme Brow\",\n    \"Net Weight\": \"0.003 kg\",\n    \"Package Height\": \"2.15 cm\",\n    \"Package Length\": \"9 cm\",\n    \"Package Width\": \"2.3 cm\"\n}"
    },
    {
        "product_name": "Benefit Gimme brow + Brow Voluminizing Fiber Gel N 3,5",
        "brand_name": "Benefit",
        "brand_url": "https://shop.frankfurt-airport.com/en-US/brand/benefit",
        "retailer_name": "Frankfurt Duty Free",
        "retailer_url": "https://shop.frankfurt-airport.com/en-US/retailer/heinemann",
        "price": "\u20ac29.99",
        "price_per_quantity": "\u20ac999.67 / 100  g",
        "description": "Gimme brow+\u00a0\u00a0tinted eyebrow gel contains tiny microfibers that adhere to skin & hairs, creating natural-looking fullness and definition. The custom tiny, tapered brush provides easy, mess-proof application. Poof...fuller-looking brows magically appear!Gimme brow+\u00a0\u00a0tinted eyebrow gel contains tiny microfibers that adhere to skin & hairs, creating natural-looking fullness and definition. The custom tiny, tapered brush provides easy, mess-proof application. Poof...fuller-looking brows magically appear!",
        "additional_information": "{\n    \"Order Amount\": \"3 g\",\n    \"made in\": \"Usa\",\n    \"Warning Hints\": \"Avoid eye contact. Keep away from direct heat and sunlight.\",\n    \"Item Number\": \"1322742\",\n    \"Manufacturer Color\": \"3,5\",\n    \"Product Series\": \"Gimme Brow\",\n    \"Net Weight\": \"0.003 kg\",\n    \"Package Height\": \"8.8 cm\",\n    \"Package Length\": \"4.5 cm\",\n    \"Package Width\": \"2.5 cm\"\n}"
    },
    {
        "product_name": "Benefit 24 Hours Brow Gel",
        "brand_name": "Benefit",
        "brand_url": "https://shop.frankfurt-airport.com/en-US/brand/benefit",
        "retailer_name": "Frankfurt Duty Free",
        "retailer_url": "https://shop.frankfurt-airport.com/en-US/retailer/heinemann",
        "price": "\u20ac26.99",
        "price_per_quantity": "\u20ac385.57 / 100  ml",
        "description": "This 24-hour clear brow gel shapes & tames brows and locks on makeup so brows don\u2019t pull a disappearing act. The custom-molded, dual-sided wand coats hairs from root to tip and the flexible, flake-free formula is easy to apply and quick to dry. Includes signature Tips & Tricks! Invisible-finish. Strong, flexible hold. New name, same 24-hour brow setting gel! \u201c24-Hour Brow Setter is the best clear brow gel, maybe ever.\u201d \u2013 Allure.This 24-hour clear brow gel shapes & tames brows and locks on makeup so brows don\u2019t pull a disappearing act. The custom-molded, dual-sided wand coats hairs from root to tip and the flexible, flake-free formula is easy to apply and quick to dry. Includes signature Tips & Tricks! Invisible-finish. Strong, flexible hold. New name, same 24-hour brow setting gel! \u201c24-Hour Brow Setter is the best clear brow gel, maybe ever.\u201d \u2013 Allure.",
        "additional_information": "{\n    \"Order Amount\": \"7 ml\",\n    \"made in\": \"France\",\n    \"Warning Hints\": \"Avoid eye contact. Keep away from direct heat and sunlight.\",\n    \"Item Number\": \"1270480\",\n    \"Manufacturer Color\": \"TRANSPARENT\",\n    \"Product Series\": \"24 Hours\",\n    \"Net Weight\": \"0.007 kg\",\n    \"Package Height\": \"2.62 cm\",\n    \"Package Length\": \"14.2 cm\",\n    \"Package Width\": \"2.62 cm\"\n}"
    },
    {
        "product_name": "Benefit Blush 2022 Box of Powder Starla Mini Rose Mauve",
        "brand_name": "Benefit",
        "brand_url": "https://shop.frankfurt-airport.com/en-US/brand/benefit",
        "retailer_name": "Frankfurt Duty Free",
        "retailer_url": "https://shop.frankfurt-airport.com/en-US/retailer/heinemann",
        "price": "\u20ac19.99",
        "price_per_quantity": "\u20ac799.60 / 100  g",
        "description": "Rosy Bronze - A sophisticated, medium rosy 02;brown with warm golden pearl. This unique blend of pink and purple hues has a slight red undertone and a satin finish, bringing warmth to cheeks.Rosy Bronze - A sophisticated, medium rosy 02;brown with warm golden pearl. This unique blend of pink and purple hues has a slight red undertone and a satin finish, bringing warmth to cheeks.",
        "additional_information": "{\n    \"Order Amount\": \"2.5 g\",\n    \"made in\": \"Italy\",\n    \"Item Number\": \"1514155\",\n    \"Manufacturer Color\": \"No. 313 - ROSE MAUVE\",\n    \"Product Series\": \"Blush\",\n    \"Net Weight\": \"0.003 kg\",\n    \"Package Height\": \"4.7 cm\",\n    \"Package Length\": \"4.7 cm\",\n    \"Package Width\": \"1.7 cm\"\n}"
    },
    {
        "product_name": "Benefit Precisely my Brow Make Up Set",
        "brand_name": "Benefit",
        "brand_url": "https://shop.frankfurt-airport.com/en-US/brand/benefit",
        "retailer_name": "Frankfurt Duty Free",
        "retailer_url": "https://shop.frankfurt-airport.com/en-US/retailer/heinemann",
        "price": "\u20ac49.99",
        "price_per_quantity": "",
        "description": "Get natural-looking brows with this precision pair!\u00a0Our bestselling brow pencil features an ultra-fine tip that draws natural-looking, hair-like strokes. The smudge-proof color is waterproof and lasts 12 hours.**Instrumental test on 23 womenGet natural-looking brows with this precision pair!\u00a0Our bestselling brow pencil features an ultra-fine tip that draws natural-looking, hair-like strokes. The smudge-proof color is waterproof and lasts 12 hours.**Instrumental test on 23 women",
        "additional_information": "{\n    \"made in\": \"Japan\",\n    \"Warning Hints\": \"Avoid eye contact. Keep away from direct heat and sunlight.\",\n    \"Item Number\": \"1381628\",\n    \"Product Series\": \"Make-Up Set\",\n    \"Net Weight\": \"0.002 kg\",\n    \"Package Height\": \"17.2 cm\",\n    \"Package Length\": \"5.05 cm\",\n    \"Package Width\": \"1.65 cm\"\n}"
    },
    {
        "product_name": "Benefit Make-Up Set",
        "brand_name": "Benefit",
        "brand_url": "https://shop.frankfurt-airport.com/en-US/brand/benefit",
        "retailer_name": "Frankfurt Duty Free",
        "retailer_url": "https://shop.frankfurt-airport.com/en-US/retailer/heinemann",
        "price": "\u20ac28.99",
        "price_per_quantity": "",
        "description": "Seas the day! Sweep this warm seashell-pink blush on cheeks for a rosy, radiant flush & soft-shimmer finish. Tickle me pink!Seas the day! Sweep this warm seashell-pink blush on cheeks for a rosy, radiant flush & soft-shimmer finish. Tickle me pink!",
        "additional_information": "{\n    \"made in\": \"Italy\",\n    \"Item Number\": \"1630854\",\n    \"Product Series\": \"Make-Up Set\",\n    \"Net Weight\": \"0.005 kg\",\n    \"Package Height\": \"2.2 cm\",\n    \"Package Length\": \"10.3 cm\",\n    \"Package Width\": \"6.9 cm\"\n}"
    },
    {
        "product_name": "Benefit Brows Eyebrow Pencil Powmade N 3",
        "brand_name": "Benefit",
        "brand_url": "https://shop.frankfurt-airport.com/en-US/brand/benefit",
        "retailer_name": "Frankfurt Duty Free",
        "retailer_url": "https://shop.frankfurt-airport.com/en-US/retailer/heinemann",
        "price": "\u20ac25.99",
        "price_per_quantity": "\u20ac519.80 / 100  g",
        "description": "POWer to your brows! Take control of your brows with our 36-hour* full-pigment brow pomade! POWmade Brow Pomade glides on POWerful color and pairs perfectly with our Dual-Ended Angled Eyebrow Brush (sold separately) for controlled, precise application.",
        "additional_information": "{\n    \"Order Amount\": \"5 g\",\n    \"made in\": \"Italy\",\n    \"Item Number\": \"1514163\",\n    \"Manufacturer Color\": \"No. 3\",\n    \"Product Series\": \"Powmade\",\n    \"Net Weight\": \"0.005 kg\",\n    \"Package Height\": \"2.6 cm\",\n    \"Package Length\": \"4.75 cm\",\n    \"Package Width\": \"4.6 cm\"\n}"
    },
    {
        "product_name": "Benefit Gimme Brow Eyebrow Volume Pencil Mini N 4",
        "brand_name": "Benefit",
        "brand_url": "https://shop.frankfurt-airport.com/en-US/brand/benefit",
        "retailer_name": "Frankfurt Duty Free",
        "retailer_url": "https://shop.frankfurt-airport.com/en-US/retailer/heinemann",
        "price": "\u20ac17.99",
        "price_per_quantity": "\u20ac2,998.33 / 100  g",
        "description": "Packed with tiny fibers, this powder pencil\u00a0adheres to skin & hairs to\u00a0volumize, fill &\u00a0define\u00a0brows.",
        "additional_information": "{\n    \"Order Amount\": \"0.6 g\",\n    \"made in\": \"Czech Republic\",\n    \"Item Number\": \"1527757\",\n    \"Manufacturer Color\": \"No. 4\",\n    \"Product Series\": \"Gimme Brow\",\n    \"Net Weight\": \"0.001 kg\",\n    \"Package Height\": \"10.8 cm\",\n    \"Package Length\": \"1.55 cm\",\n    \"Package Width\": \"1.5 cm\"\n}"
    },
    {
        "product_name": "Benefit Brows Eyebrow Pencil Powmade N 5",
        "brand_name": "Benefit",
        "brand_url": "https://shop.frankfurt-airport.com/en-US/brand/benefit",
        "retailer_name": "Frankfurt Duty Free",
        "retailer_url": "https://shop.frankfurt-airport.com/en-US/retailer/heinemann",
        "price": "\u20ac25.99",
        "price_per_quantity": "\u20ac519.80 / 100  g",
        "description": "POWer to your brows! Take control of your brows with our 36-hour* full-pigment brow pomade! POWmade Brow Pomade glides on POWerful color and pairs perfectly with our Dual-Ended Angled Eyebrow Brush (sold separately) for controlled, precise application.",
        "additional_information": "{\n    \"Order Amount\": \"5 g\",\n    \"made in\": \"Italy\",\n    \"Item Number\": \"1514161\",\n    \"Manufacturer Color\": \"No. 5\",\n    \"Product Series\": \"Powmade\",\n    \"Net Weight\": \"0.005 kg\",\n    \"Package Height\": \"2.6 cm\",\n    \"Package Length\": \"4.75 cm\",\n    \"Package Width\": \"4.6 cm\"\n}"
    },
    {
        "product_name": "Benefit Boi - ing Cakeless Concealer N 2",
        "brand_name": "Benefit",
        "brand_url": "https://shop.frankfurt-airport.com/en-US/brand/benefit",
        "retailer_name": "Frankfurt Duty Free",
        "retailer_url": "https://shop.frankfurt-airport.com/en-US/retailer/heinemann",
        "price": "\u20ac28.99",
        "price_per_quantity": "\u20ac579.80 / 100  ml",
        "description": "Full coverage liquid concealer Full coverage liquid concealer Hides dark undereye circles & blemishes Doesn\u2019t cake or crackFull coverage liquid concealer Full coverage liquid concealer Hides dark undereye circles & blemishes Doesn\u2019t cake or crack",
        "additional_information": "{\n    \"Order Amount\": \"5 ml\",\n    \"made in\": \"Canada\",\n    \"Warning Hints\": \"Avoid eye contact. Keep away from direct heat and sunlight.\",\n    \"Item Number\": \"1397716\",\n    \"Manufacturer Color\": \"No. 2\",\n    \"Product Series\": \"Boi-ing\",\n    \"Net Weight\": \"0.005 kg\",\n    \"Package Height\": \"12.1 cm\",\n    \"Package Length\": \"2.43 cm\",\n    \"Package Width\": \"2.3 cm\"\n}"
    },
    {
        "product_name": "Benefit Gimme Brow Eyebrow Volume Pencil Mini N 2",
        "brand_name": "Benefit",
        "brand_url": "https://shop.frankfurt-airport.com/en-US/brand/benefit",
        "retailer_name": "Frankfurt Duty Free",
        "retailer_url": "https://shop.frankfurt-airport.com/en-US/retailer/heinemann",
        "price": "\u20ac17.99",
        "price_per_quantity": "\u20ac2,998.33 / 100  g",
        "description": "Packed with tiny fibers, this powder pencil\u00a0adheres to skin & hairs to\u00a0volumize, fill &\u00a0define\u00a0brows.",
        "additional_information": "{\n    \"Order Amount\": \"0.6 g\",\n    \"made in\": \"Czech Republic\",\n    \"Item Number\": \"1527755\",\n    \"Manufacturer Color\": \"No. 2\",\n    \"Product Series\": \"Gimme Brow\",\n    \"Net Weight\": \"0.001 kg\",\n    \"Package Height\": \"10.8 cm\",\n    \"Package Length\": \"1.55 cm\",\n    \"Package Width\": \"1.5 cm\"\n}"
    },
    {
        "product_name": "Benefit Chacha tint Cheek and lip stain Orange",
        "brand_name": "Benefit",
        "brand_url": "https://shop.frankfurt-airport.com/en-US/brand/benefit",
        "retailer_name": "Frankfurt Duty Free",
        "retailer_url": "https://shop.frankfurt-airport.com/en-US/retailer/heinemann",
        "price": "\u20ac21.99",
        "price_per_quantity": "\u20ac366.50 / 100  ml",
        "description": "Mango-tinted lip & cheek stain Mango tinted stain Longwear Smooch-proofMango-tinted lip & cheek stain Mango tinted stain Longwear Smooch-proof",
        "additional_information": "{\n    \"Order Amount\": \"6 ml\",\n    \"made in\": \"France\",\n    \"Warning Hints\": \"Avoid eye contact. Keep away from direct heat and sunlight.\",\n    \"Item Number\": \"1397721\",\n    \"Manufacturer Color\": \"No. 171 - ORANGE\",\n    \"Product Series\": \"Chachatint\",\n    \"Net Weight\": \"0.006 kg\",\n    \"Package Height\": \"7.7 cm\",\n    \"Package Length\": \"2.7 cm\",\n    \"Package Width\": \"2.7 cm\"\n}"
    },
    {
        "product_name": "Benefit Boi - ing Cakeless Concealer N 3",
        "brand_name": "Benefit",
        "brand_url": "https://shop.frankfurt-airport.com/en-US/brand/benefit",
        "retailer_name": "Frankfurt Duty Free",
        "retailer_url": "https://shop.frankfurt-airport.com/en-US/retailer/heinemann",
        "price": "\u20ac28.99",
        "price_per_quantity": "\u20ac579.80 / 100  ml",
        "description": "Full coverage liquid concealer Full coverage liquid concealer Hides dark undereye circles & blemishes Doesn\u2019t cake or crackFull coverage liquid concealer Full coverage liquid concealer Hides dark undereye circles & blemishes Doesn\u2019t cake or crack",
        "additional_information": "{\n    \"Order Amount\": \"5 ml\",\n    \"made in\": \"Canada\",\n    \"Warning Hints\": \"Avoid eye contact. Keep away from direct heat and sunlight.\",\n    \"Item Number\": \"1397715\",\n    \"Manufacturer Color\": \"No. 3\",\n    \"Product Series\": \"Boi-ing\",\n    \"Net Weight\": \"0.005 kg\",\n    \"Package Height\": \"12.1 cm\",\n    \"Package Length\": \"2.43 cm\",\n    \"Package Width\": \"2.3 cm\"\n}"
    },
    {
        "product_name": "Benefit Brows Eyebrow Pencil Powmade N 4",
        "brand_name": "Benefit",
        "brand_url": "https://shop.frankfurt-airport.com/en-US/brand/benefit",
        "retailer_name": "Frankfurt Duty Free",
        "retailer_url": "https://shop.frankfurt-airport.com/en-US/retailer/heinemann",
        "price": "\u20ac25.99",
        "price_per_quantity": "\u20ac519.80 / 100  g",
        "description": "POWer to your brows! Take control of your brows with our 36-hour* full-pigment brow pomade! POWmade Brow Pomade glides on POWerful color and pairs perfectly with our Dual-Ended Angled Eyebrow Brush (sold separately) for controlled, precise application.",
        "additional_information": "{\n    \"Order Amount\": \"5 g\",\n    \"made in\": \"Italy\",\n    \"Item Number\": \"1514162\",\n    \"Manufacturer Color\": \"No. 4\",\n    \"Product Series\": \"Powmade\",\n    \"Net Weight\": \"0.005 kg\",\n    \"Package Height\": \"2.6 cm\",\n    \"Package Length\": \"4.75 cm\",\n    \"Package Width\": \"4.6 cm\"\n}"
    },
    {
        "product_name": "BENEFIT Gimme Brow Eyebrow Volume Pencil Mini N 3",
        "brand_name": "Benefit",
        "brand_url": "https://shop.frankfurt-airport.com/en-US/brand/benefit",
        "retailer_name": "Frankfurt Duty Free",
        "retailer_url": "https://shop.frankfurt-airport.com/en-US/retailer/heinemann",
        "price": "\u20ac17.99",
        "price_per_quantity": "\u20ac2,998.33 / 100  g",
        "description": "Packed with tiny fibers, this powder pencil\u00a0adheres to skin & hairs to\u00a0volumize, fill &\u00a0define\u00a0brows.",
        "additional_information": "{\n    \"Order Amount\": \"0.6 g\",\n    \"made in\": \"Czech Republic\",\n    \"Item Number\": \"1527756\",\n    \"Manufacturer Color\": \"No. 3\",\n    \"Product Series\": \"Gimme Brow\",\n    \"Net Weight\": \"0.001 kg\",\n    \"Package Height\": \"10.8 cm\",\n    \"Package Length\": \"1.55 cm\",\n    \"Package Width\": \"1.5 cm\"\n}"
    },
    {
        "product_name": "Benefit Mini Goof Proof Eyeprow Pencil Medium",
        "brand_name": "Benefit",
        "brand_url": "https://shop.frankfurt-airport.com/en-US/brand/benefit",
        "retailer_name": "Frankfurt Duty Free",
        "retailer_url": "https://shop.frankfurt-airport.com/en-US/retailer/heinemann",
        "price": "\u20ac17.99",
        "price_per_quantity": "\u20ac899.50 / 100  g",
        "description": "Mini super easy brow-filling & shaping pencil. Goof-proof brows...really! Presto\u2026everyone\u2019s an expert with this super easy filling &  shaping eyebrow pencil. It features a custom, non-sharpen \u201cgoof-proof\u201d tip, soft color and a glide-on formula for easy & fast brow filling. Comes complete with built-in blending spoolie-brush and signature Tips & Tricks. Mini available in shade 03 - Medium only, gorgeous!Mini super easy brow-filling & shaping pencil. Goof-proof brows...really! Presto\u2026everyone\u2019s an expert with this super easy filling &  shaping eyebrow pencil. It features a custom, non-sharpen \u201cgoof-proof\u201d tip, soft color and a glide-on formula for easy & fast brow filling. Comes complete with built-in blending spoolie-brush and signature Tips & Tricks. Mini available in shade 03 - Medium only, gorgeous!",
        "additional_information": "{\n    \"Order Amount\": \"2 g\",\n    \"made in\": \"Japan\",\n    \"Warning Hints\": \"Avoid eye contact. Keep away from direct heat and sunlight.\",\n    \"Item Number\": \"1248229\",\n    \"Manufacturer Color\": \"MEDIUM\",\n    \"Product Series\": \"Goof Proof\",\n    \"Net Weight\": \"0.002 kg\",\n    \"Package Height\": \"11.5 cm\",\n    \"Package Length\": \"4 cm\",\n    \"Package Width\": \"1.5 cm\"\n}"
    },
    {
        "product_name": "Benefit Goof Proof Eyebrow Pencil Shade Grey",
        "brand_name": "Benefit",
        "brand_url": "https://shop.frankfurt-airport.com/en-US/brand/benefit",
        "retailer_name": "Frankfurt Duty Free",
        "retailer_url": "https://shop.frankfurt-airport.com/en-US/retailer/heinemann",
        "price": "\u20ac29.99",
        "price_per_quantity": "\u20ac882.06 / 100  g",
        "description": "Super easy brow-filling & shaping pencil Custom \u201cgoof-proof\u201d tip Easy & fast glide-on formula Built-in spoolie-brushSuper easy brow-filling & shaping pencil Custom \u201cgoof-proof\u201d tip Easy & fast glide-on formula Built-in spoolie-brush",
        "additional_information": "{\n    \"Order Amount\": \"3.4 g\",\n    \"made in\": \"Japan\",\n    \"Warning Hints\": \"Avoid eye contact. Keep away from direct heat and sunlight.\",\n    \"Item Number\": \"1384023\",\n    \"Manufacturer Color\": \"No. 176 - GREY\",\n    \"Product Series\": \"Goof Proof\",\n    \"Net Weight\": \"0.003 kg\",\n    \"Package Height\": \"15 cm\",\n    \"Package Length\": \"2.5 cm\",\n    \"Package Width\": \"1.7 cm\"\n}"
    },
    {
        "product_name": "Benefit Benetint Cheek and Lip stain Red 13 ml",
        "brand_name": "Benefit",
        "brand_url": "https://shop.frankfurt-airport.com/en-US/brand/benefit",
        "retailer_name": "Frankfurt Duty Free",
        "retailer_url": "https://shop.frankfurt-airport.com/en-US/retailer/heinemann",
        "price": "\u20ac32.99",
        "price_per_quantity": "\u20ac253.77 / 100  g",
        "description": "Our original rose-tinted stain is kiss-proof, see-through color for lips and cheeks that lasts for hours. Naturally sheer and sexy on all complexions... It\u2019s innocent yet provocative. Originally created for an exotic dancer in the 1970s, Benetint has soared to cult fave status. It's loved by celebs, makeup artists and gals around the world. It's the sexiest flush you can get from a bottle!Our original rose-tinted stain is kiss-proof, see-through color for lips and cheeks that lasts for hours. Naturally sheer and sexy on all complexions... It\u2019s innocent yet provocative. Originally created for an exotic dancer in the 1970s, Benetint has soared to cult fave status. It's loved by celebs, makeup artists and gals around the world. It's the sexiest flush you can get from a bottle!",
        "additional_information": "{\n    \"Order Amount\": \"13 g\",\n    \"made in\": \"Usa\",\n    \"Item Number\": \"1108945\",\n    \"Manufacturer Color\": \"No. 78 - Red\",\n    \"Product Series\": \"Benetint\",\n    \"Net Weight\": \"0.013 kg\",\n    \"Package Height\": \"9.5 cm\",\n    \"Package Length\": \"4.5 cm\",\n    \"Package Width\": \"4.5 cm\"\n}"
    },
    {
        "product_name": "Benefit Gimme Brow Brow product mini N 1 Light Blonde",
        "brand_name": "Benefit",
        "brand_url": "https://shop.frankfurt-airport.com/en-US/brand/benefit",
        "retailer_name": "Frankfurt Duty Free",
        "retailer_url": "https://shop.frankfurt-airport.com/en-US/retailer/heinemann",
        "price": "\u20ac17.99",
        "price_per_quantity": "\u20ac1,199.33 / 100  g",
        "description": "Define & highlight your brows with this 4-in-1 contour pencil. Our multi-tasking brow pencil features a lighter brow shade, deeper brow shade, edge definer and arch highlighter to create clean, shaped brows with depth & dimension. Turn shapeless, flat brows into defined, contoured brows in an instant. Available in 5 shades for a wide range of hair colors and skin tones!Define & highlight your brows with this 4-in-1 contour pencil. Our multi-tasking brow pencil features a lighter brow shade, deeper brow shade, edge definer and arch highlighter to create clean, shaped brows with depth & dimension. Turn shapeless, flat brows into defined, contoured brows in an instant. Available in 5 shades for a wide range of hair colors and skin tones!",
        "additional_information": "{\n    \"Order Amount\": \"1.5 g\",\n    \"made in\": \"Usa\",\n    \"Warning Hints\": \"Avoid eye contact. Keep away from direct heat and sunlight.\",\n    \"Item Number\": \"1363870\",\n    \"Manufacturer Color\": \"No. 1 - LIGHT BLONDE\",\n    \"Product Series\": \"Gimme Brow\",\n    \"Net Weight\": \"0.002 kg\",\n    \"Package Height\": \"7.5 cm\",\n    \"Package Length\": \"2 cm\",\n    \"Package Width\": \"4.5 cm\"\n}"
    },
    {
        "product_name": "Benefit Lovetint Lip Tint Fiery Red",
        "brand_name": "Benefit",
        "brand_url": "https://shop.frankfurt-airport.com/en-US/brand/benefit",
        "retailer_name": "Frankfurt Duty Free",
        "retailer_url": "https://shop.frankfurt-airport.com/en-US/retailer/heinemann",
        "price": "\u20ac21.99",
        "price_per_quantity": "\u20ac366.50 / 100  ml",
        "description": "Fiery-red tinted lip & cheek stain Fiery-red lip & cheek tint Long-lasting Smudge-proofFiery-red tinted lip & cheek stain Fiery-red lip & cheek tint Long-lasting Smudge-proof",
        "additional_information": "{\n    \"Order Amount\": \"6 ml\",\n    \"made in\": \"France\",\n    \"Warning Hints\": \"Avoid eye contact. Keep away from direct heat and sunlight.\",\n    \"Item Number\": \"1397694\",\n    \"Manufacturer Color\": \"No. 200 - FIERY RED\",\n    \"Product Series\": \"Lovetint\",\n    \"Net Weight\": \"0.006 kg\",\n    \"Package Height\": \"7.8 cm\",\n    \"Package Length\": \"3.71 cm\",\n    \"Package Width\": \"3.71 cm\"\n}"
    },
    {
        "product_name": "Benefit Boi - ing Cakeless Concealer N 7",
        "brand_name": "Benefit",
        "brand_url": "https://shop.frankfurt-airport.com/en-US/brand/benefit",
        "retailer_name": "Frankfurt Duty Free",
        "retailer_url": "https://shop.frankfurt-airport.com/en-US/retailer/heinemann",
        "price": "\u20ac28.99",
        "price_per_quantity": "\u20ac579.80 / 100  ml",
        "description": "Full coverage liquid concealer Full coverage liquid concealer Hides dark undereye circles & blemishes Doesn\u2019t cake or crackFull coverage liquid concealer Full coverage liquid concealer Hides dark undereye circles & blemishes Doesn\u2019t cake or crack",
        "additional_information": "{\n    \"Order Amount\": \"5 ml\",\n    \"made in\": \"Canada\",\n    \"Warning Hints\": \"Avoid eye contact. Keep away from direct heat and sunlight.\",\n    \"Item Number\": \"1397711\",\n    \"Manufacturer Color\": \"No. 7\",\n    \"Product Series\": \"Boi-ing\",\n    \"Net Weight\": \"0.005 kg\",\n    \"Package Height\": \"12.1 cm\",\n    \"Package Length\": \"2.43 cm\",\n    \"Package Width\": \"2.3 cm\"\n}"
    },
    {
        "product_name": "Benefit Goof Proof Brow Pencil mini N 2 Light",
        "brand_name": "Benefit",
        "brand_url": "https://shop.frankfurt-airport.com/en-US/brand/benefit",
        "retailer_name": "Frankfurt Duty Free",
        "retailer_url": "https://shop.frankfurt-airport.com/en-US/retailer/heinemann",
        "price": "\u20ac17.99",
        "price_per_quantity": "\u20ac10,582.35 / 100  g",
        "description": "Keep those brows in check wherever you are, with the Goof Proof travel-sized mini - the essential addition to your on-the-go makeup bag. Presto\u2026everyone\u2019s an expert with this super easy filling & shaping eyebrow pencil. It features a custom, non-sharpen \u201cgoof-proof\u201d tip, soft colour and a glide-on formula for easy & fast brow filling. Comes complete with built-in blending spoolie-brush and signature Tips & Tricks!Keep those brows in check wherever you are, with the Goof Proof travel-sized mini - the essential addition to your on-the-go makeup bag. Presto\u2026everyone\u2019s an expert with this super easy filling & shaping eyebrow pencil. It features a custom, non-sharpen \u201cgoof-proof\u201d tip, soft colour and a glide-on formula for easy & fast brow filling. Comes complete with built-in blending spoolie-brush and signature Tips & Tricks!",
        "additional_information": "{\n    \"Order Amount\": \"0.17 g\",\n    \"made in\": \"Japan\",\n    \"Warning Hints\": \"Avoid eye contact. Keep away from direct heat and sunlight.\",\n    \"Item Number\": \"1363873\",\n    \"Manufacturer Color\": \"No. 2 - SHADE LIGHT\",\n    \"Product Series\": \"Goof Proof\",\n    \"Net Weight\": \"0.001 kg\",\n    \"Package Height\": \"11.5 cm\",\n    \"Package Length\": \"1.5 cm\",\n    \"Package Width\": \"4 cm\"\n}"
    },
    {
        "product_name": "Benefit Highlighter 2022 Box of Powder Cookie Champagne",
        "brand_name": "Benefit",
        "brand_url": "https://shop.frankfurt-airport.com/en-US/brand/benefit",
        "retailer_name": "Frankfurt Duty Free",
        "retailer_url": "https://shop.frankfurt-airport.com/en-US/retailer/heinemann",
        "price": "\u20ac34.99",
        "price_per_quantity": "\u20ac437.38 / 100  g",
        "description": "A gorgeous glow is just a sweep away! Stroke our silky-fine powder highlighter along cheekbones for a delicious soft-gold shimmer. Includes a built-in mirror for easy, seamless application.A gorgeous glow is just a sweep away! Stroke our silky-fine powder highlighter along cheekbones for a delicious soft-gold shimmer. Includes a built-in mirror for easy, seamless application.",
        "additional_information": "{\n    \"Order Amount\": \"8 g\",\n    \"made in\": \"France\",\n    \"Item Number\": \"1514170\",\n    \"Manufacturer Color\": \"No. 320 - CHAMPAGNE\",\n    \"Product Series\": \"Highlighter\",\n    \"Net Weight\": \"0.008 kg\",\n    \"Package Height\": \"1.85 cm\",\n    \"Package Length\": \"5.9 cm\",\n    \"Package Width\": \"5.9 cm\"\n}"
    },
    {
        "product_name": "Benefit Gimme Brow Volumizing Fiber Gel Nr. 3,75 Warm Medium Brown",
        "brand_name": "Benefit",
        "brand_url": "https://shop.frankfurt-airport.com/en-US/brand/benefit",
        "retailer_name": "Frankfurt Duty Free",
        "retailer_url": "https://shop.frankfurt-airport.com/en-US/retailer/heinemann",
        "price": "\u20ac29.99",
        "price_per_quantity": "\u20ac999.67 / 100  g",
        "description": "Brow-volumizing fiber gel Volumizes, tames, & tints brows Natural-looking & buildable Water-resistant & long-wearingBrow-volumizing fiber gel Volumizes, tames, & tints brows Natural-looking & buildable Water-resistant & long-wearing",
        "additional_information": "{\n    \"Order Amount\": \"3 g\",\n    \"made in\": \"Usa\",\n    \"Warning Hints\": \"Avoid eye contact. Keep away from direct heat and sunlight.\",\n    \"Item Number\": \"1436604\",\n    \"Manufacturer Color\": \"WARM MEDIUM BROWN\",\n    \"Product Series\": \"Gimme Brow\",\n    \"Net Weight\": \"0.003 kg\",\n    \"Package Height\": \"9 cm\",\n    \"Package Length\": \"4.5 cm\",\n    \"Package Width\": \"2.1 cm\"\n}"
    },
    {
        "product_name": "Benefit Theyre real Magnet Mascara Duo",
        "brand_name": "Benefit",
        "brand_url": "https://shop.frankfurt-airport.com/en-US/brand/benefit",
        "retailer_name": "Frankfurt Duty Free",
        "retailer_url": "https://shop.frankfurt-airport.com/en-US/retailer/heinemann",
        "price": "\u20ac57.99",
        "price_per_quantity": "",
        "description": "A set of two full sizes! They're Real! Magnet is the mascara with magnetic power: benefit has been inspired by the laws of attraction and has harnessed magnetism: Inside the mascara brush hides a magnetically charged core that attracts the texture enriched with magnetic minerals and then extremely lengthens your lashes.A set of two full sizes! They're Real! Magnet is the mascara with magnetic power: benefit has been inspired by the laws of attraction and has harnessed magnetism: Inside the mascara brush hides a magnetically charged core that attracts the texture enriched with magnetic minerals and then extremely lengthens your lashes.",
        "additional_information": "{\n    \"made in\": \"France\",\n    \"Warning Hints\": \"Avoid eye contact. Keep away from direct heat and sunlight.\",\n    \"Item Number\": \"1458566\",\n    \"Manufacturer Color\": \"BLACK\",\n    \"Product Series\": \"Mascara Set\",\n    \"Net Weight\": \"0.018 kg\",\n    \"Package Height\": \"3.3 cm\",\n    \"Package Length\": \"5.85 cm\",\n    \"Package Width\": \"14.44 cm\"\n}"
    },
    {
        "product_name": "Benefit Blush 2022 Box of Powder Starla Rose Mauve",
        "brand_name": "Benefit",
        "brand_url": "https://shop.frankfurt-airport.com/en-US/brand/benefit",
        "retailer_name": "Frankfurt Duty Free",
        "retailer_url": "https://shop.frankfurt-airport.com/en-US/retailer/heinemann",
        "price": "\u20ac33.99",
        "price_per_quantity": "\u20ac566.50 / 100  g",
        "description": "Rosy Bronze - A sophisticated, medium rosy brown with warm golden pearl. This unique blend of pink and purple hues has a slight red undertone and a satin finish, bringing warmth to cheeks.Rosy Bronze - A sophisticated, medium rosy brown with warm golden pearl. This unique blend of pink and purple hues has a slight red undertone and a satin finish, bringing warmth to cheeks.",
        "additional_information": "{\n    \"Order Amount\": \"6 g\",\n    \"made in\": \"Italy\",\n    \"Item Number\": \"1514154\",\n    \"Manufacturer Color\": \"No. 305 - ROSE MAUVE\",\n    \"Product Series\": \"Blush\",\n    \"Net Weight\": \"0.006 kg\",\n    \"Package Height\": \"1.9 cm\",\n    \"Package Length\": \"5.9 cm\",\n    \"Package Width\": \"5.9 cm\"\n}"
    },
    {
        "product_name": "Benefit Tar Magnet Mascara Nr. 66 black",
        "brand_name": "Benefit",
        "brand_url": "https://shop.frankfurt-airport.com/en-US/brand/benefit",
        "retailer_name": "Frankfurt Duty Free",
        "retailer_url": "https://shop.frankfurt-airport.com/en-US/retailer/heinemann",
        "price": "\u20ac16.99",
        "price_per_quantity": "\u20ac424.75 / 100  g",
        "description": "They're Real! Magnet Extreme Lengthening Mascara Travel Size Mini Powerful lifting & lengthening mascara -36-hour lengthening* mascara with a MAGNETIC FORCE -Flexible, lightweight & builds easily -Won\u2019t smudge or flake *Instrumental test on 21 womenThey're Real! Magnet Extreme Lengthening Mascara Travel Size Mini Powerful lifting & lengthening mascara -36-hour lengthening* mascara with a MAGNETIC FORCE -Flexible, lightweight & builds easily -Won\u2019t smudge or flake *Instrumental test on 21 women",
        "additional_information": "{\n    \"Order Amount\": \"4 g\",\n    \"made in\": \"France\",\n    \"Warning Hints\": \"Avoid eye contact. Keep away from direct heat and sunlight.\",\n    \"Item Number\": \"1458565\",\n    \"Manufacturer Color\": \"BLACK\",\n    \"Product Series\": \"They\\u2019re real Magnet\",\n    \"Net Weight\": \"0.004 kg\",\n    \"Package Height\": \"9.1 cm\",\n    \"Package Length\": \"2.3 cm\",\n    \"Package Width\": \"4.7 cm\"\n}"
    },
    {
        "product_name": "Benefit Dew La La Deep Dark Liquid Highlighter Comet 40 g",
        "brand_name": "Benefit",
        "brand_url": "https://shop.frankfurt-airport.com/en-US/brand/benefit",
        "retailer_name": "Frankfurt Duty Free",
        "retailer_url": "https://shop.frankfurt-airport.com/en-US/retailer/heinemann",
        "price": "\u20ac39.99",
        "price_per_quantity": "\u20ac99.98 / 100  g",
        "description": "Glide on this weightless liquid glow for skin that looks naturally dewy & lit -from -within. 12 -hour* wear for all -day glow 12 hour** hydration Infused with skin-loving niacinamide, sunflower seed oil, glycerin & hyaluronic acid Waterproof, sweatproof & transfer -proof *instrumental test on 25 participants **instrumental test on 33 participantsGlide on this weightless liquid glow for skin that looks naturally dewy & lit -from -within. 12 -hour* wear for all -day glow 12 hour** hydration Infused with skin-loving niacinamide, sunflower seed oil, glycerin & hyaluronic acid Waterproof, sweatproof & transfer -proof *instrumental test on 25 participants **instrumental test on 33 participants",
        "additional_information": "{\n    \"Order Amount\": \"40 g\",\n    \"made in\": \"Italy\",\n    \"Item Number\": \"1626661\",\n    \"Manufacturer Color\": \"No. 401 - COMET\",\n    \"Product Series\": \"Dew La La\",\n    \"Net Weight\": \"0.04 kg\",\n    \"Package Height\": \"11.2 cm\",\n    \"Package Length\": \"3.5 cm\",\n    \"Package Width\": \"3.5 cm\"\n}"
    },
    {
        "product_name": "Benefit Brows Eyebrow Pencil Powmade N 2",
        "brand_name": "Benefit",
        "brand_url": "https://shop.frankfurt-airport.com/en-US/brand/benefit",
        "retailer_name": "Frankfurt Duty Free",
        "retailer_url": "https://shop.frankfurt-airport.com/en-US/retailer/heinemann",
        "price": "\u20ac25.99",
        "price_per_quantity": "\u20ac519.80 / 100  g",
        "description": "POWer to your brows! Take control of your brows with our 36-hour* full-pigment brow pomade! POWmade Brow Pomade glides on POWerful color and pairs perfectly with our Dual-Ended Angled Eyebrow Brush (sold separately) for controlled, precise application.",
        "additional_information": "{\n    \"Order Amount\": \"5 g\",\n    \"made in\": \"Italy\",\n    \"Item Number\": \"1514164\",\n    \"Manufacturer Color\": \"No. 2\",\n    \"Product Series\": \"Powmade\",\n    \"Net Weight\": \"0.005 kg\",\n    \"Package Height\": \"2.6 cm\",\n    \"Package Length\": \"4.75 cm\",\n    \"Package Width\": \"4.6 cm\"\n}"
    },
    {
        "product_name": "Benefit Tar Magnet Mascara N 65 black",
        "brand_name": "Benefit",
        "brand_url": "https://shop.frankfurt-airport.com/en-US/brand/benefit",
        "retailer_name": "Frankfurt Duty Free",
        "retailer_url": "https://shop.frankfurt-airport.com/en-US/retailer/heinemann",
        "price": "\u20ac28.99",
        "price_per_quantity": "\u20ac341.06 / 100  g",
        "description": "Mascara with magnetic power They're Real! Magnet is the mascara with magnetic power: benefit has been inspired by the laws of attraction and has harnessed magnetism: Hidden inside the mascara brush is a magnetically charged core that attracts the texture, which is enriched with magnetic minerals, and then extremely lengthens your lashes. For even more dramatic results, the texture can be built up because it's ultra lightweight, then wows with an incredibly long hold of up to 36 hours - no smudging, no crumbling. The They're Real! Magnet Mascara brings extreme length to the lash fan, precisely separates the fine hairs from each other and gives a fabulous curl on top. For a look that is more attractive than ever before.Mascara with magnetic power They're Real! Magnet is the mascara with magnetic power: benefit has been inspired by the laws of attraction and has harnessed magnetism: Hidden inside the mascara brush is a magnetically charged core that attracts the texture, which is enriched with magnetic minerals, and then extremely lengthens your lashes. For even more dramatic results, the texture can be built up because it's ultra lightweight, then wows with an incredibly long hold of up to 36 hours - no smudging, no crumbling. The They're Real! Magnet Mascara brings extreme length to the lash fan, precisely separates the fine hairs from each other and gives a fabulous curl on top. For a look that is more attractive than ever before.",
        "additional_information": "{\n    \"Order Amount\": \"8.5 g\",\n    \"made in\": \"France\",\n    \"Warning Hints\": \"Avoid eye contact. Keep away from direct heat and sunlight.\",\n    \"Item Number\": \"1458564\",\n    \"Manufacturer Color\": \"BLACK\",\n    \"Product Series\": \"They're Real\",\n    \"Net Weight\": \"0.009 kg\",\n    \"Package Height\": \"14.1 cm\",\n    \"Package Length\": \"2.73 cm\",\n    \"Package Width\": \"2.96 cm\"\n}"
    },
    {
        "product_name": "Benefit Gimme Brow Eyebrow Volume Pencil N 4,5",
        "brand_name": "Benefit",
        "brand_url": "https://shop.frankfurt-airport.com/en-US/brand/benefit",
        "retailer_name": "Frankfurt Duty Free",
        "retailer_url": "https://shop.frankfurt-airport.com/en-US/retailer/heinemann",
        "price": "\u20ac29.99",
        "price_per_quantity": "\u20ac2,499.17 / 100  g",
        "description": "Packed with tiny fibers, this powder pencil\u00a0adheres to skin & hairs to\u00a0volumize, fill &\u00a0define\u00a0brows.",
        "additional_information": "{\n    \"Order Amount\": \"1.2 g\",\n    \"made in\": \"Czech Republic\",\n    \"Item Number\": \"1518794\",\n    \"Manufacturer Color\": \"NEUTRAL DEEP BROWN\",\n    \"Product Series\": \"Gimme Brow\",\n    \"Net Weight\": \"0.001 kg\",\n    \"Package Height\": \"17.5 cm\",\n    \"Package Length\": \"1.55 cm\",\n    \"Package Width\": \"1.5 cm\"\n}"
    },
    {
        "product_name": "Benefit Floratint Blush Desert Rose",
        "brand_name": "Benefit",
        "brand_url": "https://shop.frankfurt-airport.com/en-US/brand/benefit",
        "retailer_name": "Frankfurt Duty Free",
        "retailer_url": "https://shop.frankfurt-airport.com/en-US/retailer/heinemann",
        "price": "\u20ac21.99",
        "price_per_quantity": "\u20ac366.50 / 100  ml",
        "description": "Lip in full bloom!",
        "additional_information": "{\n    \"Order Amount\": \"6 ml\",\n    \"made in\": \"France\",\n    \"Item Number\": \"1518806\",\n    \"Manufacturer Color\": \"No. 326 - DESERT ROSE\",\n    \"Product Series\": \"Floratint\",\n    \"Net Weight\": \"0.006 kg\",\n    \"Package Height\": \"7.7 cm\",\n    \"Package Length\": \"2.7 cm\",\n    \"Package Width\": \"2.7 cm\"\n}"
    },
    {
        "product_name": "Benefit BOP Blush Terra",
        "brand_name": "Benefit",
        "brand_url": "https://shop.frankfurt-airport.com/en-US/brand/benefit",
        "retailer_name": "Frankfurt Duty Free",
        "retailer_url": "https://shop.frankfurt-airport.com/en-US/retailer/heinemann",
        "price": "\u20ac33.99",
        "price_per_quantity": "\u20ac566.50 / 100  g",
        "description": "Terra Golden Brick-Red Blush Silky-soft powder blush, a soft-shimmer finish with an airbrushed effect, Sweatproof & smudge-proofTerra Golden Brick-Red Blush Silky-soft powder blush, a soft-shimmer finish with an airbrushed effect, Sweatproof & smudge-proof",
        "additional_information": "{\n    \"Order Amount\": \"6 g\",\n    \"made in\": \"Italy\",\n    \"Item Number\": \"1518918\",\n    \"Manufacturer Color\": \"TERRA\",\n    \"Product Series\": \"BOP\",\n    \"Net Weight\": \"0.006 kg\",\n    \"Package Height\": \"1.85 cm\",\n    \"Package Length\": \"5.9 cm\",\n    \"Package Width\": \"5.9 cm\"\n}"
    },
    {
        "product_name": "Benefit Dew La La Light Medium Liquid Highlighter Luna 40 g",
        "brand_name": "Benefit",
        "brand_url": "https://shop.frankfurt-airport.com/en-US/brand/benefit",
        "retailer_name": "Frankfurt Duty Free",
        "retailer_url": "https://shop.frankfurt-airport.com/en-US/retailer/heinemann",
        "price": "\u20ac39.99",
        "price_per_quantity": "\u20ac99.98 / 100  g",
        "description": "Glide on this weightless liquid glow for skin that looks naturally dewy & lit -from -within. 12 -hour* wear for all -day glow 12 hour** hydration Infused with skin-loving niacinamide, sunflower seed oil, glycerin & hyaluronic acid Waterproof, sweatproof & transfer -proof *instrumental test on 25 participants **instrumental test on 33 participantsGlide on this weightless liquid glow for skin that looks naturally dewy & lit -from -within. 12 -hour* wear for all -day glow 12 hour** hydration Infused with skin-loving niacinamide, sunflower seed oil, glycerin & hyaluronic acid Waterproof, sweatproof & transfer -proof *instrumental test on 25 participants **instrumental test on 33 participants",
        "additional_information": "{\n    \"Order Amount\": \"40 g\",\n    \"made in\": \"Italy\",\n    \"Item Number\": \"1626658\",\n    \"Manufacturer Color\": \"No. 398 - LUNA\",\n    \"Product Series\": \"Dew La La\",\n    \"Net Weight\": \"0.04 kg\",\n    \"Package Height\": \"11.2 cm\",\n    \"Package Length\": \"3.5 cm\",\n    \"Package Width\": \"3.5 cm\"\n}"
    },
    {
        "product_name": "Benefit Goof Proof Brow Powder N 5",
        "brand_name": "Benefit",
        "brand_url": "https://shop.frankfurt-airport.com/en-US/brand/benefit",
        "retailer_name": "Frankfurt Duty Free",
        "retailer_url": "https://shop.frankfurt-airport.com/en-US/retailer/heinemann",
        "price": "\u20ac25.99",
        "price_per_quantity": "\u20ac1,367.89 / 100  g",
        "description": "Easy Brow filling powder",
        "additional_information": "{\n    \"Order Amount\": \"1.9 g\",\n    \"made in\": \"France\",\n    \"Item Number\": \"1581212\",\n    \"Manufacturer Color\": \"No. 5\",\n    \"Product Series\": \"Goof Proof\",\n    \"Net Weight\": \"0.002 kg\",\n    \"Package Height\": \"1 cm\",\n    \"Package Length\": \"4.8 cm\",\n    \"Package Width\": \"4.9 cm\"\n}"
    },
    {
        "product_name": "Benefit Goof Proof Brow Powder N 4.5",
        "brand_name": "Benefit",
        "brand_url": "https://shop.frankfurt-airport.com/en-US/brand/benefit",
        "retailer_name": "Frankfurt Duty Free",
        "retailer_url": "https://shop.frankfurt-airport.com/en-US/retailer/heinemann",
        "price": "\u20ac25.99",
        "price_per_quantity": "\u20ac1,367.89 / 100  g",
        "description": "Easy Brow filling powder",
        "additional_information": "{\n    \"Order Amount\": \"1.9 g\",\n    \"made in\": \"France\",\n    \"Item Number\": \"1581213\",\n    \"Manufacturer Color\": \"4,5\",\n    \"Product Series\": \"Goof Proof\",\n    \"Net Weight\": \"0.002 kg\",\n    \"Package Height\": \"1 cm\",\n    \"Package Length\": \"4.8 cm\",\n    \"Package Width\": \"4.9 cm\"\n}"
    },
    {
        "product_name": "Benefit Goof Proof Brow Powder N 3.5",
        "brand_name": "Benefit",
        "brand_url": "https://shop.frankfurt-airport.com/en-US/brand/benefit",
        "retailer_name": "Frankfurt Duty Free",
        "retailer_url": "https://shop.frankfurt-airport.com/en-US/retailer/heinemann",
        "price": "\u20ac25.99",
        "price_per_quantity": "\u20ac1,367.89 / 100  g",
        "description": "Easy Brow filling powder",
        "additional_information": "{\n    \"Order Amount\": \"1.9 g\",\n    \"made in\": \"France\",\n    \"Item Number\": \"1581215\",\n    \"Manufacturer Color\": \"3,5\",\n    \"Product Series\": \"Goof Proof\",\n    \"Net Weight\": \"0.002 kg\",\n    \"Package Height\": \"1 cm\",\n    \"Package Length\": \"4.8 cm\",\n    \"Package Width\": \"4.9 cm\"\n}"
    },
    {
        "product_name": "Benefit Gimme Brow Eyebrow Volume Pencil N 6",
        "brand_name": "Benefit",
        "brand_url": "https://shop.frankfurt-airport.com/en-US/brand/benefit",
        "retailer_name": "Frankfurt Duty Free",
        "retailer_url": "https://shop.frankfurt-airport.com/en-US/retailer/heinemann",
        "price": "\u20ac29.99",
        "price_per_quantity": "\u20ac2,499.17 / 100  g",
        "description": "Packed with tiny fibers, this powder pencil\u00a0adheres to skin & hairs to\u00a0volumize, fill &\u00a0define\u00a0brows.",
        "additional_information": "{\n    \"Order Amount\": \"1.2 g\",\n    \"made in\": \"Czech Republic\",\n    \"Item Number\": \"1518798\",\n    \"Manufacturer Color\": \"No. 6 - WARM BLACK-BROWN\",\n    \"Product Series\": \"Gimme Brow\",\n    \"Net Weight\": \"0.001 kg\",\n    \"Package Height\": \"17.5 cm\",\n    \"Package Length\": \"1.55 cm\",\n    \"Package Width\": \"1.5 cm\"\n}"
    },
    {
        "product_name": "Benefit Goof Proof Brow Powder N 6",
        "brand_name": "Benefit",
        "brand_url": "https://shop.frankfurt-airport.com/en-US/brand/benefit",
        "retailer_name": "Frankfurt Duty Free",
        "retailer_url": "https://shop.frankfurt-airport.com/en-US/retailer/heinemann",
        "price": "\u20ac25.99",
        "price_per_quantity": "\u20ac1,367.89 / 100  g",
        "description": "Easy Brow filling powder",
        "additional_information": "{\n    \"Order Amount\": \"1.9 g\",\n    \"made in\": \"France\",\n    \"Item Number\": \"1581211\",\n    \"Manufacturer Color\": \"No. 6\",\n    \"Product Series\": \"Goof Proof\",\n    \"Net Weight\": \"0.002 kg\",\n    \"Package Height\": \"1 cm\",\n    \"Package Length\": \"4.8 cm\",\n    \"Package Width\": \"4.9 cm\"\n}"
    },
    {
        "product_name": "Benefit Make-Up Set",
        "brand_name": "Benefit",
        "brand_url": "https://shop.frankfurt-airport.com/en-US/brand/benefit",
        "retailer_name": "Frankfurt Duty Free",
        "retailer_url": "https://shop.frankfurt-airport.com/en-US/retailer/heinemann",
        "price": "\u20ac67.99",
        "price_per_quantity": "",
        "description": "In a blush rush! Get sweet, soft, rosy cheeks with this delicate blush duo! Includes 2 full-sizes of our bestselling Shellie warm seashell-pink blush. Swirl on cheeks for a warm-rose flush!In a blush rush! Get sweet, soft, rosy cheeks with this delicate blush duo! Includes 2 full-sizes of our bestselling Shellie warm seashell-pink blush. Swirl on cheeks for a warm-rose flush!",
        "additional_information": "{\n    \"made in\": \"Italy\",\n    \"Item Number\": \"1581219\",\n    \"Product Series\": \"Make-Up Set\",\n    \"Net Weight\": \"0.012 kg\",\n    \"Package Height\": \"12.2 cm\",\n    \"Package Length\": \"6.1 cm\",\n    \"Package Width\": \"2 cm\"\n}"
    },
    {
        "product_name": "Benefit Fan Fest Mascara Set",
        "brand_name": "Benefit",
        "brand_url": "https://shop.frankfurt-airport.com/en-US/brand/benefit",
        "retailer_name": "Frankfurt Duty Free",
        "retailer_url": "https://shop.frankfurt-airport.com/en-US/retailer/heinemann",
        "price": "\u20ac44.99",
        "price_per_quantity": "",
        "description": "Fan Fest Fanning Volumizing Mascara, FULL-FAN effect, amplifies volume and multiplies the look of lashes, Full-Flex Fiber Brush lifts root-to-tip and reaches corner-to-cornerFan Fest Fanning Volumizing Mascara, FULL-FAN effect, amplifies volume and multiplies the look of lashes, Full-Flex Fiber Brush lifts root-to-tip and reaches corner-to-corner",
        "additional_information": "{\n    \"made in\": \"France\",\n    \"Item Number\": \"1613288\",\n    \"Product Series\": \"Fan Fest\",\n    \"Net Weight\": \"0.017 kg\",\n    \"Package Height\": \"13.8 cm\",\n    \"Package Length\": \"4.4 cm\",\n    \"Package Width\": \"2.35 cm\"\n}"
    },
    {
        "product_name": "Benefit Highlighter 2022 Box of Powder Tickle Champagne",
        "brand_name": "Benefit",
        "brand_url": "https://shop.frankfurt-airport.com/en-US/brand/benefit",
        "retailer_name": "Frankfurt Duty Free",
        "retailer_url": "https://shop.frankfurt-airport.com/en-US/retailer/heinemann",
        "price": "\u20ac34.99",
        "price_per_quantity": "\u20ac437.38 / 100  g",
        "description": "Amp up your radiance and dust our featherlight, silky-fine powder highlighter along cheekbones for an irresistible golden-pink luster. Includes a built-in mirror for easy, seamless application. It's a gleam come true!Amp up your radiance and dust our featherlight, silky-fine powder highlighter along cheekbones for an irresistible golden-pink luster. Includes a built-in mirror for easy, seamless application. It's a gleam come true!",
        "additional_information": "{\n    \"Order Amount\": \"8 g\",\n    \"made in\": \"Canada\",\n    \"Item Number\": \"1514169\",\n    \"Manufacturer Color\": \"No. 321 - CHAMPAGNE\",\n    \"Product Series\": \"Highlighter\",\n    \"Net Weight\": \"0.008 kg\",\n    \"Package Height\": \"1.85 cm\",\n    \"Package Length\": \"5.9 cm\",\n    \"Package Width\": \"5.9 cm\"\n}"
    },
    {
        "product_name": "Benefit Blush 2022 Box of Powder Crystah Mini Strawberry Pink",
        "brand_name": "Benefit",
        "brand_url": "https://shop.frankfurt-airport.com/en-US/brand/benefit",
        "retailer_name": "Frankfurt Duty Free",
        "retailer_url": "https://shop.frankfurt-airport.com/en-US/retailer/heinemann",
        "price": "\u20ac19.99",
        "price_per_quantity": "\u20ac799.60 / 100  g",
        "description": "Strawberry Pink - This vibrant, pink-coral blush with golden pearl, leaves cheeks looking fresh and luminous. The unique mix of coral and red makes this shade flattering on all skintones.Strawberry Pink - This vibrant, pink-coral blush with golden pearl, leaves cheeks looking fresh and luminous. The unique mix of coral and red makes this shade flattering on all skintones.",
        "additional_information": "{\n    \"Order Amount\": \"2.5 g\",\n    \"made in\": \"Italy\",\n    \"Item Number\": \"1514156\",\n    \"Manufacturer Color\": \"No. 327 - STRAWBERRY PINK\",\n    \"Product Series\": \"Blush\",\n    \"Net Weight\": \"0.003 kg\",\n    \"Package Height\": \"4.8 cm\",\n    \"Package Length\": \"2 cm\",\n    \"Package Width\": \"4.8 cm\"\n}"
    },
    {
        "product_name": "Benefit Make-Up Set",
        "brand_name": "Benefit",
        "brand_url": "https://shop.frankfurt-airport.com/en-US/brand/benefit",
        "retailer_name": "Frankfurt Duty Free",
        "retailer_url": "https://shop.frankfurt-airport.com/en-US/retailer/heinemann",
        "price": "\u20ac57.99",
        "price_per_quantity": "",
        "description": "2 Brow Bigshots! Shape and tame your brows with the 2 Brow Bigshots Kit. Precisely, My Brow Pencil scores with its ultra-fine lead and its strong, yet blendable color that lasts up to twelve hours: With particularly delicate strokes, the eyebrow pencil fills in gaps for precisely defined brows that look absolutely natural. Then use the 24-Hour Brow Setter to give your eyebrows shape and a long-lasting finish that lasts up to 24 hours!2 Brow Bigshots! Shape and tame your brows with the 2 Brow Bigshots Kit. Precisely, My Brow Pencil scores with its ultra-fine lead and its strong, yet blendable color that lasts up to twelve hours: With particularly delicate strokes, the eyebrow pencil fills in gaps for precisely defined brows that look absolutely natural. Then use the 24-Hour Brow Setter to give your eyebrows shape and a long-lasting finish that lasts up to 24 hours!",
        "additional_information": "{\n    \"made in\": \"Japan\",\n    \"Warning Hints\": \"Avoid eye contact. Keep away from direct heat and sunlight.\",\n    \"Item Number\": \"1437505\",\n    \"Product Series\": \"Make-Up Set\",\n    \"Net Weight\": \"0.008 kg\",\n    \"Package Height\": \"17.5 cm\",\n    \"Package Length\": \"5.45 cm\",\n    \"Package Width\": \"3.2 cm\"\n}"
    },
    {
        "product_name": "Benefit Whoop Lash Serum",
        "brand_name": "Benefit",
        "brand_url": "https://shop.frankfurt-airport.com/en-US/brand/benefit",
        "retailer_name": "Frankfurt Duty Free",
        "retailer_url": "https://shop.frankfurt-airport.com/en-US/retailer/heinemann",
        "price": "\u20ac54.99",
        "price_per_quantity": "\u20ac2,749.50 / 100  ml",
        "description": "WHOOP, THERE IT IS! Get lashes that look fuller, healthier, and more nourished with this lash\u00a0enhancing serum.WHOOP, THERE IT IS! Get lashes that look fuller, healthier, and more nourished with this lash\u00a0enhancing serum.",
        "additional_information": "{\n    \"Order Amount\": \"2 ml\",\n    \"made in\": \"France\",\n    \"Item Number\": \"1613279\",\n    \"Manufacturer Color\": \"M74\",\n    \"Product Series\": \"Whoop Lash\",\n    \"Net Weight\": \"0.002 kg\",\n    \"Package Height\": \"13.45 cm\",\n    \"Package Length\": \"1.9 cm\",\n    \"Package Width\": \"1.9 cm\"\n}"
    },
    {
        "product_name": "Benefit Hoola Blush Box of Powder Caramel Beige",
        "brand_name": "Benefit",
        "brand_url": "https://shop.frankfurt-airport.com/en-US/brand/benefit",
        "retailer_name": "Frankfurt Duty Free",
        "retailer_url": "https://shop.frankfurt-airport.com/en-US/retailer/heinemann",
        "price": "\u20ac29.99",
        "price_per_quantity": "\u20ac374.88 / 100  g",
        "description": "All 4 shades of Benefit\u2019s award-winning bronzer feature the same soft, blendable formula and matte finish that made the original\u00a0Hoola\u00a0a cult-fave. The entire\u00a0Hoola\u00a0bronzer collection ranges from light to deep so you can sweep on a natural-looking bronze. Comes complete with a built-in mirror for a sunless & seamless application.All 4 shades of Benefit\u2019s award-winning bronzer feature the same soft, blendable formula and matte finish that made the original\u00a0Hoola\u00a0a cult-fave. The entire\u00a0Hoola\u00a0bronzer collection ranges from light to deep so you can sweep on a natural-looking bronze. Comes complete with a built-in mirror for a sunless & seamless application.",
        "additional_information": "{\n    \"Order Amount\": \"8 g\",\n    \"made in\": \"Usa\",\n    \"Item Number\": \"1514172\",\n    \"Manufacturer Color\": \"No. 323 - BEIGE\",\n    \"Product Series\": \"Hoola\",\n    \"Net Weight\": \"0.008 kg\",\n    \"Package Height\": \"1.85 cm\",\n    \"Package Length\": \"5.9 cm\",\n    \"Package Width\": \"5.9 cm\"\n}"
    },
    {
        "product_name": "Benefit Blush 2022 Box of Powder Crystah Strawberry Pink",
        "brand_name": "Benefit",
        "brand_url": "https://shop.frankfurt-airport.com/en-US/brand/benefit",
        "retailer_name": "Frankfurt Duty Free",
        "retailer_url": "https://shop.frankfurt-airport.com/en-US/retailer/heinemann",
        "price": "\u20ac33.99",
        "price_per_quantity": "\u20ac566.50 / 100  g",
        "description": "Strawberry Pink - This vibrant, pink-coral blush with golden pearl, leaves cheeks looking fresh and luminous. The unique mix of coral and red makes this shade flattering on all skintones.Strawberry Pink - This vibrant, pink-coral blush with golden pearl, leaves cheeks looking fresh and luminous. The unique mix of coral and red makes this shade flattering on all skintones.",
        "additional_information": "{\n    \"Order Amount\": \"6 g\",\n    \"made in\": \"Italy\",\n    \"Item Number\": \"1514157\",\n    \"Manufacturer Color\": \"No. 309 - STRAWBERRY PINK\",\n    \"Product Series\": \"Blush\",\n    \"Net Weight\": \"0.006 kg\",\n    \"Package Height\": \"1.85 cm\",\n    \"Package Length\": \"5.9 cm\",\n    \"Package Width\": \"5.9 cm\"\n}"
    },
    {
        "product_name": "Benefit Blush 2022 Box of Powder Shellie Medium Pink",
        "brand_name": "Benefit",
        "brand_url": "https://shop.frankfurt-airport.com/en-US/brand/benefit",
        "retailer_name": "Frankfurt Duty Free",
        "retailer_url": "https://shop.frankfurt-airport.com/en-US/retailer/heinemann",
        "price": "\u20ac33.99",
        "price_per_quantity": "\u20ac566.50 / 100  g",
        "description": "Warm Seashell Pink - A flirty pink blush with a hint of coral and subtle golden pearl, creates warmth on cheeks for a naturally radiant look. It\u2019s your perfect everyday go-to shade.Warm Seashell Pink - A flirty pink blush with a hint of coral and subtle golden pearl, creates warmth on cheeks for a naturally radiant look. It\u2019s your perfect everyday go-to shade.",
        "additional_information": "{\n    \"Order Amount\": \"6 g\",\n    \"made in\": \"Italy\",\n    \"Item Number\": \"1514158\",\n    \"Product Series\": \"Blush\",\n    \"Net Weight\": \"0.006 kg\",\n    \"Package Height\": \"1.85 cm\",\n    \"Package Length\": \"5.9 cm\",\n    \"Package Width\": \"5.9 cm\"\n}"
    },
    {
        "product_name": "Benefit Hoola Blush Box of Powder Mini Beige",
        "brand_name": "Benefit",
        "brand_url": "https://shop.frankfurt-airport.com/en-US/brand/benefit",
        "retailer_name": "Frankfurt Duty Free",
        "retailer_url": "https://shop.frankfurt-airport.com/en-US/retailer/heinemann",
        "price": "\u20ac17.99",
        "price_per_quantity": "\u20ac719.60 / 100  g",
        "description": "All 4 shades of Benefit\u2019s award-winning bronzer feature the same soft, blendable formula and matte finish that made the original\u00a0Hoola\u00a0a cult-fave. The entire\u00a0Hoola\u00a0bronzer collection ranges from light to deep so you can sweep on a natural-looking bronze.All 4 shades of Benefit\u2019s award-winning bronzer feature the same soft, blendable formula and matte finish that made the original\u00a0Hoola\u00a0a cult-fave. The entire\u00a0Hoola\u00a0bronzer collection ranges from light to deep so you can sweep on a natural-looking bronze.",
        "additional_information": "{\n    \"Order Amount\": \"2.5 g\",\n    \"made in\": \"Usa\",\n    \"Item Number\": \"1514174\",\n    \"Manufacturer Color\": \"BEIGE\",\n    \"Product Series\": \"Hoola\",\n    \"Net Weight\": \"0.003 kg\",\n    \"Package Height\": \"1.7 cm\",\n    \"Package Length\": \"4.8 cm\",\n    \"Package Width\": \"4.8 cm\"\n}"
    },
    {
        "product_name": "Benefit Brush 2022 Multitasking Cheek Brush",
        "brand_name": "Benefit",
        "brand_url": "https://shop.frankfurt-airport.com/en-US/brand/benefit",
        "retailer_name": "Frankfurt Duty Free",
        "retailer_url": "https://shop.frankfurt-airport.com/en-US/retailer/heinemann",
        "price": "\u20ac34.99",
        "price_per_quantity": "",
        "description": "A singleton built for the modern world\u2026 o Easy to use o Perfect for on-the-go application & travel o Completes face color collection  in a sustainable way o Universal fluffy, dome shape that works for blush, bronzer & highlighter application o Bristles designed to apply any format: powders, creams and liquids o Vegan and cruelty freeA singleton built for the modern world\u2026 o Easy to use o Perfect for on-the-go application & travel o Completes face color collection  in a sustainable way o Universal fluffy, dome shape that works for blush, bronzer & highlighter application o Bristles designed to apply any format: powders, creams and liquids o Vegan and cruelty free",
        "additional_information": "{\n    \"made in\": \"China\",\n    \"Item Number\": \"1514132\",\n    \"Product Series\": \"Brushes\",\n    \"Net Weight\": \"0.001 kg\",\n    \"Package Height\": \"11.2 cm\",\n    \"Package Length\": \"2.3 cm\",\n    \"Package Width\": \"2.2 cm\"\n}"
    },
    {
        "product_name": "Benefit Fluff up Brow Wax",
        "brand_name": "Benefit",
        "brand_url": "https://shop.frankfurt-airport.com/en-US/brand/benefit",
        "retailer_name": "Frankfurt Duty Free",
        "retailer_url": "https://shop.frankfurt-airport.com/en-US/retailer/heinemann",
        "price": "\u20ac29.99",
        "price_per_quantity": "\u20ac499.83 / 100  ml",
        "description": "The Good Fluff Fluff Up Brow Wax is a clear, crunch-free and creamy flex-wax that creates fluffy, full and natural-looking brows. How the fluff does it work? The specially developed bristle brush evenly deposits a thin layer of lightweight wax throughout brows. The formula is buildable with reworkable hold for versatile shaping before drying down clear with a natural-matte finish. The end look: fluffy, feathered and texturized brows that last 12 hours*. Flake-free and crunch-free 12-hour longwear Waterproof, sweatproof and humidity-proof 93% said it easily feathers brows 97% said it has reworkable hold 96% said brows look fullerThe Good Fluff Fluff Up Brow Wax is a clear, crunch-free and creamy flex-wax that creates fluffy, full and natural-looking brows. How the fluff does it work? The specially developed bristle brush evenly deposits a thin layer of lightweight wax throughout brows. The formula is buildable with reworkable hold for versatile shaping before drying down clear with a natural-matte finish. The end look: fluffy, feathered and texturized brows that last 12 hours*. Flake-free and crunch-free 12-hour longwear Waterproof, sweatproof and humidity-proof 93% said it easily feathers brows 97% said it has reworkable hold 96% said brows look fuller",
        "additional_information": "{\n    \"Order Amount\": \"6 ml\",\n    \"made in\": \"Italy\",\n    \"Warning Hints\": \"Avoid eye contact. Keep away from direct heat and sunlight.\",\n    \"Item Number\": \"1555509\",\n    \"Manufacturer Color\": \"No. 252\",\n    \"Product Series\": \"Fluff up\",\n    \"Net Weight\": \"0.006 kg\",\n    \"Package Height\": \"12.15 cm\",\n    \"Package Length\": \"2.63 cm\",\n    \"Package Width\": \"2.55 cm\"\n}"
    },
    {
        "product_name": "Benefit Dandelion Twinkle Blush 2022 Box of Powder Mini Pink",
        "brand_name": "Benefit",
        "brand_url": "https://shop.frankfurt-airport.com/en-US/brand/benefit",
        "retailer_name": "Frankfurt Duty Free",
        "retailer_url": "https://shop.frankfurt-airport.com/en-US/retailer/heinemann",
        "price": "\u20ac19.99",
        "price_per_quantity": "\u20ac1,332.67 / 100  g",
        "description": "Get your glow on with\u00a0Dandelion Twinkle\u00a0superfine highlighting powder. Special baked technology delivers a strobing formula for a sheer, whisper-light texture. Wear it alone or on top of your favorite blush or powder and step into the dreamy spotlight.Get your glow on with\u00a0Dandelion Twinkle\u00a0superfine highlighting powder. Special baked technology delivers a strobing formula for a sheer, whisper-light texture. Wear it alone or on top of your favorite blush or powder and step into the dreamy spotlight.",
        "additional_information": "{\n    \"Order Amount\": \"1.5 g\",\n    \"made in\": \"Italy\",\n    \"Item Number\": \"1514166\",\n    \"Manufacturer Color\": \"PINK\",\n    \"Product Series\": \"Dandelion\",\n    \"Net Weight\": \"0.002 kg\",\n    \"Package Height\": \"1.8 cm\",\n    \"Package Length\": \"4.7 cm\",\n    \"Package Width\": \"4.7 cm\"\n}"
    },
    {
        "product_name": "Benefit Make-Up Set",
        "brand_name": "Benefit",
        "brand_url": "https://shop.frankfurt-airport.com/en-US/brand/benefit",
        "retailer_name": "Frankfurt Duty Free",
        "retailer_url": "https://shop.frankfurt-airport.com/en-US/retailer/heinemann",
        "price": "\u20ac45.99",
        "price_per_quantity": "",
        "description": "Glam 'n go! From award-winners to fan-favorites, our iconic MINI bestsellers are a first-class choice for every travelin' beauty lover.Glam 'n go! From award-winners to fan-favorites, our iconic MINI bestsellers are a first-class choice for every travelin' beauty lover.",
        "additional_information": "{\n    \"made in\": \"Usa\",\n    \"Item Number\": \"1630853\",\n    \"Product Series\": \"Make-Up Set\",\n    \"Net Weight\": \"0.014 kg\",\n    \"Package Height\": \"10.1 cm\",\n    \"Package Length\": \"9.6 cm\",\n    \"Package Width\": \"2.2 cm\"\n}"
    },
    {
        "product_name": "Benefit They'Re Real Eyeliner Xtreme Precis Black Liner Black",
        "brand_name": "Benefit",
        "brand_url": "https://shop.frankfurt-airport.com/en-US/brand/benefit",
        "retailer_name": "Frankfurt Duty Free",
        "retailer_url": "https://shop.frankfurt-airport.com/en-US/retailer/heinemann",
        "price": "\u20ac25.99",
        "price_per_quantity": "\u20ac7,425.71 / 100  g",
        "description": "They\u2019re Real! liquid eyeliner lets you create versatile eye looks with EXTREME precision, high performance and superior innovation. Its custom brush-tip applicator draws pin-thin strokes for tight-lining, dramatic cat eyes and everything in between. \u2022 24-hour longwear \u2022 Waterproof \u2022 Won\u2019t smudge, flake or fade \u2022 Buildable quick-set formula \u2022 Satin finishThey\u2019re Real! liquid eyeliner lets you create versatile eye looks with EXTREME precision, high performance and superior innovation. Its custom brush-tip applicator draws pin-thin strokes for tight-lining, dramatic cat eyes and everything in between. \u2022 24-hour longwear \u2022 Waterproof \u2022 Won\u2019t smudge, flake or fade \u2022 Buildable quick-set formula \u2022 Satin finish",
        "additional_information": "{\n    \"Order Amount\": \"0.35 g\",\n    \"made in\": \"Japan\",\n    \"Item Number\": \"1514177\",\n    \"Manufacturer Color\": \"BLACK\",\n    \"Product Series\": \"They're Real\",\n    \"Net Weight\": \"0.001 kg\",\n    \"Package Height\": \"14.2 cm\",\n    \"Package Length\": \"1.5 cm\",\n    \"Package Width\": \"1.5 cm\"\n}"
    },
    {
        "product_name": "Benefit Precisely, My Brow Wax Eyebrow Gel N 2 Light",
        "brand_name": "Benefit",
        "brand_url": "https://shop.frankfurt-airport.com/en-US/brand/benefit",
        "retailer_name": "Frankfurt Duty Free",
        "retailer_url": "https://shop.frankfurt-airport.com/en-US/retailer/heinemann",
        "price": "\u20ac29.99",
        "price_per_quantity": "\u20ac599.80 / 100  g",
        "description": "Color that\u2019s bold with a powerful hold! A lightweight, full-pigment sculpting brow gel. It precisely sculpts and shapes brows in place and gives instant payoff for rich, natural-looking color. The innovative precision applicator is dual-sided for the ultimate combination of color and control!Color that\u2019s bold with a powerful hold! A lightweight, full-pigment sculpting brow gel. It precisely sculpts and shapes brows in place and gives instant payoff for rich, natural-looking color. The innovative precision applicator is dual-sided for the ultimate combination of color and control!",
        "additional_information": "{\n    \"Order Amount\": \"5 g\",\n    \"made in\": \"Italy\",\n    \"Item Number\": \"1613287\",\n    \"Product Series\": \"Precisely, My Brow Wax\",\n    \"Net Weight\": \"0.005 kg\",\n    \"Package Height\": \"12.1 cm\",\n    \"Package Length\": \"2 cm\",\n    \"Package Width\": \"2 cm\"\n}"
    },
    {
        "product_name": "Benefit Precisely, My Brow Wax Eyebrow Gel N 3 Medium",
        "brand_name": "Benefit",
        "brand_url": "https://shop.frankfurt-airport.com/en-US/brand/benefit",
        "retailer_name": "Frankfurt Duty Free",
        "retailer_url": "https://shop.frankfurt-airport.com/en-US/retailer/heinemann",
        "price": "\u20ac29.99",
        "price_per_quantity": "\u20ac599.80 / 100  g",
        "description": "Color that\u2019s bold with a powerful hold! A lightweight, full-pigment sculpting brow gel. It precisely sculpts and shapes brows in place and gives instant payoff for rich, natural-looking color. The innovative precision applicator is dual-sided for the ultimate combination of color and control!Color that\u2019s bold with a powerful hold! A lightweight, full-pigment sculpting brow gel. It precisely sculpts and shapes brows in place and gives instant payoff for rich, natural-looking color. The innovative precision applicator is dual-sided for the ultimate combination of color and control!",
        "additional_information": "{\n    \"Order Amount\": \"5 g\",\n    \"made in\": \"Italy\",\n    \"Item Number\": \"1613286\",\n    \"Manufacturer Color\": \"No. 3 - MEDIUM\",\n    \"Product Series\": \"Precisely, My Brow Wax\",\n    \"Net Weight\": \"0.005 kg\",\n    \"Package Height\": \"12.1 cm\",\n    \"Package Length\": \"2 cm\",\n    \"Package Width\": \"2 cm\"\n}"
    },
    {
        "product_name": "Benefit BADgal Bang Waterproof Mascara Black",
        "brand_name": "Benefit",
        "brand_url": "https://shop.frankfurt-airport.com/en-US/brand/benefit",
        "retailer_name": "Frankfurt Duty Free",
        "retailer_url": "https://shop.frankfurt-airport.com/en-US/retailer/heinemann",
        "price": "\u20ac26.99",
        "price_per_quantity": "\u20ac317.53 / 100  g",
        "description": "WEIGHTLESS VOLUME GOES WATERPROOF, Same 36-hour* FULL BLAST VOLUME Waterproof* volumizing formula that won\u2019t weigh down lashes",
        "additional_information": "{\n    \"Order Amount\": \"8.5 g\",\n    \"made in\": \"France\",\n    \"Item Number\": \"1514079\",\n    \"Manufacturer Color\": \"BLACK\",\n    \"Product Series\": \"BADgal\",\n    \"Net Weight\": \"0.009 kg\",\n    \"Package Height\": \"14 cm\",\n    \"Package Length\": \"2 cm\",\n    \"Package Width\": \"2 cm\"\n}"
    },
    {
        "product_name": "Benefit Badgal Bounce Mascara",
        "brand_name": "Benefit",
        "brand_url": "https://shop.frankfurt-airport.com/en-US/brand/benefit",
        "retailer_name": "Frankfurt Duty Free",
        "retailer_url": "https://shop.frankfurt-airport.com/en-US/retailer/heinemann",
        "price": "\u20ac26.99",
        "price_per_quantity": "\u20ac317.53 / 100  g",
        "description": "BADgals everywhere are bouncing off the walls for this ultra-light, ultra-volumizing mascaraBADgals everywhere are bouncing off the walls for this ultra-light, ultra-volumizing mascara",
        "additional_information": "{\n    \"Order Amount\": \"8.5 g\",\n    \"made in\": \"Italy\",\n    \"Item Number\": \"1679508\",\n    \"Manufacturer Color\": \"Black\",\n    \"Product Series\": \"BADgal\",\n    \"Net Weight\": \"0.009 kg\",\n    \"Package Height\": \"14.1 cm\",\n    \"Package Length\": \"2.1 cm\",\n    \"Package Width\": \"2.1 cm\"\n}"
    },
    {
        "product_name": "Benefit Badgal Bounce Mascara Mini",
        "brand_name": "Benefit",
        "brand_url": "https://shop.frankfurt-airport.com/en-US/brand/benefit",
        "retailer_name": "Frankfurt Duty Free",
        "retailer_url": "https://shop.frankfurt-airport.com/en-US/retailer/heinemann",
        "price": "\u20ac14.99",
        "price_per_quantity": "\u20ac374.75 / 100  g",
        "description": "BADgals everywhere are bouncing off the walls for this ultra-light, ultra-volumizing mascaraBADgals everywhere are bouncing off the walls for this ultra-light, ultra-volumizing mascara",
        "additional_information": "{\n    \"Order Amount\": \"4 g\",\n    \"made in\": \"Italy\",\n    \"Item Number\": \"1679509\",\n    \"Manufacturer Color\": \"Black\",\n    \"Product Series\": \"BADgal\",\n    \"Net Weight\": \"0.004 kg\",\n    \"Package Height\": \"9.2 cm\",\n    \"Package Length\": \"2.25 cm\",\n    \"Package Width\": \"2.25 cm\"\n}"
    },
    {
        "product_name": "Benefit Precisely, My Brow Wax Eyebrow Gel N 4.5",
        "brand_name": "Benefit",
        "brand_url": "https://shop.frankfurt-airport.com/en-US/brand/benefit",
        "retailer_name": "Frankfurt Duty Free",
        "retailer_url": "https://shop.frankfurt-airport.com/en-US/retailer/heinemann",
        "price": "\u20ac29.99",
        "price_per_quantity": "\u20ac599.80 / 100  g",
        "description": "Color that\u2019s bold with a powerful hold! A lightweight, full-pigment sculpting brow gel. It precisely sculpts and shapes brows in place and gives instant payoff for rich, natural-looking color. The innovative precision applicator is dual-sided for the ultimate combination of color and control!Color that\u2019s bold with a powerful hold! A lightweight, full-pigment sculpting brow gel. It precisely sculpts and shapes brows in place and gives instant payoff for rich, natural-looking color. The innovative precision applicator is dual-sided for the ultimate combination of color and control!",
        "additional_information": "{\n    \"Order Amount\": \"5 g\",\n    \"made in\": \"Italy\",\n    \"Item Number\": \"1613283\",\n    \"Manufacturer Color\": \"4,5\",\n    \"Product Series\": \"Precisely, My Brow Wax\",\n    \"Net Weight\": \"0.005 kg\",\n    \"Package Height\": \"12.1 cm\",\n    \"Package Length\": \"2 cm\",\n    \"Package Width\": \"2 cm\"\n}"
    },
    {
        "product_name": "Benefit Gimme Brow Eyebrow Volume Pencil N 3",
        "brand_name": "Benefit",
        "brand_url": "https://shop.frankfurt-airport.com/en-US/brand/benefit",
        "retailer_name": "Frankfurt Duty Free",
        "retailer_url": "https://shop.frankfurt-airport.com/en-US/retailer/heinemann",
        "price": "\u20ac29.99",
        "price_per_quantity": "\u20ac2,499.17 / 100  g",
        "description": "Packed with tiny fibers, this powder pencil\u00a0adheres to skin & hairs to\u00a0volumize, fill &\u00a0define\u00a0brows.",
        "additional_information": "{\n    \"Order Amount\": \"1.2 g\",\n    \"made in\": \"Czech Republic\",\n    \"Item Number\": \"1518776\",\n    \"Manufacturer Color\": \"No. 3 - NEUTRAL LIGHT BROW\",\n    \"Product Series\": \"Gimme Brow\",\n    \"Net Weight\": \"0.001 kg\",\n    \"Package Height\": \"17.5 cm\",\n    \"Package Length\": \"1.55 cm\",\n    \"Package Width\": \"1.5 cm\"\n}"
    },
    {
        "product_name": "Benefit the POREfessional Clay Mask Mini 30 ml",
        "brand_name": "Benefit",
        "brand_url": "https://shop.frankfurt-airport.com/en-US/brand/benefit",
        "retailer_name": "Frankfurt Duty Free",
        "retailer_url": "https://shop.frankfurt-airport.com/en-US/retailer/heinemann",
        "price": "\u20ac19.99",
        "price_per_quantity": "\u20ac66.63 / 100  ml",
        "description": "Retreat yourself (and your pores) to this pore-clearing, oh-so-comfortable clay mask. Spot the dots that appear as the mask dries to  see oil being drawn out of pores, then rinse to reveal visibly refined, unclogged pores and mattified, healthy-looking skin. The best part? Skin feels comfortable during application and afterwards too, so you\u2019ll feel just as good as your pores look.Retreat yourself (and your pores) to this pore-clearing, oh-so-comfortable clay mask. Spot the dots that appear as the mask dries to  see oil being drawn out of pores, then rinse to reveal visibly refined, unclogged pores and mattified, healthy-looking skin. The best part? Skin feels comfortable during application and afterwards too, so you\u2019ll feel just as good as your pores look.",
        "additional_information": "{\n    \"Order Amount\": \"30 ml\",\n    \"Warning Hints\": \"Avoid eye contact. Keep away from direct heat and sunlight.\",\n    \"Item Number\": \"1568636\",\n    \"Product Series\": \"the POREfessional\",\n    \"Net Weight\": \"0.03 kg\",\n    \"Package Height\": \"3.6 cm\",\n    \"Package Length\": \"6.1 cm\",\n    \"Package Width\": \"6.1 cm\"\n}"
    },
    {
        "product_name": "Benefit the POREfessional Powder 77 g",
        "brand_name": "Benefit",
        "brand_url": "https://shop.frankfurt-airport.com/en-US/brand/benefit",
        "retailer_name": "Frankfurt Duty Free",
        "retailer_url": "https://shop.frankfurt-airport.com/en-US/retailer/heinemann",
        "price": "\u20ac36.99",
        "price_per_quantity": "\u20ac48.04 / 100  g",
        "description": "Power moves: declining meetings that could have been an email, getting all dressed up for a \u201ccasual\u201d night in, and... wearing this superfine loose setting powder. What makes it so powerful? For starters, it locks on makeup, keeps shine in check all day, and blurs  pores. Plus, the silky-soft formula floats weightlessly over skin for a seamless, natural-matte finish and doesn\u2019t leave things dry or cakey. Talk about a flex.Power moves: declining meetings that could have been an email, getting all dressed up for a \u201ccasual\u201d night in, and... wearing this superfine loose setting powder. What makes it so powerful? For starters, it locks on makeup, keeps shine in check all day, and blurs  pores. Plus, the silky-soft formula floats weightlessly over skin for a seamless, natural-matte finish and doesn\u2019t leave things dry or cakey. Talk about a flex.",
        "additional_information": "{\n    \"Order Amount\": \"77 g\",\n    \"made in\": \"Italy\",\n    \"Warning Hints\": \"Avoid eye contact. Keep away from direct heat and sunlight.\",\n    \"Item Number\": \"1639261\",\n    \"Product Series\": \"the POREfessional\",\n    \"Net Weight\": \"0.077 kg\",\n    \"Package Height\": \"7.3 cm\",\n    \"Package Length\": \"4 cm\",\n    \"Package Width\": \"7.2 cm\"\n}"
    },
    {
        "product_name": "Benefit the POREfessional Lite Primer Translucent 22 g",
        "brand_name": "Benefit",
        "brand_url": "https://shop.frankfurt-airport.com/en-US/brand/benefit",
        "retailer_name": "Frankfurt Duty Free",
        "retailer_url": "https://shop.frankfurt-airport.com/en-US/retailer/heinemann",
        "price": "\u20ac37.99",
        "price_per_quantity": "\u20ac172.68 / 100  ml",
        "description": "Float on cloud nine with this light-as-air pore primer! This undetectable, lightweight pore primer instantly blurs & refines the look of pores, helps makeup apply evenly & stay put all day, and feels weightless & breathable. \u2022 73% water-based formula for gentle , cloudlike lightness \u2022 98% said it feels like nothing on skin* \u2022 12-hour longwear, 12-hour pore-blurring** \u2022 Refreshing, cooling sensation \u2022 No silicone, no fragrance, suitable for sensitive skin***Float on cloud nine with this light-as-air pore primer! This undetectable, lightweight pore primer instantly blurs & refines the look of pores, helps makeup apply evenly & stay put all day, and feels weightless & breathable. \u2022 73% water-based formula for gentle , cloudlike lightness \u2022 98% said it feels like nothing on skin* \u2022 12-hour longwear, 12-hour pore-blurring** \u2022 Refreshing, cooling sensation \u2022 No silicone, no fragrance, suitable for sensitive skin***",
        "additional_information": "{\n    \"Order Amount\": \"22 ml\",\n    \"made in\": \"Italy\",\n    \"Item Number\": \"1513932\",\n    \"Manufacturer Color\": \"NEUTRAL\",\n    \"Product Series\": \"the POREfessional\",\n    \"Net Weight\": \"0.022 kg\",\n    \"Package Height\": \"12.5 cm\",\n    \"Package Length\": \"2.72 cm\",\n    \"Package Width\": \"2.72 cm\"\n}"
    },
    {
        "product_name": "Benefit Precisely, My Brow Wax Eyebrow Gel N 5 Deep",
        "brand_name": "Benefit",
        "brand_url": "https://shop.frankfurt-airport.com/en-US/brand/benefit",
        "retailer_name": "Frankfurt Duty Free",
        "retailer_url": "https://shop.frankfurt-airport.com/en-US/retailer/heinemann",
        "price": "\u20ac29.99",
        "price_per_quantity": "\u20ac599.80 / 100  g",
        "description": "Color that\u2019s bold with a powerful hold! A lightweight, full-pigment sculpting brow gel. It precisely sculpts and shapes brows in place and gives instant payoff for rich, natural-looking color. The innovative precision applicator is dual-sided for the ultimate combination of color and control!Color that\u2019s bold with a powerful hold! A lightweight, full-pigment sculpting brow gel. It precisely sculpts and shapes brows in place and gives instant payoff for rich, natural-looking color. The innovative precision applicator is dual-sided for the ultimate combination of color and control!",
        "additional_information": "{\n    \"Order Amount\": \"5 g\",\n    \"made in\": \"Italy\",\n    \"Item Number\": \"1613282\",\n    \"Manufacturer Color\": \"No. 5 - DEEP\",\n    \"Product Series\": \"Precisely, My Brow Wax\",\n    \"Net Weight\": \"0.005 kg\",\n    \"Package Height\": \"12.1 cm\",\n    \"Package Length\": \"2 cm\",\n    \"Package Width\": \"2 cm\"\n}"
    },
    {
        "product_name": "Benefit Dandelion Twinkle Blush 2022 Box of Powder Pink",
        "brand_name": "Benefit",
        "brand_url": "https://shop.frankfurt-airport.com/en-US/brand/benefit",
        "retailer_name": "Frankfurt Duty Free",
        "retailer_url": "https://shop.frankfurt-airport.com/en-US/retailer/heinemann",
        "price": "\u20ac33.99",
        "price_per_quantity": "\u20ac1,133.00 / 100  g",
        "description": "Get your glow on with\u00a0Dandelion Twinkle\u00a0superfine highlighting powder. Special baked technology delivers a strobing formula for a sheer, whisper-light texture. Wear it alone or on top of your favorite blush or powder and step into the dreamy spotlight.Get your glow on with\u00a0Dandelion Twinkle\u00a0superfine highlighting powder. Special baked technology delivers a strobing formula for a sheer, whisper-light texture. Wear it alone or on top of your favorite blush or powder and step into the dreamy spotlight.",
        "additional_information": "{\n    \"Order Amount\": \"3 g\",\n    \"made in\": \"Italy\",\n    \"Item Number\": \"1514167\",\n    \"Manufacturer Color\": \"No. 319 - PINK\",\n    \"Product Series\": \"Dandelion\",\n    \"Net Weight\": \"0.003 kg\",\n    \"Package Height\": \"2 cm\",\n    \"Package Length\": \"5.7 cm\",\n    \"Package Width\": \"5.7 cm\"\n}"
    },
    {
        "product_name": "Benefit Make-Up Set",
        "brand_name": "Benefit",
        "brand_url": "https://shop.frankfurt-airport.com/en-US/brand/benefit",
        "retailer_name": "Frankfurt Duty Free",
        "retailer_url": "https://shop.frankfurt-airport.com/en-US/retailer/heinemann",
        "price": "\u20ac54.99",
        "price_per_quantity": "",
        "description": "Twice as Precise! For double brow power, our Precisely, My Brow Pencil is now available in a double pack. Our Precisely, My Brow Pencil scores with its ultra-fine lead and bold, yet blendable color that lasts up to twelve hours: With particularly delicate strokes, the eyebrow pencil fills in gaps for precisely defined brows that look absolutely natural. A few hair-thin strokes with this extremely thin pencil turn shapeless and sparse brows into lush and perfectly shaped triumphant arches in an instant!Twice as Precise! For double brow power, our Precisely, My Brow Pencil is now available in a double pack. Our Precisely, My Brow Pencil scores with its ultra-fine lead and bold, yet blendable color that lasts up to twelve hours: With particularly delicate strokes, the eyebrow pencil fills in gaps for precisely defined brows that look absolutely natural. A few hair-thin strokes with this extremely thin pencil turn shapeless and sparse brows into lush and perfectly shaped triumphant arches in an instant!",
        "additional_information": "{\n    \"made in\": \"Japan\",\n    \"Warning Hints\": \"Avoid eye contact. Keep away from direct heat and sunlight.\",\n    \"Item Number\": \"1437504\",\n    \"Product Series\": \"Make-Up Set\",\n    \"Net Weight\": \"0.002 kg\",\n    \"Package Height\": \"17.2 cm\",\n    \"Package Length\": \"5.05 cm\",\n    \"Package Width\": \"1.65 cm\"\n}"
    },
    {
        "product_name": "Benefit the POREfessional Matte Primer 30 ml",
        "brand_name": "Benefit",
        "brand_url": "https://shop.frankfurt-airport.com/en-US/brand/benefit",
        "retailer_name": "Frankfurt Duty Free",
        "retailer_url": "https://shop.frankfurt-airport.com/en-US/retailer/heinemann",
        "price": "\u20ac32.99",
        "price_per_quantity": "\u20ac109.97 / 100  ml",
        "description": "You know that dreaded late afternoon makeup meltdown? Yeah, we\u2019ve all been there. But if feelin\u2019 like an oil slick gives you the ick , then we\u2019ve got just the thing and then some. This lightweight primer does it all: blurs the look of pores, helps makeup stay put, and instantly absorbs excess oil for a lasting natural-matte finish. And thanks to some star ingredients, the more you use it, the better your skin looks. Mattified AND damn good skin? Better get used to it.You know that dreaded late afternoon makeup meltdown? Yeah, we\u2019ve all been there. But if feelin\u2019 like an oil slick gives you the ick , then we\u2019ve got just the thing and then some. This lightweight primer does it all: blurs the look of pores, helps makeup stay put, and instantly absorbs excess oil for a lasting natural-matte finish. And thanks to some star ingredients, the more you use it, the better your skin looks. Mattified AND damn good skin? Better get used to it.",
        "additional_information": "{\n    \"Order Amount\": \"30 ml\",\n    \"made in\": \"Italy\",\n    \"Warning Hints\": \"Avoid eye contact. Keep away from direct heat and sunlight.\",\n    \"Item Number\": \"1639263\",\n    \"Product Series\": \"the POREfessional\",\n    \"Net Weight\": \"0.03 kg\",\n    \"Package Height\": \"12.3 cm\",\n    \"Package Length\": \"2.6 cm\",\n    \"Package Width\": \"2.6 cm\"\n}"
    },
    {
        "product_name": "Benefit Make-Up Set",
        "brand_name": "Benefit",
        "brand_url": "https://shop.frankfurt-airport.com/en-US/brand/benefit",
        "retailer_name": "Frankfurt Duty Free",
        "retailer_url": "https://shop.frankfurt-airport.com/en-US/retailer/heinemann",
        "price": "\u20ac84.99",
        "price_per_quantity": "",
        "description": "High-flyin\u2019 hits!Take your beauty bag to new heights with this set of FULL-SIZE BENEFIT bestsellers! Features The POREfessional primer for smoother-than-smooth skin, BADgal BANG! Mascara for big, bad volumized lashes and Gimme Brow+ brow gel for fuller-looking brows.High-flyin\u2019 hits!Take your beauty bag to new heights with this set of FULL-SIZE BENEFIT bestsellers! Features The POREfessional primer for smoother-than-smooth skin, BADgal BANG! Mascara for big, bad volumized lashes and Gimme Brow+ brow gel for fuller-looking brows.",
        "additional_information": "{\n    \"made in\": \"Usa\",\n    \"Item Number\": \"1581220\",\n    \"Product Series\": \"Make-Up Set\",\n    \"Net Weight\": \"0.034 kg\",\n    \"Package Height\": \"10.2 cm\",\n    \"Package Length\": \"15 cm\",\n    \"Package Width\": \"5 cm\"\n}"
    },
    {
        "product_name": "Benefit Mighty Fine Brow Eyebrow Pencil N 3,5",
        "brand_name": "Benefit",
        "brand_url": "https://shop.frankfurt-airport.com/en-US/brand/benefit",
        "retailer_name": "Frankfurt Duty Free",
        "retailer_url": "https://shop.frankfurt-airport.com/en-US/retailer/heinemann",
        "price": "\u20ac26.99",
        "price_per_quantity": "\u20ac5,398.00 / 100  ml",
        "description": "First to market brow pen with a 3-prong brush tip for easy, one-step application.First to market brow pen with a 3-prong brush tip for easy, one-step application.",
        "additional_information": "{\n    \"Order Amount\": \"0.5 ml\",\n    \"made in\": \"Japan\",\n    \"Item Number\": \"1679524\",\n    \"Manufacturer Color\": \"3,5\",\n    \"Product Series\": \"Mighty\",\n    \"Net Weight\": \"0.001 kg\",\n    \"Package Height\": \"15 cm\",\n    \"Package Length\": \"1.5 cm\",\n    \"Package Width\": \"1.5 cm\"\n}"
    },
    {
        "product_name": "Benefit the POREfessional Powder Mini 52 g",
        "brand_name": "Benefit",
        "brand_url": "https://shop.frankfurt-airport.com/en-US/brand/benefit",
        "retailer_name": "Frankfurt Duty Free",
        "retailer_url": "https://shop.frankfurt-airport.com/en-US/retailer/heinemann",
        "price": "\u20ac19.99",
        "price_per_quantity": "\u20ac38.44 / 100  g",
        "description": "Power moves: declining meetings that could have been an email, getting all dressed up for a \u201ccasual\u201d night in, and... wearing this superfine loose setting powder. What makes it so powerful? For starters, it locks on makeup, keeps shine in check all day, and blurs  pores. Plus, the silky-soft formula floats weightlessly over skin for a seamless, natural-matte finish and doesn\u2019t leave things dry or cakey. Talk about a flex.Power moves: declining meetings that could have been an email, getting all dressed up for a \u201ccasual\u201d night in, and... wearing this superfine loose setting powder. What makes it so powerful? For starters, it locks on makeup, keeps shine in check all day, and blurs  pores. Plus, the silky-soft formula floats weightlessly over skin for a seamless, natural-matte finish and doesn\u2019t leave things dry or cakey. Talk about a flex.",
        "additional_information": "{\n    \"Order Amount\": \"52 g\",\n    \"made in\": \"Italy\",\n    \"Warning Hints\": \"Avoid eye contact. Keep away from direct heat and sunlight.\",\n    \"Item Number\": \"1639262\",\n    \"Product Series\": \"the POREfessional\",\n    \"Net Weight\": \"0.052 kg\",\n    \"Package Height\": \"6.4 cm\",\n    \"Package Length\": \"3.7 cm\",\n    \"Package Width\": \"6.2 cm\"\n}"
    },
    {
        "product_name": "Benefit Gimme Brow Eyebrow Volume Pencil N 2",
        "brand_name": "Benefit",
        "brand_url": "https://shop.frankfurt-airport.com/en-US/brand/benefit",
        "retailer_name": "Frankfurt Duty Free",
        "retailer_url": "https://shop.frankfurt-airport.com/en-US/retailer/heinemann",
        "price": "\u20ac29.99",
        "price_per_quantity": "\u20ac2,499.17 / 100  g",
        "description": "Packed with tiny fibers, this powder pencil\u00a0adheres to skin & hairs to\u00a0volumize, fill &\u00a0define\u00a0brows.",
        "additional_information": "{\n    \"Order Amount\": \"1.2 g\",\n    \"made in\": \"Czech Republic\",\n    \"Item Number\": \"1518772\",\n    \"Manufacturer Color\": \"No. 2\",\n    \"Product Series\": \"Gimme Brow\",\n    \"Net Weight\": \"0.001 kg\",\n    \"Package Height\": \"17.5 cm\",\n    \"Package Length\": \"1.55 cm\",\n    \"Package Width\": \"1.5 cm\"\n}"
    },
    {
        "product_name": "Benefit Precisely, My Brow Wax Eyebrow Gel N 6 Deep",
        "brand_name": "Benefit",
        "brand_url": "https://shop.frankfurt-airport.com/en-US/brand/benefit",
        "retailer_name": "Frankfurt Duty Free",
        "retailer_url": "https://shop.frankfurt-airport.com/en-US/retailer/heinemann",
        "price": "\u20ac29.99",
        "price_per_quantity": "\u20ac599.80 / 100  g",
        "description": "Color that\u2019s bold with a powerful hold! A lightweight, full-pigment sculpting brow gel. It precisely sculpts and shapes brows in place and gives instant payoff for rich, natural-looking color. The innovative precision applicator is dual-sided for the ultimate combination of color and control!Color that\u2019s bold with a powerful hold! A lightweight, full-pigment sculpting brow gel. It precisely sculpts and shapes brows in place and gives instant payoff for rich, natural-looking color. The innovative precision applicator is dual-sided for the ultimate combination of color and control!",
        "additional_information": "{\n    \"Order Amount\": \"5 g\",\n    \"made in\": \"Italy\",\n    \"Item Number\": \"1613281\",\n    \"Manufacturer Color\": \"No. 6 - DEEP\",\n    \"Product Series\": \"Precisely, My Brow Wax\",\n    \"Net Weight\": \"0.005 kg\",\n    \"Package Height\": \"12.1 cm\",\n    \"Package Length\": \"2 cm\",\n    \"Package Width\": \"2 cm\"\n}"
    },
    {
        "product_name": "Benefit Fan Fest Mini Mascara Black",
        "brand_name": "Benefit",
        "brand_url": "https://shop.frankfurt-airport.com/en-US/brand/benefit",
        "retailer_name": "Frankfurt Duty Free",
        "retailer_url": "https://shop.frankfurt-airport.com/en-US/retailer/heinemann",
        "price": "\u20ac15.99",
        "price_per_quantity": "\u20ac399.75 / 100  g",
        "description": "What if your mascara could take you on an unbelievable lash trip? One hit of Fan Fest and suddenly you\u2019re the main character in your  very own beautifully surreal lash FAN-tasy. See your lashes transform right before your eyes. Fanning, multiplying and amplifying to create sensationalized, volumized, fully fanned-out lashes So, what are you waiting for?What if your mascara could take you on an unbelievable lash trip? One hit of Fan Fest and suddenly you\u2019re the main character in your  very own beautifully surreal lash FAN-tasy. See your lashes transform right before your eyes. Fanning, multiplying and amplifying to create sensationalized, volumized, fully fanned-out lashes So, what are you waiting for?",
        "additional_information": "{\n    \"Order Amount\": \"4 g\",\n    \"made in\": \"France\",\n    \"Item Number\": \"1581209\",\n    \"Manufacturer Color\": \"BLACK\",\n    \"Product Series\": \"Fan Fest\",\n    \"Net Weight\": \"0.004 kg\",\n    \"Package Height\": \"8.9 cm\",\n    \"Package Length\": \"2.1 cm\",\n    \"Package Width\": \"2.1 cm\"\n}"
    },
    {
        "product_name": "Benefit Blush 2022 Box of Powder Dandelion Light Pink",
        "brand_name": "Benefit",
        "brand_url": "https://shop.frankfurt-airport.com/en-US/brand/benefit",
        "retailer_name": "Frankfurt Duty Free",
        "retailer_url": "https://shop.frankfurt-airport.com/en-US/retailer/heinemann",
        "price": "\u20ac33.99",
        "price_per_quantity": "\u20ac566.50 / 100  g",
        "description": "Baby-Pink - A sheer, baby-pink face powder that takes your complexion from dull to radiant. Sweep it on cheeks as a soft blush or dust it all over face as a brightening finishing powder.Baby-Pink - A sheer, baby-pink face powder that takes your complexion from dull to radiant. Sweep it on cheeks as a soft blush or dust it all over face as a brightening finishing powder.",
        "additional_information": "{\n    \"Order Amount\": \"6 g\",\n    \"made in\": \"Usa\",\n    \"Item Number\": \"1514159\",\n    \"Manufacturer Color\": \"No. 300 - LIGHT PINK\",\n    \"Product Series\": \"Blush\",\n    \"Net Weight\": \"0.006 kg\",\n    \"Package Height\": \"1.85 cm\",\n    \"Package Length\": \"5.9 cm\",\n    \"Package Width\": \"5.9 cm\"\n}"
    },
    {
        "product_name": "Benefit Mighty Fine Brow Eyebrow Pencil N 3",
        "brand_name": "Benefit",
        "brand_url": "https://shop.frankfurt-airport.com/en-US/brand/benefit",
        "retailer_name": "Frankfurt Duty Free",
        "retailer_url": "https://shop.frankfurt-airport.com/en-US/retailer/heinemann",
        "price": "\u20ac26.99",
        "price_per_quantity": "\u20ac5,398.00 / 100  ml",
        "description": "First to market brow pen with a 3-prong brush tip for easy, one-step application.First to market brow pen with a 3-prong brush tip for easy, one-step application.",
        "additional_information": "{\n    \"Order Amount\": \"0.5 ml\",\n    \"made in\": \"Japan\",\n    \"Item Number\": \"1679525\",\n    \"Manufacturer Color\": \"No. 3\",\n    \"Product Series\": \"Mighty\",\n    \"Net Weight\": \"0.001 kg\",\n    \"Package Height\": \"15 cm\",\n    \"Package Length\": \"1.5 cm\",\n    \"Package Width\": \"1.5 cm\"\n}"
    },
    {
        "product_name": "Benefit Mighty Fine Brow Eyebrow Pencil N 4",
        "brand_name": "Benefit",
        "brand_url": "https://shop.frankfurt-airport.com/en-US/brand/benefit",
        "retailer_name": "Frankfurt Duty Free",
        "retailer_url": "https://shop.frankfurt-airport.com/en-US/retailer/heinemann",
        "price": "\u20ac26.99",
        "price_per_quantity": "\u20ac5,398.00 / 100  ml",
        "description": "First to market brow pen with a 3-prong brush tip for easy, one-step application.First to market brow pen with a 3-prong brush tip for easy, one-step application.",
        "additional_information": "{\n    \"Order Amount\": \"0.5 ml\",\n    \"made in\": \"Japan\",\n    \"Item Number\": \"1679523\",\n    \"Manufacturer Color\": \"No. 4\",\n    \"Product Series\": \"Mighty\",\n    \"Net Weight\": \"0.001 kg\",\n    \"Package Height\": \"15 cm\",\n    \"Package Length\": \"1.5 cm\",\n    \"Package Width\": \"1.5 cm\"\n}"
    },
    {
        "product_name": "Benefit Brush Eyebrow Pencil Powmade Brush",
        "brand_name": "Benefit",
        "brand_url": "https://shop.frankfurt-airport.com/en-US/brand/benefit",
        "retailer_name": "Frankfurt Duty Free",
        "retailer_url": "https://shop.frankfurt-airport.com/en-US/retailer/heinemann",
        "price": "\u20ac22.99",
        "price_per_quantity": "",
        "description": "Brows\u2019 best friend! Expertly apply brow pomades, powders & waxes with ease!\u00a0The\u00a0Dual-Ended Angled Eyebrow Brush\u00a0features\u00a0a\u00a0brush made of silky synthetic fibers that form short, stiff bristles at a steep angle for\u00a0precise, controlled application\u00a0and a\u00a0custom spoolie for\u00a0smooth, seamless blending.\u00a0A\u00a0grip close to the barrel\u00a0allows you to hold the brush with ultimate control.\u00a0Specially designed to pair perfectly with our\u00a0POWmade Brow Pomade!\u00a0Brows\u2019 best friend! Expertly apply brow pomades, powders & waxes with ease!\u00a0The\u00a0Dual-Ended Angled Eyebrow Brush\u00a0features\u00a0a\u00a0brush made of silky synthetic fibers that form short, stiff bristles at a steep angle for\u00a0precise, controlled application\u00a0and a\u00a0custom spoolie for\u00a0smooth, seamless blending.\u00a0A\u00a0grip close to the barrel\u00a0allows you to hold the brush with ultimate control.\u00a0Specially designed to pair perfectly with our\u00a0POWmade Brow Pomade!",
        "additional_information": "{\n    \"made in\": \"Vietnam\",\n    \"Item Number\": \"1514130\",\n    \"Product Series\": \"Brushes\",\n    \"Net Weight\": \"0.001 kg\",\n    \"Package Height\": \"1.2 cm\",\n    \"Package Length\": \"17.3 cm\",\n    \"Package Width\": \"2.8 cm\"\n}"
    },
    {
        "product_name": "Benefit the POREfessional Super Setter Spray Translucent 120 g",
        "brand_name": "Benefit",
        "brand_url": "https://shop.frankfurt-airport.com/en-US/brand/benefit",
        "retailer_name": "Frankfurt Duty Free",
        "retailer_url": "https://shop.frankfurt-airport.com/en-US/retailer/heinemann",
        "price": "\u20ac37.99",
        "price_per_quantity": "\u20ac31.66 / 100  ml",
        "description": "Super set makeup in seconds! This multitasking, microfine mist helps makeup stay put, minimizes the look of pores and leaves skin feeling smooth, refreshed & hydratedSuper set makeup in seconds! This multitasking, microfine mist helps makeup stay put, minimizes the look of pores and leaves skin feeling smooth, refreshed & hydrated",
        "additional_information": "{\n    \"Order Amount\": \"120 ml\",\n    \"made in\": \"Canada\",\n    \"Item Number\": \"1472386\",\n    \"Product Series\": \"the POREfessional\",\n    \"Net Weight\": \"0.12 kg\",\n    \"Package Height\": \"16 cm\",\n    \"Package Length\": \"4.6 cm\",\n    \"Package Width\": \"4.6 cm\"\n}"
    },
    {
        "product_name": "Benefit Mighty Fine Brow Eyebrow Pencil N 5",
        "brand_name": "Benefit",
        "brand_url": "https://shop.frankfurt-airport.com/en-US/brand/benefit",
        "retailer_name": "Frankfurt Duty Free",
        "retailer_url": "https://shop.frankfurt-airport.com/en-US/retailer/heinemann",
        "price": "\u20ac26.99",
        "price_per_quantity": "\u20ac5,398.00 / 100  ml",
        "description": "First to market brow pen with a 3-prong brush tip for easy, one-step application.First to market brow pen with a 3-prong brush tip for easy, one-step application.",
        "additional_information": "{\n    \"Order Amount\": \"0.5 ml\",\n    \"made in\": \"Japan\",\n    \"Item Number\": \"1679522\",\n    \"Manufacturer Color\": \"No. 5\",\n    \"Product Series\": \"Mighty\",\n    \"Net Weight\": \"0.001 kg\",\n    \"Package Height\": \"15.1 cm\",\n    \"Package Length\": \"1.6 cm\",\n    \"Package Width\": \"1.6 cm\"\n}"
    },
    {
        "product_name": "Benefit Hoola Blusch Box of Powder Beige",
        "brand_name": "Benefit",
        "brand_url": "https://shop.frankfurt-airport.com/en-US/brand/benefit",
        "retailer_name": "Frankfurt Duty Free",
        "retailer_url": "https://shop.frankfurt-airport.com/en-US/retailer/heinemann",
        "price": "\u20ac29.99",
        "price_per_quantity": "\u20ac374.88 / 100  g",
        "description": "All 4 shades of Benefit\u2019s award-winning bronzer feature the same soft, blendable formula and matte finish that made the original\u00a0Hoola\u00a0a cult-fave. The entire\u00a0Hoola\u00a0bronzer collection ranges from light to deep so you can sweep on a natural-looking bronze.All 4 shades of Benefit\u2019s award-winning bronzer feature the same soft, blendable formula and matte finish that made the original\u00a0Hoola\u00a0a cult-fave. The entire\u00a0Hoola\u00a0bronzer collection ranges from light to deep so you can sweep on a natural-looking bronze.",
        "additional_information": "{\n    \"Order Amount\": \"8 g\",\n    \"made in\": \"Usa\",\n    \"Item Number\": \"1514175\",\n    \"Manufacturer Color\": \"No. 318 - BEIGE\",\n    \"Product Series\": \"Hoola\",\n    \"Net Weight\": \"0.008 kg\",\n    \"Package Height\": \"2 cm\",\n    \"Package Length\": \"6 cm\",\n    \"Package Width\": \"6 cm\"\n}"
    },
    {
        "product_name": "Benefit the POREfessional Super Setter Setting Spray Mini N NA NA 30 ml",
        "brand_name": "Benefit",
        "brand_url": "https://shop.frankfurt-airport.com/en-US/brand/benefit",
        "retailer_name": "Frankfurt Duty Free",
        "retailer_url": "https://shop.frankfurt-airport.com/en-US/retailer/heinemann",
        "price": "\u20ac16.99",
        "price_per_quantity": "\u20ac56.63 / 100  ml",
        "description": "This multitasking, microfine mist locks on makeup for 16 hours*, instantly blurs pores and leaves skin feeling smooth, refreshed & hydrated. The water-based formula includes pore-blurring powders that softly scatter light** and visibly reduce shine for a natural-looking, soft-focus finish. The mess-free applicator mists on a smooth, even, featherlight cloud...no drops, spots or stickiness!This multitasking, microfine mist locks on makeup for 16 hours*, instantly blurs pores and leaves skin feeling smooth, refreshed & hydrated. The water-based formula includes pore-blurring powders that softly scatter light** and visibly reduce shine for a natural-looking, soft-focus finish. The mess-free applicator mists on a smooth, even, featherlight cloud...no drops, spots or stickiness!",
        "additional_information": "{\n    \"Order Amount\": \"30 ml\",\n    \"made in\": \"Canada\",\n    \"Item Number\": \"1472387\",\n    \"Product Series\": \"the POREfessional\",\n    \"Net Weight\": \"0.03 kg\",\n    \"Package Height\": \"13.8 cm\",\n    \"Package Length\": \"3.4 cm\",\n    \"Package Width\": \"3.4 cm\"\n}"
    },
    {
        "product_name": "Benefit BADgal Bang Mascara N M75 Power Blue",
        "brand_name": "Benefit",
        "brand_url": "https://shop.frankfurt-airport.com/en-US/brand/benefit",
        "retailer_name": "Frankfurt Duty Free",
        "retailer_url": "https://shop.frankfurt-airport.com/en-US/retailer/heinemann",
        "price": "\u20ac26.99",
        "price_per_quantity": "\u20ac317.53 / 100  g",
        "description": "BADgal BANG! 36 HOUR* FULL-BLAST volumizing mascara Custom big Slimpact! brush for BIG VOLUME WITH 360\u00b0 REACH! Gravity-defying formula\u00a0Aero-particlesBADgal BANG! 36 HOUR* FULL-BLAST volumizing mascara Custom big Slimpact! brush for BIG VOLUME WITH 360\u00b0 REACH! Gravity-defying formula\u00a0Aero-particles",
        "additional_information": "{\n    \"Order Amount\": \"8.5 g\",\n    \"made in\": \"France\",\n    \"Warning Hints\": \"Avoid eye contact. Keep away from direct heat and sunlight.\",\n    \"Item Number\": \"1626641\",\n    \"Manufacturer Color\": \"Power Blue\",\n    \"Product Series\": \"BADgal\",\n    \"Net Weight\": \"0.009 kg\",\n    \"Package Height\": \"14.5 cm\",\n    \"Package Length\": \"2.4 cm\",\n    \"Package Width\": \"2.4 cm\"\n}"
    },
    {
        "product_name": "Benefit the POREfessional Lite Primer Mini Translucent",
        "brand_name": "Benefit",
        "brand_url": "https://shop.frankfurt-airport.com/en-US/brand/benefit",
        "retailer_name": "Frankfurt Duty Free",
        "retailer_url": "https://shop.frankfurt-airport.com/en-US/retailer/heinemann",
        "price": "\u20ac15.99",
        "price_per_quantity": "\u20ac213.20 / 100  g",
        "description": "Float on cloud nine with this light-as-air pore primer! This undetectable, lightweight pore primer instantly blurs & refines the look of pores, helps makeup apply evenly & stay put all day, and feels weightless & breathable. \u2022 73% water-based formula for gentle , cloudlike lightness \u2022 98% said it feels like nothing on skin* \u2022 12-hour longwear, 12-hour pore-blurring** \u2022 Refreshing, cooling sensation \u2022 No silicone, no fragrance, suitable for sensitive skin***Float on cloud nine with this light-as-air pore primer! This undetectable, lightweight pore primer instantly blurs & refines the look of pores, helps makeup apply evenly & stay put all day, and feels weightless & breathable. \u2022 73% water-based formula for gentle , cloudlike lightness \u2022 98% said it feels like nothing on skin* \u2022 12-hour longwear, 12-hour pore-blurring** \u2022 Refreshing, cooling sensation \u2022 No silicone, no fragrance, suitable for sensitive skin***",
        "additional_information": "{\n    \"Order Amount\": \"7.5 g\",\n    \"made in\": \"Italy\",\n    \"Item Number\": \"1513934\",\n    \"Manufacturer Color\": \"TRANSLUCENT\",\n    \"Product Series\": \"the POREfessional\",\n    \"Net Weight\": \"0.008 kg\",\n    \"Package Height\": \"8.7 cm\",\n    \"Package Length\": \"2.6 cm\",\n    \"Package Width\": \"2.6 cm\"\n}"
    },
    {
        "product_name": "Benefit BADgal Bang Mascara N M77 Wild Plum",
        "brand_name": "Benefit",
        "brand_url": "https://shop.frankfurt-airport.com/en-US/brand/benefit",
        "retailer_name": "Frankfurt Duty Free",
        "retailer_url": "https://shop.frankfurt-airport.com/en-US/retailer/heinemann",
        "price": "\u20ac26.99",
        "price_per_quantity": "\u20ac317.53 / 100  g",
        "description": "BADgal BANG! 36 HOUR* FULL-BLAST volumizing mascara Custom big Slimpact! brush for BIG VOLUME WITH 360\u00b0 REACH! Gravity-defying formula\u00a0Aero-particlesBADgal BANG! 36 HOUR* FULL-BLAST volumizing mascara Custom big Slimpact! brush for BIG VOLUME WITH 360\u00b0 REACH! Gravity-defying formula\u00a0Aero-particles",
        "additional_information": "{\n    \"Order Amount\": \"8.5 g\",\n    \"made in\": \"France\",\n    \"Warning Hints\": \"Avoid eye contact. Keep away from direct heat and sunlight.\",\n    \"Item Number\": \"1626643\",\n    \"Manufacturer Color\": \"Wild Plum\",\n    \"Product Series\": \"BADgal\",\n    \"Net Weight\": \"0.009 kg\",\n    \"Package Height\": \"14.3 cm\",\n    \"Package Length\": \"2.5 cm\",\n    \"Package Width\": \"2.5 cm\"\n}"
    },
    {
        "product_name": "Benefit Precisely, My Brow Wax Eyebrow Gel N 4 Medium",
        "brand_name": "Benefit",
        "brand_url": "https://shop.frankfurt-airport.com/en-US/brand/benefit",
        "retailer_name": "Frankfurt Duty Free",
        "retailer_url": "https://shop.frankfurt-airport.com/en-US/retailer/heinemann",
        "price": "\u20ac29.99",
        "price_per_quantity": "\u20ac599.80 / 100  g",
        "description": "Color that\u2019s bold with a powerful hold! A lightweight, full-pigment sculpting brow gel. It precisely sculpts and shapes brows in place and gives instant payoff for rich, natural-looking color. The innovative precision applicator is dual-sided for the ultimate combination of color and control!Color that\u2019s bold with a powerful hold! A lightweight, full-pigment sculpting brow gel. It precisely sculpts and shapes brows in place and gives instant payoff for rich, natural-looking color. The innovative precision applicator is dual-sided for the ultimate combination of color and control!",
        "additional_information": "{\n    \"Order Amount\": \"5 g\",\n    \"made in\": \"Italy\",\n    \"Item Number\": \"1613284\",\n    \"Manufacturer Color\": \"No. 4 - MEDIUM\",\n    \"Product Series\": \"Precisely, My Brow Wax\",\n    \"Net Weight\": \"0.005 kg\",\n    \"Package Height\": \"12.1 cm\",\n    \"Package Length\": \"2 cm\",\n    \"Package Width\": \"2 cm\"\n}"
    },
    {
        "product_name": "Benefit Precisely, My Brow Wax Eyebrow Gel N 3.5",
        "brand_name": "Benefit",
        "brand_url": "https://shop.frankfurt-airport.com/en-US/brand/benefit",
        "retailer_name": "Frankfurt Duty Free",
        "retailer_url": "https://shop.frankfurt-airport.com/en-US/retailer/heinemann",
        "price": "\u20ac29.99",
        "price_per_quantity": "\u20ac599.80 / 100  g",
        "description": "Color that\u2019s bold with a powerful hold! A lightweight, full-pigment sculpting brow gel. It precisely sculpts and shapes brows in place and gives instant payoff for rich, natural-looking color. The innovative precision applicator is dual-sided for the ultimate combination of color and control!Color that\u2019s bold with a powerful hold! A lightweight, full-pigment sculpting brow gel. It precisely sculpts and shapes brows in place and gives instant payoff for rich, natural-looking color. The innovative precision applicator is dual-sided for the ultimate combination of color and control!",
        "additional_information": "{\n    \"Order Amount\": \"5 g\",\n    \"made in\": \"Italy\",\n    \"Item Number\": \"1613285\",\n    \"Manufacturer Color\": \"3,5\",\n    \"Product Series\": \"Precisely, My Brow Wax\",\n    \"Net Weight\": \"0.005 kg\",\n    \"Package Height\": \"12.1 cm\",\n    \"Package Length\": \"2 cm\",\n    \"Package Width\": \"2 cm\"\n}"
    },
    {
        "product_name": "Benefit BADgal Bang Mascara N M76 Rebel Brown",
        "brand_name": "Benefit",
        "brand_url": "https://shop.frankfurt-airport.com/en-US/brand/benefit",
        "retailer_name": "Frankfurt Duty Free",
        "retailer_url": "https://shop.frankfurt-airport.com/en-US/retailer/heinemann",
        "price": "\u20ac26.99",
        "price_per_quantity": "\u20ac317.53 / 100  g",
        "description": "BADgal BANG! 36 HOUR* FULL-BLAST volumizing mascara Custom big Slimpact! brush for BIG VOLUME WITH 360\u00b0 REACH! Gravity-defying formula\u00a0Aero-particlesBADgal BANG! 36 HOUR* FULL-BLAST volumizing mascara Custom big Slimpact! brush for BIG VOLUME WITH 360\u00b0 REACH! Gravity-defying formula\u00a0Aero-particles",
        "additional_information": "{\n    \"Order Amount\": \"8.5 g\",\n    \"made in\": \"France\",\n    \"Warning Hints\": \"Avoid eye contact. Keep away from direct heat and sunlight.\",\n    \"Item Number\": \"1626642\",\n    \"Manufacturer Color\": \"Rebel Brown\",\n    \"Product Series\": \"BADgal\",\n    \"Net Weight\": \"0.009 kg\",\n    \"Package Height\": \"14.5 cm\",\n    \"Package Length\": \"2.4 cm\",\n    \"Package Width\": \"2.4 cm\"\n}"
    },
    {
        "product_name": "Benefit Gimme Brow Eyebrow Volume Pencil N 4",
        "brand_name": "Benefit",
        "brand_url": "https://shop.frankfurt-airport.com/en-US/brand/benefit",
        "retailer_name": "Frankfurt Duty Free",
        "retailer_url": "https://shop.frankfurt-airport.com/en-US/retailer/heinemann",
        "price": "\u20ac29.99",
        "price_per_quantity": "\u20ac2,499.17 / 100  g",
        "description": "Packed with tiny fibers, this powder pencil\u00a0adheres to skin & hairs to\u00a0volumize, fill &\u00a0define\u00a0brows.",
        "additional_information": "{\n    \"Order Amount\": \"1.2 g\",\n    \"made in\": \"Czech Republic\",\n    \"Item Number\": \"1518792\",\n    \"Manufacturer Color\": \"No. 4 - WARM DEEP BROWN\",\n    \"Product Series\": \"Gimme Brow\",\n    \"Net Weight\": \"0.001 kg\",\n    \"Package Height\": \"17.5 cm\",\n    \"Package Length\": \"1.55 cm\",\n    \"Package Width\": \"1.5 cm\"\n}"
    },
    {
        "product_name": "Benefit Fan Fest Mascara Black",
        "brand_name": "Benefit",
        "brand_url": "https://shop.frankfurt-airport.com/en-US/brand/benefit",
        "retailer_name": "Frankfurt Duty Free",
        "retailer_url": "https://shop.frankfurt-airport.com/en-US/retailer/heinemann",
        "price": "\u20ac25.99",
        "price_per_quantity": "\u20ac305.76 / 100  g",
        "description": "What if your mascara could take you on an unbelievable lash trip? One hit of Fan Fest and suddenly you\u2019re the main character in your  very own beautifully surreal lash FAN-tasy. See your lashes transform right before your eyes. Fanning, multiplying and amplifying to create sensationalized, volumized, fully fanned-out lashes So, what are you waiting for?What if your mascara could take you on an unbelievable lash trip? One hit of Fan Fest and suddenly you\u2019re the main character in your  very own beautifully surreal lash FAN-tasy. See your lashes transform right before your eyes. Fanning, multiplying and amplifying to create sensationalized, volumized, fully fanned-out lashes So, what are you waiting for?",
        "additional_information": "{\n    \"Order Amount\": \"8.5 g\",\n    \"made in\": \"France\",\n    \"Item Number\": \"1581207\",\n    \"Manufacturer Color\": \"BLACK\",\n    \"Product Series\": \"Fan Fest\",\n    \"Net Weight\": \"0.009 kg\",\n    \"Package Height\": \"13.4 cm\",\n    \"Package Length\": \"2 cm\",\n    \"Package Width\": \"2 cm\"\n}"
    },
    {
        "product_name": "Benefit Make-Up Set",
        "brand_name": "Benefit",
        "brand_url": "https://shop.frankfurt-airport.com/en-US/brand/benefit",
        "retailer_name": "Frankfurt Duty Free",
        "retailer_url": "https://shop.frankfurt-airport.com/en-US/retailer/heinemann",
        "price": "\u20ac64.99",
        "price_per_quantity": "",
        "description": "Blush\u2019n brush buddies",
        "additional_information": "{\n    \"made in\": \"Italy\",\n    \"Item Number\": \"1581221\",\n    \"Product Series\": \"Make-Up Set\",\n    \"Net Weight\": \"0.063 kg\",\n    \"Package Height\": \"11.3 cm\",\n    \"Package Length\": \"8.2 cm\",\n    \"Package Width\": \"2.2 cm\"\n}"
    },
    {
        "product_name": "Benefit BOP Blush Willa Nude",
        "brand_name": "Benefit",
        "brand_url": "https://shop.frankfurt-airport.com/en-US/brand/benefit",
        "retailer_name": "Frankfurt Duty Free",
        "retailer_url": "https://shop.frankfurt-airport.com/en-US/retailer/heinemann",
        "price": "\u20ac33.99",
        "price_per_quantity": "\u20ac566.50 / 100  g",
        "description": "Soft Neutral-Rose BlushSoft Neutral-Rose Blush",
        "additional_information": "{\n    \"Order Amount\": \"6 g\",\n    \"made in\": \"Italy\",\n    \"Item Number\": \"1518912\",\n    \"Manufacturer Color\": \"No. 306 - NUDE\",\n    \"Product Series\": \"BOP\",\n    \"Net Weight\": \"0.006 kg\",\n    \"Package Height\": \"1.85 cm\",\n    \"Package Length\": \"5.9 cm\",\n    \"Package Width\": \"5.9 cm\"\n}"
    },
    {
        "product_name": "Benefit Gimme Brow Volumizing Fiber Gel Nr. Grey Cool Grey",
        "brand_name": "Benefit",
        "brand_url": "https://shop.frankfurt-airport.com/en-US/brand/benefit",
        "retailer_name": "Frankfurt Duty Free",
        "retailer_url": "https://shop.frankfurt-airport.com/en-US/retailer/heinemann",
        "price": "\u20ac29.99",
        "price_per_quantity": "\u20ac999.67 / 100  g",
        "description": "Brow-volumizing fiber gel Volumizes, tames, & tints brows Natural-looking & buildable Water-resistant & long-wearingBrow-volumizing fiber gel Volumizes, tames, & tints brows Natural-looking & buildable Water-resistant & long-wearing",
        "additional_information": "{\n    \"Order Amount\": \"3 g\",\n    \"made in\": \"Usa\",\n    \"Warning Hints\": \"Avoid eye contact. Keep away from direct heat and sunlight.\",\n    \"Item Number\": \"1436605\",\n    \"Manufacturer Color\": \"COOL GREY\",\n    \"Product Series\": \"Gimme Brow\",\n    \"Net Weight\": \"0.003 kg\",\n    \"Package Height\": \"2.15 cm\",\n    \"Package Length\": \"9 cm\",\n    \"Package Width\": \"2.3 cm\"\n}"
    },
    {
        "product_name": "Benefit the POREfessional Clay Mask 75 g",
        "brand_name": "Benefit",
        "brand_url": "https://shop.frankfurt-airport.com/en-US/brand/benefit",
        "retailer_name": "Frankfurt Duty Free",
        "retailer_url": "https://shop.frankfurt-airport.com/en-US/retailer/heinemann",
        "price": "\u20ac37.99",
        "price_per_quantity": "\u20ac50.65 / 100  ml",
        "description": "Retreat yourself (and your pores) to this pore-clearing, oh-so-comfortable clay mask. Spot the dots that appear as the mask dries to  see oil being drawn out of pores, then rinse to reveal visibly refined, unclogged pores and mattified, healthy-looking skin. The best part? Skin feels comfortable during application and afterwards too, so you\u2019ll feel just as good as your pores look.Retreat yourself (and your pores) to this pore-clearing, oh-so-comfortable clay mask. Spot the dots that appear as the mask dries to  see oil being drawn out of pores, then rinse to reveal visibly refined, unclogged pores and mattified, healthy-looking skin. The best part? Skin feels comfortable during application and afterwards too, so you\u2019ll feel just as good as your pores look.",
        "additional_information": "{\n    \"Order Amount\": \"75 ml\",\n    \"Warning Hints\": \"Avoid eye contact. Keep away from direct heat and sunlight.\",\n    \"Item Number\": \"1555763\",\n    \"Product Series\": \"the POREfessional\",\n    \"Net Weight\": \"0.075 kg\",\n    \"Package Height\": \"3.85 cm\",\n    \"Package Length\": \"6.9 cm\",\n    \"Package Width\": \"6.9 cm\"\n}"
    },
    {
        "product_name": "Benefit Make-Up Set",
        "brand_name": "Benefit",
        "brand_url": "https://shop.frankfurt-airport.com/en-US/brand/benefit",
        "retailer_name": "Frankfurt Duty Free",
        "retailer_url": "https://shop.frankfurt-airport.com/en-US/retailer/heinemann",
        "price": "\u20ac59.99",
        "price_per_quantity": "",
        "description": "Packin\u2019 POREfessionals",
        "additional_information": "{\n    \"made in\": \"Canada\",\n    \"Item Number\": \"1581218\",\n    \"Product Series\": \"Make-Up Set\",\n    \"Net Weight\": \"0.142 kg\",\n    \"Package Height\": \"16.4 cm\",\n    \"Package Length\": \"7.6 cm\",\n    \"Package Width\": \"4.8 cm\"\n}"
    },
    {
        "product_name": "Benefit Goof Proof Brow Powder N 4",
        "brand_name": "Benefit",
        "brand_url": "https://shop.frankfurt-airport.com/en-US/brand/benefit",
        "retailer_name": "Frankfurt Duty Free",
        "retailer_url": "https://shop.frankfurt-airport.com/en-US/retailer/heinemann",
        "price": "\u20ac25.99",
        "price_per_quantity": "\u20ac1,367.89 / 100  g",
        "description": "Easy Brow filling powder",
        "additional_information": "{\n    \"Order Amount\": \"1.9 g\",\n    \"made in\": \"France\",\n    \"Item Number\": \"1581214\",\n    \"Manufacturer Color\": \"No. 4\",\n    \"Product Series\": \"Goof Proof\",\n    \"Net Weight\": \"0.002 kg\",\n    \"Package Height\": \"1 cm\",\n    \"Package Length\": \"4.8 cm\",\n    \"Package Width\": \"4.9 cm\"\n}"
    },
    {
        "product_name": "Benefit Gimme Brow Eyebrow Volume Pencil N 3,5",
        "brand_name": "Benefit",
        "brand_url": "https://shop.frankfurt-airport.com/en-US/brand/benefit",
        "retailer_name": "Frankfurt Duty Free",
        "retailer_url": "https://shop.frankfurt-airport.com/en-US/retailer/heinemann",
        "price": "\u20ac29.99",
        "price_per_quantity": "\u20ac2,499.17 / 100  g",
        "description": "Packed with tiny fibers, this powder pencil\u00a0adheres to skin & hairs to\u00a0volumize, fill &\u00a0define\u00a0brows.",
        "additional_information": "{\n    \"Order Amount\": \"1.2 g\",\n    \"made in\": \"Czech Republic\",\n    \"Item Number\": \"1518778\",\n    \"Manufacturer Color\": \"WARM AUBURN BROWN\",\n    \"Product Series\": \"Gimme Brow\",\n    \"Net Weight\": \"0.001 kg\",\n    \"Package Height\": \"17.5 cm\",\n    \"Package Length\": \"1.55 cm\",\n    \"Package Width\": \"1.5 cm\"\n}"
    },
    {
        "product_name": "Benefit Goof Proof Brow Powder N 2",
        "brand_name": "Benefit",
        "brand_url": "https://shop.frankfurt-airport.com/en-US/brand/benefit",
        "retailer_name": "Frankfurt Duty Free",
        "retailer_url": "https://shop.frankfurt-airport.com/en-US/retailer/heinemann",
        "price": "\u20ac25.99",
        "price_per_quantity": "\u20ac1,367.89 / 100  g",
        "description": "Easy Brow filling powder",
        "additional_information": "{\n    \"Order Amount\": \"1.9 g\",\n    \"made in\": \"France\",\n    \"Item Number\": \"1581217\",\n    \"Manufacturer Color\": \"No. 2\",\n    \"Product Series\": \"Goof Proof\",\n    \"Net Weight\": \"0.002 kg\",\n    \"Package Height\": \"1 cm\",\n    \"Package Length\": \"4.8 cm\",\n    \"Package Width\": \"4.9 cm\"\n}"
    },
    {
        "product_name": "Benefit BOP Blush Shellie Mini",
        "brand_name": "Benefit",
        "brand_url": "https://shop.frankfurt-airport.com/en-US/brand/benefit",
        "retailer_name": "Frankfurt Duty Free",
        "retailer_url": "https://shop.frankfurt-airport.com/en-US/retailer/heinemann",
        "price": "\u20ac18.99",
        "price_per_quantity": "\u20ac759.60 / 100  g",
        "description": "Warm-Seashell Pink Blush Travel Size MiniWarm-Seashell Pink Blush Travel Size Mini",
        "additional_information": "{\n    \"Order Amount\": \"2.5 g\",\n    \"made in\": \"Italy\",\n    \"Item Number\": \"1518804\",\n    \"Manufacturer Color\": \"No. 315\",\n    \"Product Series\": \"BOP\",\n    \"Net Weight\": \"0.003 kg\",\n    \"Package Height\": \"2.8 cm\",\n    \"Package Length\": \"4.9 cm\",\n    \"Package Width\": \"4.8 cm\"\n}"
    },
    {
        "product_name": "Benefit Gimme Brow Eyebrow Volume Pencil N 5",
        "brand_name": "Benefit",
        "brand_url": "https://shop.frankfurt-airport.com/en-US/brand/benefit",
        "retailer_name": "Frankfurt Duty Free",
        "retailer_url": "https://shop.frankfurt-airport.com/en-US/retailer/heinemann",
        "price": "\u20ac29.99",
        "price_per_quantity": "\u20ac2,499.17 / 100  g",
        "description": "Packed with tiny fibers, this powder pencil\u00a0adheres to skin & hairs to\u00a0volumize, fill &\u00a0define\u00a0brows.",
        "additional_information": "{\n    \"Order Amount\": \"1.2 g\",\n    \"made in\": \"Czech Republic\",\n    \"Item Number\": \"1518796\",\n    \"Manufacturer Color\": \"No. 5 - COOL BLACK-BROWN\",\n    \"Product Series\": \"Gimme Brow\",\n    \"Net Weight\": \"0.001 kg\",\n    \"Package Height\": \"17.5 cm\",\n    \"Package Length\": \"1.55 cm\",\n    \"Package Width\": \"1.5 cm\"\n}"
    },
    {
        "product_name": "Benefit Fluff up Brow Wax Mini",
        "brand_name": "Benefit",
        "brand_url": "https://shop.frankfurt-airport.com/en-US/brand/benefit",
        "retailer_name": "Frankfurt Duty Free",
        "retailer_url": "https://shop.frankfurt-airport.com/en-US/retailer/heinemann",
        "price": "\u20ac17.99",
        "price_per_quantity": "\u20ac599.67 / 100  ml",
        "description": "The Good Fluff Fluff Up Brow Wax is a clear, crunch-free and creamy flex-wax that creates fluffy, full and natural-looking brows. How the fluff does it work? The specially developed bristle brush evenly deposits a thin layer of lightweight wax throughout brows. The formula is buildable with reworkable hold for versatile shaping before drying down clear with a natural-matte finish. The end look: fluffy, feathered and texturized brows that last 12 hours*. Flake-free and crunch-free 12-hour longwear Waterproof, sweatproof and humidity-proof 93% said it easily feathers brows 97% said it has reworkable hold 96% said brows look fullerThe Good Fluff Fluff Up Brow Wax is a clear, crunch-free and creamy flex-wax that creates fluffy, full and natural-looking brows. How the fluff does it work? The specially developed bristle brush evenly deposits a thin layer of lightweight wax throughout brows. The formula is buildable with reworkable hold for versatile shaping before drying down clear with a natural-matte finish. The end look: fluffy, feathered and texturized brows that last 12 hours*. Flake-free and crunch-free 12-hour longwear Waterproof, sweatproof and humidity-proof 93% said it easily feathers brows 97% said it has reworkable hold 96% said brows look fuller",
        "additional_information": "{\n    \"Order Amount\": \"3 ml\",\n    \"made in\": \"Italy\",\n    \"Warning Hints\": \"Avoid eye contact. Keep away from direct heat and sunlight.\",\n    \"Item Number\": \"1558009\",\n    \"Manufacturer Color\": \"No. 253\",\n    \"Product Series\": \"Fluff up\",\n    \"Net Weight\": \"0.003 kg\",\n    \"Package Height\": \"10.2 cm\",\n    \"Package Length\": \"2.4 cm\",\n    \"Package Width\": \"2.4 cm\"\n}"
    },
    {
        "product_name": "Benefit Make Up Set",
        "brand_name": "Benefit",
        "brand_url": "https://shop.frankfurt-airport.com/en-US/brand/benefit",
        "retailer_name": "Frankfurt Duty Free",
        "retailer_url": "https://shop.frankfurt-airport.com/en-US/retailer/heinemann",
        "price": "\u20ac42.99",
        "price_per_quantity": "",
        "description": "Gimme, gimme brows! Turn up the volume with FULL-SIZES of Gimme Brow+and Gimme Brow+ VolumizingPencil! Both contain fibers to create instant, natural-looking volume for fuller-looking brows and layer together seamlessly for an extra volumized effect.Gimme, gimme brows! Turn up the volume with FULL-SIZES of Gimme Brow+and Gimme Brow+ VolumizingPencil! Both contain fibers to create instant, natural-looking volume for fuller-looking brows and layer together seamlessly for an extra volumized effect.",
        "additional_information": "{\n    \"made in\": \"Usa\",\n    \"Item Number\": \"1574422\",\n    \"Product Series\": \"Mixed Lines\",\n    \"Net Weight\": \"0.005 kg\",\n    \"Package Height\": \"17.3 cm\",\n    \"Package Length\": \"4.3 cm\",\n    \"Package Width\": \"2.5 cm\"\n}"
    },
    {
        "product_name": "Benefit Make-Up Set",
        "brand_name": "Benefit",
        "brand_url": "https://shop.frankfurt-airport.com/en-US/brand/benefit",
        "retailer_name": "Frankfurt Duty Free",
        "retailer_url": "https://shop.frankfurt-airport.com/en-US/retailer/heinemann",
        "price": "\u20ac43.99",
        "price_per_quantity": "",
        "description": "Play favorites with these Benefit beauties! Score Benefit\u2019s bestsellers for lashes, brows, face & pores in ultra-portable sizes for glam on-the-go! Get volumized lashes, shaped & set brows, a believable bronze & smoother-than-smooth skin. PLUS treat your pores to a Deep Retreat with a sample of our pore-clearing clay mask!Play favorites with these Benefit beauties! Score Benefit\u2019s bestsellers for lashes, brows, face & pores in ultra-portable sizes for glam on-the-go! Get volumized lashes, shaped & set brows, a believable bronze & smoother-than-smooth skin. PLUS treat your pores to a Deep Retreat with a sample of our pore-clearing clay mask!",
        "additional_information": "{\n    \"made in\": \"Usa\",\n    \"Item Number\": \"1626666\",\n    \"Product Series\": \"Make-Up Set\",\n    \"Net Weight\": \"0.021 kg\",\n    \"Package Height\": \"11.8 cm\",\n    \"Package Length\": \"10 cm\",\n    \"Package Width\": \"2.5 cm\"\n}"
    },
    {
        "product_name": "Benefit Brow Microfilling Pen Eyebrow Pencil N 62 deep brown",
        "brand_name": "Benefit",
        "brand_url": "https://shop.frankfurt-airport.com/en-US/brand/benefit",
        "retailer_name": "Frankfurt Duty Free",
        "retailer_url": "https://shop.frankfurt-airport.com/en-US/retailer/heinemann",
        "price": "\u20ac29.99",
        "price_per_quantity": "\u20ac3,748.75 / 100  g",
        "description": "Smudge-proof and longwearingSmudge-proof and longwearing",
        "additional_information": "{\n    \"Order Amount\": \"0.8 g\",\n    \"made in\": \"Japan\",\n    \"Warning Hints\": \"Avoid eye contact. Keep away from direct heat and sunlight.\",\n    \"Item Number\": \"1458552\",\n    \"Manufacturer Color\": \"No. 62 - Deep Brown\",\n    \"Product Series\": \"Brow microfilling pen\",\n    \"Net Weight\": \"0.001 kg\",\n    \"Package Height\": \"13.8 cm\",\n    \"Package Length\": \"5 cm\",\n    \"Package Width\": \"1.5 cm\"\n}"
    },
    {
        "product_name": "Benefit Tint Lipstick Set",
        "brand_name": "Benefit",
        "brand_url": "https://shop.frankfurt-airport.com/en-US/brand/benefit",
        "retailer_name": "Frankfurt Duty Free",
        "retailer_url": "https://shop.frankfurt-airport.com/en-US/retailer/heinemann",
        "price": "\u20ac67.99",
        "price_per_quantity": "",
        "description": "Take a Lip Trip with this trio of Benefit's iconic full-size lipsticks! With 3 vibrant shades that you can combine for different looks or simply apply individually.Take a Lip Trip with this trio of Benefit's iconic full-size lipsticks! With 3 vibrant shades that you can combine for different looks or simply apply individually.",
        "additional_information": "{\n    \"made in\": \"France\",\n    \"Warning Hints\": \"Avoid eye contact. Keep away from direct heat and sunlight.\",\n    \"Item Number\": \"1458567\",\n    \"Product Series\": \"Lipstick Set\",\n    \"Net Weight\": \"0.006 kg\",\n    \"Package Height\": \"7.9 cm\",\n    \"Package Length\": \"11.3 cm\",\n    \"Package Width\": \"3 cm\"\n}"
    },
    {
        "product_name": "Benefit Brow Microfilling Pen Eyebrow Pencil N 60 medium brown",
        "brand_name": "Benefit",
        "brand_url": "https://shop.frankfurt-airport.com/en-US/brand/benefit",
        "retailer_name": "Frankfurt Duty Free",
        "retailer_url": "https://shop.frankfurt-airport.com/en-US/retailer/heinemann",
        "price": "\u20ac29.99",
        "price_per_quantity": "\u20ac3,748.75 / 100  g",
        "description": "Available in 4 versatile shades!Available in 4 versatile shades!",
        "additional_information": "{\n    \"Order Amount\": \"0.8 g\",\n    \"made in\": \"Japan\",\n    \"Warning Hints\": \"Avoid eye contact. Keep away from direct heat and sunlight.\",\n    \"Item Number\": \"1458550\",\n    \"Manufacturer Color\": \"No. 60 - Medium Brown\",\n    \"Product Series\": \"Brow microfilling pen\",\n    \"Net Weight\": \"0.001 kg\",\n    \"Package Height\": \"13.8 cm\",\n    \"Package Length\": \"5 cm\",\n    \"Package Width\": \"1.7 cm\"\n}"
    },
    {
        "product_name": "Benefit Goof Proof Brow Powder N 3",
        "brand_name": "Benefit",
        "brand_url": "https://shop.frankfurt-airport.com/en-US/brand/benefit",
        "retailer_name": "Frankfurt Duty Free",
        "retailer_url": "https://shop.frankfurt-airport.com/en-US/retailer/heinemann",
        "price": "\u20ac25.99",
        "price_per_quantity": "\u20ac1,367.89 / 100  g",
        "description": "Easy Brow filling powder",
        "additional_information": "{\n    \"Order Amount\": \"1.9 g\",\n    \"made in\": \"France\",\n    \"Item Number\": \"1581216\",\n    \"Manufacturer Color\": \"No. 3\",\n    \"Product Series\": \"Goof Proof\",\n    \"Net Weight\": \"0.002 kg\",\n    \"Package Height\": \"1 cm\",\n    \"Package Length\": \"4.8 cm\",\n    \"Package Width\": \"4.9 cm\"\n}"
    },
    {
        "product_name": "Benefit Brow Microfilling Pen Eyebrow Pencil N 61 light brown",
        "brand_name": "Benefit",
        "brand_url": "https://shop.frankfurt-airport.com/en-US/brand/benefit",
        "retailer_name": "Frankfurt Duty Free",
        "retailer_url": "https://shop.frankfurt-airport.com/en-US/retailer/heinemann",
        "price": "\u20ac29.99",
        "price_per_quantity": "\u20ac3,748.75 / 100  g",
        "description": "Mimics natural brow hairMimics natural brow hair",
        "additional_information": "{\n    \"Order Amount\": \"0.8 g\",\n    \"made in\": \"Japan\",\n    \"Warning Hints\": \"Avoid eye contact. Keep away from direct heat and sunlight.\",\n    \"Item Number\": \"1458551\",\n    \"Manufacturer Color\": \"No. 61 - Light Brown\",\n    \"Product Series\": \"Brow microfilling pen\",\n    \"Net Weight\": \"0.001 kg\",\n    \"Package Height\": \"13.7 cm\",\n    \"Package Length\": \"5 cm\",\n    \"Package Width\": \"1.5 cm\"\n}"
    },
    {
        "product_name": "Benefit Dew La La Tan Deep Liquid Highlighter Lumi 40 g",
        "brand_name": "Benefit",
        "brand_url": "https://shop.frankfurt-airport.com/en-US/brand/benefit",
        "retailer_name": "Frankfurt Duty Free",
        "retailer_url": "https://shop.frankfurt-airport.com/en-US/retailer/heinemann",
        "price": "\u20ac39.99",
        "price_per_quantity": "\u20ac99.98 / 100  g",
        "description": "Glide on this weightless liquid glow for skin that looks naturally dewy & lit -from -within. 12 -hour* wear for all -day glow 12 hour** hydration Infused with skin-loving niacinamide, sunflower seed oil, glycerin & hyaluronic acid Waterproof, sweatproof & transfer -proof *instrumental test on 25 participants **instrumental test on 33 participantsGlide on this weightless liquid glow for skin that looks naturally dewy & lit -from -within. 12 -hour* wear for all -day glow 12 hour** hydration Infused with skin-loving niacinamide, sunflower seed oil, glycerin & hyaluronic acid Waterproof, sweatproof & transfer -proof *instrumental test on 25 participants **instrumental test on 33 participants",
        "additional_information": "{\n    \"Order Amount\": \"40 g\",\n    \"made in\": \"Italy\",\n    \"Item Number\": \"1626660\",\n    \"Manufacturer Color\": \"No. 400 - LUMI\",\n    \"Product Series\": \"Dew La La\",\n    \"Net Weight\": \"0.04 kg\",\n    \"Package Height\": \"11.2 cm\",\n    \"Package Length\": \"3.5 cm\",\n    \"Package Width\": \"3.5 cm\"\n}"
    },
    {
        "product_name": "Benefit Brow Microfilling Pen Eyebrow Pencil N 59 blonde",
        "brand_name": "Benefit",
        "brand_url": "https://shop.frankfurt-airport.com/en-US/brand/benefit",
        "retailer_name": "Frankfurt Duty Free",
        "retailer_url": "https://shop.frankfurt-airport.com/en-US/retailer/heinemann",
        "price": "\u20ac29.99",
        "price_per_quantity": "\u20ac3,748.75 / 100  g",
        "description": "Eyebrow pen for microfine, hair-like strokesEyebrow pen for microfine, hair-like strokes",
        "additional_information": "{\n    \"Order Amount\": \"0.8 g\",\n    \"made in\": \"Japan\",\n    \"Warning Hints\": \"Avoid eye contact. Keep away from direct heat and sunlight.\",\n    \"Item Number\": \"1458469\",\n    \"Manufacturer Color\": \"No. 59 - Blonde\",\n    \"Product Series\": \"Brow microfilling pen\",\n    \"Net Weight\": \"0.001 kg\",\n    \"Package Height\": \"13.8 cm\",\n    \"Package Length\": \"5 cm\",\n    \"Package Width\": \"1.7 cm\"\n}"
    },
    {
        "product_name": "Benefit Dew La La Fair Light Pink Liquid Highlighter Aurora 40 g",
        "brand_name": "Benefit",
        "brand_url": "https://shop.frankfurt-airport.com/en-US/brand/benefit",
        "retailer_name": "Frankfurt Duty Free",
        "retailer_url": "https://shop.frankfurt-airport.com/en-US/retailer/heinemann",
        "price": "\u20ac39.99",
        "price_per_quantity": "\u20ac99.98 / 100  g",
        "description": "Glide on this weightless liquid glow for skin that looks naturally dewy & lit -from -within. 12 -hour* wear for all -day glow 12 hour** hydration Infused with skin-loving niacinamide, sunflower seed oil, glycerin & hyaluronic acid Waterproof, sweatproof & transfer -proof *instrumental test on 25 participants **instrumental test on 33 participantsGlide on this weightless liquid glow for skin that looks naturally dewy & lit -from -within. 12 -hour* wear for all -day glow 12 hour** hydration Infused with skin-loving niacinamide, sunflower seed oil, glycerin & hyaluronic acid Waterproof, sweatproof & transfer -proof *instrumental test on 25 participants **instrumental test on 33 participants",
        "additional_information": "{\n    \"Order Amount\": \"40 g\",\n    \"made in\": \"Italy\",\n    \"Item Number\": \"1626662\",\n    \"Manufacturer Color\": \"No. 402 - AURORA\",\n    \"Product Series\": \"Dew La La\",\n    \"Net Weight\": \"0.04 kg\",\n    \"Package Height\": \"11.2 cm\",\n    \"Package Length\": \"3.5 cm\",\n    \"Package Width\": \"3.5 cm\"\n}"
    },
    {
        "product_name": "Benefit Make-up Set",
        "brand_name": "Benefit",
        "brand_url": "https://shop.frankfurt-airport.com/en-US/brand/benefit",
        "retailer_name": "Frankfurt Duty Free",
        "retailer_url": "https://shop.frankfurt-airport.com/en-US/retailer/heinemann",
        "price": "\u20ac49.99",
        "price_per_quantity": "",
        "description": "Ready to go to Xtremes? Get 40% longer lashes and sleek, precise lines with this XTREME eye-opening duo. Full-Size! They're Real! Xtreme Precision Liner, precision waterproof liquid eyeliner & Full-Size! They're Real! Magnet, powerful lifting & lenghthening mascara.Ready to go to Xtremes? Get 40% longer lashes and sleek, precise lines with this XTREME eye-opening duo. Full-Size! They're Real! Xtreme Precision Liner, precision waterproof liquid eyeliner & Full-Size! They're Real! Magnet, powerful lifting & lenghthening mascara.",
        "additional_information": "{\n    \"made in\": \"France\",\n    \"Warning Hints\": \"Avoid eye contact. Keep away from direct heat and sunlight.\",\n    \"Item Number\": \"1555769\",\n    \"Product Series\": \"Make-Up Set\",\n    \"Net Weight\": \"0.009 kg\",\n    \"Package Height\": \"14.7 cm\",\n    \"Package Length\": \"5.52 cm\",\n    \"Package Width\": \"3.2 cm\"\n}"
    },
    {
        "product_name": "Benefit Precisely, My Brow Eyebrow Pencil Grey",
        "brand_name": "Benefit",
        "brand_url": "https://shop.frankfurt-airport.com/en-US/brand/benefit",
        "retailer_name": "Frankfurt Duty Free",
        "retailer_url": "https://shop.frankfurt-airport.com/en-US/retailer/heinemann",
        "price": "\u20ac27.99",
        "price_per_quantity": "\u20ac34,987.50 / 100  g",
        "description": "Oh my WOW\u2026precise & defined eyebrows! This ultra-fine eyebrow pencil draws incredibly natural-looking, hair-like strokes that last 12 budge-proof hours.* A few strokes of the rich yet blendable color will transform brows from shapeless & undefined to filled & defined eyebrows.Oh my WOW\u2026precise & defined eyebrows! This ultra-fine eyebrow pencil draws incredibly natural-looking, hair-like strokes that last 12 budge-proof hours.* A few strokes of the rich yet blendable color will transform brows from shapeless & undefined to filled & defined eyebrows.",
        "additional_information": "{\n    \"Order Amount\": \"0.08 g\",\n    \"made in\": \"Japan\",\n    \"Warning Hints\": \"Avoid eye contact. Keep away from direct heat and sunlight.\",\n    \"Item Number\": \"1381627\",\n    \"Manufacturer Color\": \"No. 180 - GREY\",\n    \"Product Series\": \"Precisely, My Brow\",\n    \"Net Weight\": \"0.001 kg\",\n    \"Package Height\": \"1.7 cm\",\n    \"Package Length\": \"17 cm\",\n    \"Package Width\": \"2.5 cm\"\n}"
    },
    {
        "product_name": "Benefit Precisely, My Brow Eyebrow Pencil N 3,75",
        "brand_name": "Benefit",
        "brand_url": "https://shop.frankfurt-airport.com/en-US/brand/benefit",
        "retailer_name": "Frankfurt Duty Free",
        "retailer_url": "https://shop.frankfurt-airport.com/en-US/retailer/heinemann",
        "price": "\u20ac27.99",
        "price_per_quantity": "\u20ac34,987.50 / 100  g",
        "description": "Oh my WOW\u2026precise & defined eyebrows! This ultra-fine eyebrow pencil draws incredibly natural-looking, hair-like strokes that last 12 budge-proof hours.* A few strokes of the rich yet blendable color will transform brows from shapeless & undefined to filled & defined eyebrows.Oh my WOW\u2026precise & defined eyebrows! This ultra-fine eyebrow pencil draws incredibly natural-looking, hair-like strokes that last 12 budge-proof hours.* A few strokes of the rich yet blendable color will transform brows from shapeless & undefined to filled & defined eyebrows.",
        "additional_information": "{\n    \"Order Amount\": \"0.08 g\",\n    \"made in\": \"Japan\",\n    \"Warning Hints\": \"Avoid eye contact. Keep away from direct heat and sunlight.\",\n    \"Item Number\": \"1381626\",\n    \"Manufacturer Color\": \"3,75\",\n    \"Product Series\": \"Precisely, My Brow\",\n    \"Net Weight\": \"0.001 kg\",\n    \"Package Height\": \"1.7 cm\",\n    \"Package Length\": \"17 cm\",\n    \"Package Width\": \"2.5 cm\"\n}"
    },
    {
        "product_name": "Benefit Precisely, My Brow Eyebrow Pencil N 2,75",
        "brand_name": "Benefit",
        "brand_url": "https://shop.frankfurt-airport.com/en-US/brand/benefit",
        "retailer_name": "Frankfurt Duty Free",
        "retailer_url": "https://shop.frankfurt-airport.com/en-US/retailer/heinemann",
        "price": "\u20ac27.99",
        "price_per_quantity": "\u20ac34,987.50 / 100  g",
        "description": "Oh my WOW\u2026precise & defined eyebrows! This ultra-fine eyebrow pencil draws incredibly natural-looking, hair-like strokes that last 12 budge-proof hours.* A few strokes of the rich yet blendable color will transform brows from shapeless & undefined to filled & defined eyebrows.Oh my WOW\u2026precise & defined eyebrows! This ultra-fine eyebrow pencil draws incredibly natural-looking, hair-like strokes that last 12 budge-proof hours.* A few strokes of the rich yet blendable color will transform brows from shapeless & undefined to filled & defined eyebrows.",
        "additional_information": "{\n    \"Order Amount\": \"0.08 g\",\n    \"made in\": \"Japan\",\n    \"Warning Hints\": \"Avoid eye contact. Keep away from direct heat and sunlight.\",\n    \"Item Number\": \"1381625\",\n    \"Manufacturer Color\": \"2,75\",\n    \"Product Series\": \"Precisely, My Brow\",\n    \"Net Weight\": \"0.001 kg\",\n    \"Package Height\": \"1.7 cm\",\n    \"Package Length\": \"17 cm\",\n    \"Package Width\": \"2.5 cm\"\n}"
    },
    {
        "product_name": "Benefit Precisely, My Brow Eyebrow Pencil N 3",
        "brand_name": "Benefit",
        "brand_url": "https://shop.frankfurt-airport.com/en-US/brand/benefit",
        "retailer_name": "Frankfurt Duty Free",
        "retailer_url": "https://shop.frankfurt-airport.com/en-US/retailer/heinemann",
        "price": "\u20ac17.99",
        "price_per_quantity": "\u20ac44,975.00 / 100  g",
        "description": "Oh my Wow\u2026precise & defined eyebrows! This ultra-fine eyebrow pencil draws incredibly natural-looking, hair-like strokes that last 12 budge-proof hours. A few strokes of the rich yet blendable colour will transform brows from shapeless & undefined to filled & defined eyebrows. Includes signature Tips & Tricks.Oh my Wow\u2026precise & defined eyebrows! This ultra-fine eyebrow pencil draws incredibly natural-looking, hair-like strokes that last 12 budge-proof hours. A few strokes of the rich yet blendable colour will transform brows from shapeless & undefined to filled & defined eyebrows. Includes signature Tips & Tricks.",
        "additional_information": "{\n    \"Order Amount\": \"0.04 g\",\n    \"made in\": \"Japan\",\n    \"Warning Hints\": \"Avoid eye contact. Keep away from direct heat and sunlight.\",\n    \"Item Number\": \"1290143\",\n    \"Manufacturer Color\": \"No. 3\",\n    \"Product Series\": \"Precisely, My Brow\",\n    \"Net Weight\": \"0.001 kg\",\n    \"Package Height\": \"12.5 cm\",\n    \"Package Length\": \"4 cm\",\n    \"Package Width\": \"1.5 cm\"\n}"
    },
    {
        "product_name": "Benefit Hoola Blush Box of Powder Lite Beige",
        "brand_name": "Benefit",
        "brand_url": "https://shop.frankfurt-airport.com/en-US/brand/benefit",
        "retailer_name": "Frankfurt Duty Free",
        "retailer_url": "https://shop.frankfurt-airport.com/en-US/retailer/heinemann",
        "price": "\u20ac29.99",
        "price_per_quantity": "\u20ac374.88 / 100  g",
        "description": "All 4 shades of Benefit\u2019s award-winning bronzer feature the same soft, blendable formula and matte finish that made the original\u00a0Hoola\u00a0a cult-fave. The entire\u00a0Hoola\u00a0bronzer collection ranges from light to deep so you can sweep on a natural-looking bronze. Comes complete with a built-in mirror for a sunless & seamless application.All 4 shades of Benefit\u2019s award-winning bronzer feature the same soft, blendable formula and matte finish that made the original\u00a0Hoola\u00a0a cult-fave. The entire\u00a0Hoola\u00a0bronzer collection ranges from light to deep so you can sweep on a natural-looking bronze. Comes complete with a built-in mirror for a sunless & seamless application.",
        "additional_information": "{\n    \"Order Amount\": \"8 g\",\n    \"made in\": \"Usa\",\n    \"Item Number\": \"1514173\",\n    \"Manufacturer Color\": \"No. 301 - BEIGE\",\n    \"Product Series\": \"Hoola\",\n    \"Net Weight\": \"0.008 kg\",\n    \"Package Height\": \"1.85 cm\",\n    \"Package Length\": \"5.9 cm\",\n    \"Package Width\": \"5.9 cm\"\n}"
    },
    {
        "product_name": "Benefit Tints Lipgloss Playtint Pink",
        "brand_name": "Benefit",
        "brand_url": "https://shop.frankfurt-airport.com/en-US/brand/benefit",
        "retailer_name": "Frankfurt Duty Free",
        "retailer_url": "https://shop.frankfurt-airport.com/en-US/retailer/heinemann",
        "price": "\u20ac21.99",
        "price_per_quantity": "\u20ac366.50 / 100  ml",
        "description": "Longwearing color lets you play ALL DAY! Play up your lips & cheeks with the most delightful flush you can get from a bottle! Our precise applicator glides on a fresh, flattering colour that lasts all day (no touch-ups needed). The non-drying formula applies & builds easily, and feels lightweight & comfortable on lips. Apply one coat for a natural-looking, sheer hint of tint or layer for more vibrant, smooch-proof colour.Longwearing color lets you play ALL DAY! Play up your lips & cheeks with the most delightful flush you can get from a bottle! Our precise applicator glides on a fresh, flattering colour that lasts all day (no touch-ups needed). The non-drying formula applies & builds easily, and feels lightweight & comfortable on lips. Apply one coat for a natural-looking, sheer hint of tint or layer for more vibrant, smooch-proof colour.",
        "additional_information": "{\n    \"Order Amount\": \"6 ml\",\n    \"made in\": \"France\",\n    \"Item Number\": \"1513918\",\n    \"Manufacturer Color\": \"PLAY\",\n    \"Product Series\": \"Playtint\",\n    \"Net Weight\": \"0.006 kg\",\n    \"Package Height\": \"7.6 cm\",\n    \"Package Length\": \"2.8 cm\",\n    \"Package Width\": \"2.7 cm\"\n}"
    },
    {
        "product_name": "Benefit Goof Proof Eyebrow Pencil N 6 Deep",
        "brand_name": "Benefit",
        "brand_url": "https://shop.frankfurt-airport.com/en-US/brand/benefit",
        "retailer_name": "Frankfurt Duty Free",
        "retailer_url": "https://shop.frankfurt-airport.com/en-US/retailer/heinemann",
        "price": "\u20ac29.99",
        "price_per_quantity": "\u20ac882.06 / 100  g",
        "description": "Goof-proof brows... really! Presto\u2026 everyone's an expert with this super easy filling & shaping eyebrow pencil. It features a custom , non-sharpen \"goof-proof\" tip, soft color and a glide-on formula for easy & fast brow filling. Comes complete with built-in blending spoolie-brush and signature Tips & Tricks!Goof-proof brows... really! Presto\u2026 everyone's an expert with this super easy filling & shaping eyebrow pencil. It features a custom , non-sharpen \"goof-proof\" tip, soft color and a glide-on formula for easy & fast brow filling. Comes complete with built-in blending spoolie-brush and signature Tips & Tricks!",
        "additional_information": "{\n    \"Order Amount\": \"3.4 g\",\n    \"made in\": \"Japan\",\n    \"Warning Hints\": \"Avoid eye contact. Keep away from direct heat and sunlight.\",\n    \"Item Number\": \"1211278\",\n    \"Manufacturer Color\": \"No. 06 - DEEP\",\n    \"Product Series\": \"Goof Proof\",\n    \"Net Weight\": \"0.001 kg\",\n    \"Package Height\": \"1.7 cm\",\n    \"Package Length\": \"15 cm\",\n    \"Package Width\": \"2.5 cm\"\n}"
    },
    {
        "product_name": "Benefit Benetint Cheek and Lip stain Red",
        "brand_name": "Benefit",
        "brand_url": "https://shop.frankfurt-airport.com/en-US/brand/benefit",
        "retailer_name": "Frankfurt Duty Free",
        "retailer_url": "https://shop.frankfurt-airport.com/en-US/retailer/heinemann",
        "price": "\u20ac21.99",
        "price_per_quantity": "\u20ac366.50 / 100  ml",
        "description": "Rose-tinted cheek & lip stain Natural-finish Long-lasting wear Sheer & sexy on all complexionsRose-tinted cheek & lip stain Natural-finish Long-lasting wear Sheer & sexy on all complexions",
        "additional_information": "{\n    \"Order Amount\": \"6 ml\",\n    \"made in\": \"France\",\n    \"Warning Hints\": \"Avoid eye contact. Keep away from direct heat and sunlight.\",\n    \"Item Number\": \"1397705\",\n    \"Manufacturer Color\": \"No. 169 - RED\",\n    \"Product Series\": \"Benetint\",\n    \"Net Weight\": \"0.006 kg\",\n    \"Package Height\": \"7.8 cm\",\n    \"Package Length\": \"2.7 cm\",\n    \"Package Width\": \"2.7 cm\"\n}"
    },
    {
        "product_name": "Benefit Roller liner Roller Liner Pencil Black",
        "brand_name": "Benefit",
        "brand_url": "https://shop.frankfurt-airport.com/en-US/brand/benefit",
        "retailer_name": "Frankfurt Duty Free",
        "retailer_url": "https://shop.frankfurt-airport.com/en-US/retailer/heinemann",
        "price": "\u20ac25.99",
        "price_per_quantity": "\u20ac2,599.00 / 100  ml",
        "description": "Glide on a natural-looking, fine line with Roller Liner! Our matte liquid eyeliner features a precision felt tip for sharp controlled lines and a super-smooth application that won\u2019t drag or smudge. The quick-dry, waterproof* formula lasts 24 hours**. It doesn\u2019t fade, flake or smudge so you can let the good times roll all day & night!Glide on a natural-looking, fine line with Roller Liner! Our matte liquid eyeliner features a precision felt tip for sharp controlled lines and a super-smooth application that won\u2019t drag or smudge. The quick-dry, waterproof* formula lasts 24 hours**. It doesn\u2019t fade, flake or smudge so you can let the good times roll all day & night!",
        "additional_information": "{\n    \"Order Amount\": \"1 ml\",\n    \"made in\": \"Germany\",\n    \"Warning Hints\": \"Avoid eye contact. Keep away from direct heat and sunlight.\",\n    \"Item Number\": \"1363881\",\n    \"Manufacturer Color\": \"BLACK\",\n    \"Product Series\": \"Roller Liner\",\n    \"Net Weight\": \"0.001 kg\",\n    \"Package Height\": \"14.7 cm\",\n    \"Package Length\": \"1.7 cm\",\n    \"Package Width\": \"1.7 cm\"\n}"
    },
    {
        "product_name": "Benefit Goof Proof Eyebrow Pencil N 1 Light",
        "brand_name": "Benefit",
        "brand_url": "https://shop.frankfurt-airport.com/en-US/brand/benefit",
        "retailer_name": "Frankfurt Duty Free",
        "retailer_url": "https://shop.frankfurt-airport.com/en-US/retailer/heinemann",
        "price": "\u20ac29.99",
        "price_per_quantity": "\u20ac882.06 / 100  g",
        "description": "Goof-proof brows... really! Presto\u2026 everyone's an expert with this super easy filling & shaping eyebrow pencil. It features a custom , non-sharpen \"goof-proof\" tip, soft color and a glide-on formula for easy & fast brow filling. Comes complete with built-in blending spoolie-brush and signature Tips & Tricks!Goof-proof brows... really! Presto\u2026 everyone's an expert with this super easy filling & shaping eyebrow pencil. It features a custom , non-sharpen \"goof-proof\" tip, soft color and a glide-on formula for easy & fast brow filling. Comes complete with built-in blending spoolie-brush and signature Tips & Tricks!",
        "additional_information": "{\n    \"Order Amount\": \"3.4 g\",\n    \"made in\": \"Japan\",\n    \"Warning Hints\": \"Avoid eye contact. Keep away from direct heat and sunlight.\",\n    \"Item Number\": \"1211273\",\n    \"Manufacturer Color\": \"No. 01 - LIGHT\",\n    \"Product Series\": \"Goof Proof\",\n    \"Net Weight\": \"0.001 kg\",\n    \"Package Height\": \"1.7 cm\",\n    \"Package Length\": \"15 cm\",\n    \"Package Width\": \"2.5 cm\"\n}"
    },
    {
        "product_name": "Benefit Goof Proof Eyebrow Pencil N 3.5",
        "brand_name": "Benefit",
        "brand_url": "https://shop.frankfurt-airport.com/en-US/brand/benefit",
        "retailer_name": "Frankfurt Duty Free",
        "retailer_url": "https://shop.frankfurt-airport.com/en-US/retailer/heinemann",
        "price": "\u20ac29.99",
        "price_per_quantity": "\u20ac882.06 / 100  g",
        "description": "Hey presto\u2026everyone\u2019s an expert with this super easy filling & shaping eyebrow pencil. It features a custom, non-sharpen \u201cgoof-proof\u201d tip, soft colour and a glide-on formula for easy & fast brow filling. Comes complete with built-in blending spoolie-brush and signature Tips & Tricks!Hey presto\u2026everyone\u2019s an expert with this super easy filling & shaping eyebrow pencil. It features a custom, non-sharpen \u201cgoof-proof\u201d tip, soft colour and a glide-on formula for easy & fast brow filling. Comes complete with built-in blending spoolie-brush and signature Tips & Tricks!",
        "additional_information": "{\n    \"Order Amount\": \"3.4 g\",\n    \"made in\": \"Japan\",\n    \"Warning Hints\": \"Avoid eye contact. Keep away from direct heat and sunlight.\",\n    \"Item Number\": \"1327065\",\n    \"Manufacturer Color\": \"3.5\",\n    \"Product Series\": \"Goof Proof\",\n    \"Net Weight\": \"0.001 kg\",\n    \"Package Height\": \"15 cm\",\n    \"Package Length\": \"5 cm\",\n    \"Package Width\": \"1.5 cm\"\n}"
    },
    {
        "product_name": "Benefit Gimme brow + Brow Voluminizing Fiber Gel N 5",
        "brand_name": "Benefit",
        "brand_url": "https://shop.frankfurt-airport.com/en-US/brand/benefit",
        "retailer_name": "Frankfurt Duty Free",
        "retailer_url": "https://shop.frankfurt-airport.com/en-US/retailer/heinemann",
        "price": "\u20ac29.99",
        "price_per_quantity": "\u20ac999.67 / 100  g",
        "description": "Gimme brow+\u00a0\u00a0tinted eyebrow gel contains tiny microfibers that adhere to skin & hairs, creating natural-looking fullness and definition. The custom tiny, tapered brush provides easy, mess-proof application. Poof...fuller-looking brows magically appear!Gimme brow+\u00a0\u00a0tinted eyebrow gel contains tiny microfibers that adhere to skin & hairs, creating natural-looking fullness and definition. The custom tiny, tapered brush provides easy, mess-proof application. Poof...fuller-looking brows magically appear!",
        "additional_information": "{\n    \"Order Amount\": \"3 g\",\n    \"made in\": \"Usa\",\n    \"Warning Hints\": \"Avoid eye contact. Keep away from direct heat and sunlight.\",\n    \"Item Number\": \"1307906\",\n    \"Manufacturer Color\": \"No. 5 - DEEP\",\n    \"Product Series\": \"Gimme Brow\",\n    \"Net Weight\": \"0.003 kg\",\n    \"Package Height\": \"2.15 cm\",\n    \"Package Length\": \"9 cm\",\n    \"Package Width\": \"2.3 cm\"\n}"
    },
    {
        "product_name": "Benefit Boi - ing Cakeless Concealer N 4",
        "brand_name": "Benefit",
        "brand_url": "https://shop.frankfurt-airport.com/en-US/brand/benefit",
        "retailer_name": "Frankfurt Duty Free",
        "retailer_url": "https://shop.frankfurt-airport.com/en-US/retailer/heinemann",
        "price": "\u20ac28.99",
        "price_per_quantity": "\u20ac579.80 / 100  ml",
        "description": "Full coverage liquid concealer Full coverage liquid concealer Hides dark undereye circles & blemishes Doesn\u2019t cake or crackFull coverage liquid concealer Full coverage liquid concealer Hides dark undereye circles & blemishes Doesn\u2019t cake or crack",
        "additional_information": "{\n    \"Order Amount\": \"5 ml\",\n    \"made in\": \"Canada\",\n    \"Warning Hints\": \"Avoid eye contact. Keep away from direct heat and sunlight.\",\n    \"Item Number\": \"1397714\",\n    \"Manufacturer Color\": \"No. 4\",\n    \"Product Series\": \"Boi-ing\",\n    \"Net Weight\": \"0.005 kg\",\n    \"Package Height\": \"12.1 cm\",\n    \"Package Length\": \"2.43 cm\",\n    \"Package Width\": \"2.3 cm\"\n}"
    },
    {
        "product_name": "Benefit Gimme brow + Brow Voluminizing Fiber Gel N 3",
        "brand_name": "Benefit",
        "brand_url": "https://shop.frankfurt-airport.com/en-US/brand/benefit",
        "retailer_name": "Frankfurt Duty Free",
        "retailer_url": "https://shop.frankfurt-airport.com/en-US/retailer/heinemann",
        "price": "\u20ac29.99",
        "price_per_quantity": "\u20ac999.67 / 100  g",
        "description": "Gimme brow+\u00a0\u00a0tinted eyebrow gel contains tiny microfibers that adhere to skin & hairs, creating natural-looking fullness and definition. The custom tiny, tapered brush provides easy, mess-proof application. Poof...fuller-looking brows magically appear!Gimme brow+\u00a0\u00a0tinted eyebrow gel contains tiny microfibers that adhere to skin & hairs, creating natural-looking fullness and definition. The custom tiny, tapered brush provides easy, mess-proof application. Poof...fuller-looking brows magically appear!",
        "additional_information": "{\n    \"Order Amount\": \"3 g\",\n    \"made in\": \"Usa\",\n    \"Warning Hints\": \"Avoid eye contact. Keep away from direct heat and sunlight.\",\n    \"Item Number\": \"1307905\",\n    \"Manufacturer Color\": \"No. 3 - MEDIUM\",\n    \"Product Series\": \"Gimme Brow\",\n    \"Net Weight\": \"0.003 kg\",\n    \"Package Height\": \"8.8 cm\",\n    \"Package Length\": \"2 cm\",\n    \"Package Width\": \"2 cm\"\n}"
    },
    {
        "product_name": "Benefit Gimme Brow Mini Eyebrow Gel Nr. 2",
        "brand_name": "Benefit",
        "brand_url": "https://shop.frankfurt-airport.com/en-US/brand/benefit",
        "retailer_name": "Frankfurt Duty Free",
        "retailer_url": "https://shop.frankfurt-airport.com/en-US/retailer/heinemann",
        "price": "\u20ac17.99",
        "price_per_quantity": "\u20ac1,199.33 / 100  g",
        "description": "Gimme brow+ mini tinted eyebrow gel contains tiny microfibers that adhere to skin & hairs, creating natural-looking fullness and definition. The custom tiny, tapered brush provides easy, mess-proof application. Poof...fuller-looking brows magically appear!Gimme brow+ mini tinted eyebrow gel contains tiny microfibers that adhere to skin & hairs, creating natural-looking fullness and definition. The custom tiny, tapered brush provides easy, mess-proof application. Poof...fuller-looking brows magically appear!",
        "additional_information": "{\n    \"Order Amount\": \"1.5 g\",\n    \"made in\": \"Usa\",\n    \"Warning Hints\": \"Avoid eye contact. Keep away from direct heat and sunlight.\",\n    \"Item Number\": \"1327152\",\n    \"Manufacturer Color\": \"No. 2\",\n    \"Product Series\": \"Gimme Brow\",\n    \"Net Weight\": \"0.002 kg\",\n    \"Package Height\": \"7 cm\",\n    \"Package Length\": \"4 cm\",\n    \"Package Width\": \"1.7 cm\"\n}"
    },
    {
        "product_name": "Benefit Goof Proof Eyebrow Pencil Shade N 3,75",
        "brand_name": "Benefit",
        "brand_url": "https://shop.frankfurt-airport.com/en-US/brand/benefit",
        "retailer_name": "Frankfurt Duty Free",
        "retailer_url": "https://shop.frankfurt-airport.com/en-US/retailer/heinemann",
        "price": "\u20ac29.99",
        "price_per_quantity": "\u20ac882.06 / 100  g",
        "description": "Super easy brow-filling & shaping pencil Custom \u201cgoof-proof\u201d tip Easy & fast glide-on formula Built-in spoolie-brushSuper easy brow-filling & shaping pencil Custom \u201cgoof-proof\u201d tip Easy & fast glide-on formula Built-in spoolie-brush",
        "additional_information": "{\n    \"Order Amount\": \"3.4 g\",\n    \"made in\": \"Japan\",\n    \"Warning Hints\": \"Avoid eye contact. Keep away from direct heat and sunlight.\",\n    \"Item Number\": \"1384022\",\n    \"Manufacturer Color\": \"3.75\",\n    \"Product Series\": \"Goof Proof\",\n    \"Net Weight\": \"0.003 kg\",\n    \"Package Height\": \"15 cm\",\n    \"Package Length\": \"2.5 cm\",\n    \"Package Width\": \"1.7 cm\"\n}"
    },
    {
        "product_name": "Benefit Boi - ing Cakeless Concealer N 5",
        "brand_name": "Benefit",
        "brand_url": "https://shop.frankfurt-airport.com/en-US/brand/benefit",
        "retailer_name": "Frankfurt Duty Free",
        "retailer_url": "https://shop.frankfurt-airport.com/en-US/retailer/heinemann",
        "price": "\u20ac28.99",
        "price_per_quantity": "\u20ac579.80 / 100  ml",
        "description": "Full coverage liquid concealer Full coverage liquid concealer Hides dark undereye circles & blemishes Doesn\u2019t cake or crackFull coverage liquid concealer Full coverage liquid concealer Hides dark undereye circles & blemishes Doesn\u2019t cake or crack",
        "additional_information": "{\n    \"Order Amount\": \"5 ml\",\n    \"made in\": \"Canada\",\n    \"Warning Hints\": \"Avoid eye contact. Keep away from direct heat and sunlight.\",\n    \"Item Number\": \"1397713\",\n    \"Manufacturer Color\": \"No. 5\",\n    \"Product Series\": \"Boi-ing\",\n    \"Net Weight\": \"0.005 kg\",\n    \"Package Height\": \"12.1 cm\",\n    \"Package Length\": \"2.43 cm\",\n    \"Package Width\": \"2.3 cm\"\n}"
    },
    {
        "product_name": "Benefit GoGoTint Cheek and lip stain Watermelon",
        "brand_name": "Benefit",
        "brand_url": "https://shop.frankfurt-airport.com/en-US/brand/benefit",
        "retailer_name": "Frankfurt Duty Free",
        "retailer_url": "https://shop.frankfurt-airport.com/en-US/retailer/heinemann",
        "price": "\u20ac21.99",
        "price_per_quantity": "\u20ac366.50 / 100  ml",
        "description": "Bright cherry tinted lip & cheek stain Bright cherry tinted stain Longwear Smudge-proofBright cherry tinted lip & cheek stain Bright cherry tinted stain Longwear Smudge-proof",
        "additional_information": "{\n    \"Order Amount\": \"6 ml\",\n    \"made in\": \"France\",\n    \"Warning Hints\": \"Avoid eye contact. Keep away from direct heat and sunlight.\",\n    \"Item Number\": \"1397606\",\n    \"Manufacturer Color\": \"No. 170 - WATERMELON\",\n    \"Product Series\": \"GoGoTint\",\n    \"Net Weight\": \"0.006 kg\",\n    \"Package Height\": \"7.8 cm\",\n    \"Package Length\": \"3.71 cm\",\n    \"Package Width\": \"3.71 cm\"\n}"
    },
    {
        "product_name": "Benefit BadGal Bang Black Mascara Set",
        "brand_name": "Benefit",
        "brand_url": "https://shop.frankfurt-airport.com/en-US/brand/benefit",
        "retailer_name": "Frankfurt Duty Free",
        "retailer_url": "https://shop.frankfurt-airport.com/en-US/retailer/heinemann",
        "price": "\u20ac48.99",
        "price_per_quantity": "",
        "description": "Double the volume ! Badgal Bang 36-hour full-blast mascara\u2019s gravity-defying formula layers easily for Massive volume that won\u2019t weigh down lashes.Double the volume ! Badgal Bang 36-hour full-blast mascara\u2019s gravity-defying formula layers easily for Massive volume that won\u2019t weigh down lashes.",
        "additional_information": "{\n    \"made in\": \"France\",\n    \"Warning Hints\": \"Avoid eye contact. Keep away from direct heat and sunlight.\",\n    \"Item Number\": \"1303552\",\n    \"Product Series\": \"Mascara Set\",\n    \"Net Weight\": \"0.017 kg\",\n    \"Package Height\": \"14.9 cm\",\n    \"Package Length\": \"2.8 cm\",\n    \"Package Width\": \"5.4 cm\"\n}"
    },
    {
        "product_name": "Benefit Gimme brow + Brow Voluminizing Fiber Gel N 1",
        "brand_name": "Benefit",
        "brand_url": "https://shop.frankfurt-airport.com/en-US/brand/benefit",
        "retailer_name": "Frankfurt Duty Free",
        "retailer_url": "https://shop.frankfurt-airport.com/en-US/retailer/heinemann",
        "price": "\u20ac29.99",
        "price_per_quantity": "\u20ac999.67 / 100  g",
        "description": "Gimme brow+\u00a0\u00a0tinted eyebrow gel contains tiny microfibers that adhere to skin & hairs, creating natural-looking fullness and definition. The custom tiny, tapered brush provides easy, mess-proof application. Poof...fuller-looking brows magically appear!Gimme brow+\u00a0\u00a0tinted eyebrow gel contains tiny microfibers that adhere to skin & hairs, creating natural-looking fullness and definition. The custom tiny, tapered brush provides easy, mess-proof application. Poof...fuller-looking brows magically appear!",
        "additional_information": "{\n    \"Order Amount\": \"3 g\",\n    \"made in\": \"Usa\",\n    \"Warning Hints\": \"Avoid eye contact. Keep away from direct heat and sunlight.\",\n    \"Item Number\": \"1307904\",\n    \"Manufacturer Color\": \"No. 1 - LIGHT\",\n    \"Product Series\": \"Gimme Brow\",\n    \"Net Weight\": \"0.003 kg\",\n    \"Package Height\": \"2.15 cm\",\n    \"Package Length\": \"9 cm\",\n    \"Package Width\": \"2.3 cm\"\n}"
    },
    {
        "product_name": "Benefit Goof Proof Eyebrow Pencil Shade N 2,5",
        "brand_name": "Benefit",
        "brand_url": "https://shop.frankfurt-airport.com/en-US/brand/benefit",
        "retailer_name": "Frankfurt Duty Free",
        "retailer_url": "https://shop.frankfurt-airport.com/en-US/retailer/heinemann",
        "price": "\u20ac29.99",
        "price_per_quantity": "\u20ac882.06 / 100  g",
        "description": "Super easy brow-filling & shaping pencil Custom \u201cgoof-proof\u201d tip Easy & fast glide-on formula Built-in spoolie-brushSuper easy brow-filling & shaping pencil Custom \u201cgoof-proof\u201d tip Easy & fast glide-on formula Built-in spoolie-brush",
        "additional_information": "{\n    \"Order Amount\": \"3.4 g\",\n    \"made in\": \"Japan\",\n    \"Warning Hints\": \"Avoid eye contact. Keep away from direct heat and sunlight.\",\n    \"Item Number\": \"1384020\",\n    \"Manufacturer Color\": \"2.5\",\n    \"Product Series\": \"Goof Proof\",\n    \"Net Weight\": \"0.003 kg\",\n    \"Package Height\": \"15 cm\",\n    \"Package Length\": \"2.5 cm\",\n    \"Package Width\": \"1.7 cm\"\n}"
    },
    {
        "product_name": "Benefit 24 Hours Mini Brow Gel Transparent Transparent 13 ml",
        "brand_name": "Benefit",
        "brand_url": "https://shop.frankfurt-airport.com/en-US/brand/benefit",
        "retailer_name": "Frankfurt Duty Free",
        "retailer_url": "https://shop.frankfurt-airport.com/en-US/retailer/heinemann",
        "price": "\u20ac15.99",
        "price_per_quantity": "\u20ac456.86 / 100  ml",
        "description": "Invisible shaping & setting gel for brows Shapes & tames eyebrows Flexible, flake-free formula Custom-molded dual-sized wandInvisible shaping & setting gel for brows Shapes & tames eyebrows Flexible, flake-free formula Custom-molded dual-sized wand",
        "additional_information": "{\n    \"Order Amount\": \"3.5 ml\",\n    \"made in\": \"France\",\n    \"Warning Hints\": \"Avoid eye contact. Keep away from direct heat and sunlight.\",\n    \"Item Number\": \"1397602\",\n    \"Manufacturer Color\": \"TRANSPARENT\",\n    \"Product Series\": \"24 Hours\",\n    \"Net Weight\": \"0.004 kg\",\n    \"Package Height\": \"11.9 cm\",\n    \"Package Length\": \"2.3 cm\",\n    \"Package Width\": \"2.3 cm\"\n}"
    },
    {
        "product_name": "Benefit Precisely, My Brow Eyebrow Pencil N 3.5",
        "brand_name": "Benefit",
        "brand_url": "https://shop.frankfurt-airport.com/en-US/brand/benefit",
        "retailer_name": "Frankfurt Duty Free",
        "retailer_url": "https://shop.frankfurt-airport.com/en-US/retailer/heinemann",
        "price": "\u20ac27.99",
        "price_per_quantity": "\u20ac34,987.50 / 100  g",
        "description": "Oh my WOW...precise & defined eyebrows! This ultra-fine eyebrow pencil draws incredibly natural-looking, hair-like strokes that last  12 budge-proof hours.* A few strokes of the rich yet blendable colour will transform brows from shapeless & undefined to filled & defined eyebrows. Includes signature Tips & Tricks.Oh my WOW...precise & defined eyebrows! This ultra-fine eyebrow pencil draws incredibly natural-looking, hair-like strokes that last  12 budge-proof hours.* A few strokes of the rich yet blendable colour will transform brows from shapeless & undefined to filled & defined eyebrows. Includes signature Tips & Tricks.",
        "additional_information": "{\n    \"Order Amount\": \"0.08 g\",\n    \"made in\": \"Japan\",\n    \"Warning Hints\": \"Avoid eye contact. Keep away from direct heat and sunlight.\",\n    \"Item Number\": \"1327067\",\n    \"Manufacturer Color\": \"3.5\",\n    \"Product Series\": \"Precisely, My Brow\",\n    \"Net Weight\": \"0.001 kg\",\n    \"Package Height\": \"16.9 cm\",\n    \"Package Length\": \"1.6 cm\",\n    \"Package Width\": \"5.1 cm\"\n}"
    },
    {
        "product_name": "Benefit Goof Proof Eyebrow Pencil Shade N 2,75",
        "brand_name": "Benefit",
        "brand_url": "https://shop.frankfurt-airport.com/en-US/brand/benefit",
        "retailer_name": "Frankfurt Duty Free",
        "retailer_url": "https://shop.frankfurt-airport.com/en-US/retailer/heinemann",
        "price": "\u20ac29.99",
        "price_per_quantity": "\u20ac882.06 / 100  g",
        "description": "Super easy brow-filling & shaping pencil Custom \u201cgoof-proof\u201d tip Easy & fast glide-on formula Built-in spoolie-brushSuper easy brow-filling & shaping pencil Custom \u201cgoof-proof\u201d tip Easy & fast glide-on formula Built-in spoolie-brush",
        "additional_information": "{\n    \"Order Amount\": \"3.4 g\",\n    \"made in\": \"Japan\",\n    \"Warning Hints\": \"Avoid eye contact. Keep away from direct heat and sunlight.\",\n    \"Item Number\": \"1384021\",\n    \"Manufacturer Color\": \"2.75\",\n    \"Product Series\": \"Goof Proof\",\n    \"Net Weight\": \"0.003 kg\",\n    \"Package Height\": \"15 cm\",\n    \"Package Length\": \"2.5 cm\",\n    \"Package Width\": \"1.7 cm\"\n}"
    },
    {
        "product_name": "Benefit BADgal Mascara Mini Black",
        "brand_name": "Benefit",
        "brand_url": "https://shop.frankfurt-airport.com/en-US/brand/benefit",
        "retailer_name": "Frankfurt Duty Free",
        "retailer_url": "https://shop.frankfurt-airport.com/en-US/retailer/heinemann",
        "price": "\u20ac14.99",
        "price_per_quantity": "\u20ac374.75 / 100  g",
        "description": "Badgall Bang! 36-HOUR* FULL-BLAST volumising mascara creates Massive volume without weighing down lashes. The gravity-defying formula contains aero-particles, one of the lightest known materials, derived from space technology. This innovative intense pitch-black mascara layers easily for bigger & bigger impact. Its custom big Slimpact! brush is streamlined to reach root-to-tip, corner-to-corner, upper & lower lashes for BIG VOLUME WITH 360\u00b0 REACH!Badgall Bang! 36-HOUR* FULL-BLAST volumising mascara creates Massive volume without weighing down lashes. The gravity-defying formula contains aero-particles, one of the lightest known materials, derived from space technology. This innovative intense pitch-black mascara layers easily for bigger & bigger impact. Its custom big Slimpact! brush is streamlined to reach root-to-tip, corner-to-corner, upper & lower lashes for BIG VOLUME WITH 360\u00b0 REACH!",
        "additional_information": "{\n    \"Order Amount\": \"4 g\",\n    \"made in\": \"France\",\n    \"Warning Hints\": \"Avoid eye contact. Keep away from direct heat and sunlight.\",\n    \"Item Number\": \"1303537\",\n    \"Manufacturer Color\": \"BLACK\",\n    \"Product Series\": \"BADgal\",\n    \"Net Weight\": \"0.004 kg\",\n    \"Package Height\": \"10.3 cm\",\n    \"Package Length\": \"2.25 cm\",\n    \"Package Width\": \"2.56 cm\"\n}"
    },
    {
        "product_name": "Benefit the POREfessional Face Primer Transparent",
        "brand_name": "Benefit",
        "brand_url": "https://shop.frankfurt-airport.com/en-US/brand/benefit",
        "retailer_name": "Frankfurt Duty Free",
        "retailer_url": "https://shop.frankfurt-airport.com/en-US/retailer/heinemann",
        "price": "\u20ac14.99",
        "price_per_quantity": "\u20ac199.87 / 100  ml",
        "description": "The Porefessional face primer travel size mini! Mini pro balm to minimize the appearance of Pores. Pores...now you see'em, now you don't! Quickly minimize the appearance of Pores and fine lines for smoother-than-smooth skin! Apply this silky, lightweight balm alone, under or over makeup. The translucent formula contains a vitamin E derivative known to protect skin from free radicals. Oil-free, complements all skintones, helps makeup stay longer.The Porefessional face primer travel size mini! Mini pro balm to minimize the appearance of Pores. Pores...now you see'em, now you don't! Quickly minimize the appearance of Pores and fine lines for smoother-than-smooth skin! Apply this silky, lightweight balm alone, under or over makeup. The translucent formula contains a vitamin E derivative known to protect skin from free radicals. Oil-free, complements all skintones, helps makeup stay longer.",
        "additional_information": "{\n    \"Order Amount\": \"7.5 ml\",\n    \"made in\": \"Usa\",\n    \"Warning Hints\": \"Avoid eye contact. Keep away from direct heat and sunlight.\",\n    \"Item Number\": \"1183849\",\n    \"Manufacturer Color\": \"TRANSPARENT\",\n    \"Product Series\": \"the POREfessional\",\n    \"Net Weight\": \"0.007 kg\",\n    \"Package Height\": \"2.9 cm\",\n    \"Package Length\": \"8.5 cm\",\n    \"Package Width\": \"3.2 cm\"\n}"
    },
    {
        "product_name": "Benefit BADgal Bang 24hr Eye Pencil Pitch Black",
        "brand_name": "Benefit",
        "brand_url": "https://shop.frankfurt-airport.com/en-US/brand/benefit",
        "retailer_name": "Frankfurt Duty Free",
        "retailer_url": "https://shop.frankfurt-airport.com/en-US/retailer/heinemann",
        "price": "\u20ac23.99",
        "price_per_quantity": "\u20ac9,596.00 / 100  g",
        "description": "Get bold definition with BADgal BANG! 24 Hour Eye Pencils. These rich, creamy, waterproof eye liners glide on smooth and set to a transfer-resistant matte finish. Includes a built-in smudger for smoky eyes in seconds.Get bold definition with BADgal BANG! 24 Hour Eye Pencils. These rich, creamy, waterproof eye liners glide on smooth and set to a transfer-resistant matte finish. Includes a built-in smudger for smoky eyes in seconds.",
        "additional_information": "{\n    \"Order Amount\": \"0.25 g\",\n    \"made in\": \"Germany\",\n    \"Warning Hints\": \"Avoid eye contact. Keep away from direct heat and sunlight.\",\n    \"Item Number\": \"1384038\",\n    \"Manufacturer Color\": \"PITCH BLACK\",\n    \"Product Series\": \"BADgal\",\n    \"Net Weight\": \"0.001 kg\",\n    \"Package Height\": \"14.5 cm\",\n    \"Package Length\": \"1.9 cm\",\n    \"Package Width\": \"1.9 cm\"\n}"
    },
    {
        "product_name": "Benefit Precisely, My Brow Eyebrow Pencil N 4.5",
        "brand_name": "Benefit",
        "brand_url": "https://shop.frankfurt-airport.com/en-US/brand/benefit",
        "retailer_name": "Frankfurt Duty Free",
        "retailer_url": "https://shop.frankfurt-airport.com/en-US/retailer/heinemann",
        "price": "\u20ac27.99",
        "price_per_quantity": "\u20ac34,987.50 / 100  g",
        "description": "Oh my WOW...precise & defined eyebrows! This ultra-fine eyebrow pencil draws incredibly natural-looking, hair-like strokes that last  12 budge-proof hours.* A few strokes of the rich yet blendable colour will transform brows from shapeless & undefined to filled & defined eyebrows. Includes signature Tips & Tricks.Oh my WOW...precise & defined eyebrows! This ultra-fine eyebrow pencil draws incredibly natural-looking, hair-like strokes that last  12 budge-proof hours.* A few strokes of the rich yet blendable colour will transform brows from shapeless & undefined to filled & defined eyebrows. Includes signature Tips & Tricks.",
        "additional_information": "{\n    \"Order Amount\": \"0.08 g\",\n    \"made in\": \"Japan\",\n    \"Warning Hints\": \"Avoid eye contact. Keep away from direct heat and sunlight.\",\n    \"Item Number\": \"1327068\",\n    \"Manufacturer Color\": \"4.5\",\n    \"Product Series\": \"Precisely, My Brow\",\n    \"Net Weight\": \"0.001 kg\",\n    \"Package Height\": \"17 cm\",\n    \"Package Length\": \"5 cm\",\n    \"Package Width\": \"1.5 cm\"\n}"
    },
    {
        "product_name": "Benefit Precisely, My Brow Eyebrow Pencil N 4 Medium",
        "brand_name": "Benefit",
        "brand_url": "https://shop.frankfurt-airport.com/en-US/brand/benefit",
        "retailer_name": "Frankfurt Duty Free",
        "retailer_url": "https://shop.frankfurt-airport.com/en-US/retailer/heinemann",
        "price": "\u20ac27.99",
        "price_per_quantity": "\u20ac34,987.50 / 100  g",
        "description": "Fake full brows! Oh my wow\u2026 precise & defined eyebrows! This ultra-fine eyebrow pencil draws incredibly natural-looking, hair-like strokes that last 12 budge-proof hours.* A few strokes of the rich yet blendable color will transform brows from shapeless & undefined to filled & defined eyebrows. Includes signature Tips & Tricks. Twist-up, non-sharpen tip. Built-in spoolie-brush. Waterproof** eyebrow pencil.*Instrumental test on 23 panelists. **Instrumental test on 22 panelists.Fake full brows! Oh my wow\u2026 precise & defined eyebrows! This ultra-fine eyebrow pencil draws incredibly natural-looking, hair-like strokes that last 12 budge-proof hours.* A few strokes of the rich yet blendable color will transform brows from shapeless & undefined to filled & defined eyebrows. Includes signature Tips & Tricks. Twist-up, non-sharpen tip. Built-in spoolie-brush. Waterproof** eyebrow pencil.*Instrumental test on 23 panelists. **Instrumental test on 22 panelists.",
        "additional_information": "{\n    \"Order Amount\": \"0.08 g\",\n    \"made in\": \"Japan\",\n    \"Warning Hints\": \"Avoid eye contact. Keep away from direct heat and sunlight.\",\n    \"Item Number\": \"1211283\",\n    \"Manufacturer Color\": \"No. 04 - MEDIUM\",\n    \"Product Series\": \"Precisely, My Brow\",\n    \"Net Weight\": \"0.001 kg\",\n    \"Package Height\": \"1.7 cm\",\n    \"Package Length\": \"17 cm\",\n    \"Package Width\": \"2.5 cm\"\n}"
    },
    {
        "product_name": "Benefit Porefessional Face Primer Trio",
        "brand_name": "Benefit",
        "brand_url": "https://shop.frankfurt-airport.com/en-US/brand/benefit",
        "retailer_name": "Frankfurt Duty Free",
        "retailer_url": "https://shop.frankfurt-airport.com/en-US/retailer/heinemann",
        "price": "\u20ac79.99",
        "price_per_quantity": "",
        "description": "Travel retail exclusivity: The PRO balm to minimize the appearance of pores in trio! Quickly minimize the appearance of pores & fine  lines for smoother-than-smooth skin. the POREfessional Travel Trio Set cont.: 3x the POREfessional Primer (each 22 ml) (Travel Retail Exclusive)Travel retail exclusivity: The PRO balm to minimize the appearance of pores in trio! Quickly minimize the appearance of pores & fine  lines for smoother-than-smooth skin. the POREfessional Travel Trio Set cont.: 3x the POREfessional Primer (each 22 ml) (Travel Retail Exclusive)",
        "additional_information": "{\n    \"made in\": \"Usa\",\n    \"Item Number\": \"1124508\",\n    \"Manufacturer Color\": \"TRANSPARENT\",\n    \"Product Series\": \"Make-Up Set\",\n    \"Net Weight\": \"0.066 kg\",\n    \"Package Height\": \"15 cm\",\n    \"Package Length\": \"3.5 cm\",\n    \"Package Width\": \"14 cm\"\n}"
    },
    {
        "product_name": "Benefit Precisely, My Brow Eyebrow Pencil N 2,5",
        "brand_name": "Benefit",
        "brand_url": "https://shop.frankfurt-airport.com/en-US/brand/benefit",
        "retailer_name": "Frankfurt Duty Free",
        "retailer_url": "https://shop.frankfurt-airport.com/en-US/retailer/heinemann",
        "price": "\u20ac27.99",
        "price_per_quantity": "\u20ac34,987.50 / 100  g",
        "description": "Oh my WOW\u2026precise & defined eyebrows! This ultra-fine eyebrow pencil draws incredibly natural-looking, hair-like strokes that last 12 budge-proof hours.* A few strokes of the rich yet blendable color will transform brows from shapeless & undefined to filled & defined eyebrows.Oh my WOW\u2026precise & defined eyebrows! This ultra-fine eyebrow pencil draws incredibly natural-looking, hair-like strokes that last 12 budge-proof hours.* A few strokes of the rich yet blendable color will transform brows from shapeless & undefined to filled & defined eyebrows.",
        "additional_information": "{\n    \"Order Amount\": \"0.08 g\",\n    \"made in\": \"Japan\",\n    \"Warning Hints\": \"Avoid eye contact. Keep away from direct heat and sunlight.\",\n    \"Item Number\": \"1381624\",\n    \"Manufacturer Color\": \"2,5\",\n    \"Product Series\": \"Precisely, My Brow\",\n    \"Net Weight\": \"0.001 kg\",\n    \"Package Height\": \"1.7 cm\",\n    \"Package Length\": \"17 cm\",\n    \"Package Width\": \"2.5 cm\"\n}"
    },
    {
        "product_name": "Benefit Gimme Brow Brow product mini N 5 Deep",
        "brand_name": "Benefit",
        "brand_url": "https://shop.frankfurt-airport.com/en-US/brand/benefit",
        "retailer_name": "Frankfurt Duty Free",
        "retailer_url": "https://shop.frankfurt-airport.com/en-US/retailer/heinemann",
        "price": "\u20ac17.99",
        "price_per_quantity": "\u20ac1,199.33 / 100  g",
        "description": "Define & highlight your brows with this 4-in-1 contour pencil. Our multi-tasking brow pencil features a lighter brow shade, deeper brow shade, edge definer and arch highlighter to create clean, shaped brows with depth & dimension. Turn shapeless, flat brows into defined, contoured brows in an instant. Available in 5 shades for a wide range of hair colors and skin tones!Define & highlight your brows with this 4-in-1 contour pencil. Our multi-tasking brow pencil features a lighter brow shade, deeper brow shade, edge definer and arch highlighter to create clean, shaped brows with depth & dimension. Turn shapeless, flat brows into defined, contoured brows in an instant. Available in 5 shades for a wide range of hair colors and skin tones!",
        "additional_information": "{\n    \"Order Amount\": \"1.5 g\",\n    \"made in\": \"Usa\",\n    \"Warning Hints\": \"Avoid eye contact. Keep away from direct heat and sunlight.\",\n    \"Item Number\": \"1363871\",\n    \"Manufacturer Color\": \"No. 5 - DEEP\",\n    \"Product Series\": \"Gimme Brow\",\n    \"Net Weight\": \"0.002 kg\",\n    \"Package Height\": \"7.4 cm\",\n    \"Package Length\": \"1.9 cm\",\n    \"Package Width\": \"1.9 cm\"\n}"
    },
    {
        "product_name": "Benefit the POREfessional Face Primer Transparent 22 ml",
        "brand_name": "Benefit",
        "brand_url": "https://shop.frankfurt-airport.com/en-US/brand/benefit",
        "retailer_name": "Frankfurt Duty Free",
        "retailer_url": "https://shop.frankfurt-airport.com/en-US/retailer/heinemann",
        "price": "\u20ac29.99",
        "price_per_quantity": "\u20ac136.32 / 100  ml",
        "description": "Quickly minimize the appearance of pores and fine lines for smoother-than-smooth skin! Apply this silky, lightweight balm alone, under or over makeup. Translucent, oil-free formula complements all skintones and helps makeup stay put. Contains a Vitamin E derivative, known to protect skin from free radicals.Quickly minimize the appearance of pores and fine lines for smoother-than-smooth skin! Apply this silky, lightweight balm alone, under or over makeup. Translucent, oil-free formula complements all skintones and helps makeup stay put. Contains a Vitamin E derivative, known to protect skin from free radicals.",
        "additional_information": "{\n    \"Order Amount\": \"22 ml\",\n    \"made in\": \"Usa\",\n    \"Item Number\": \"1108498\",\n    \"Manufacturer Color\": \"TRANSPARENT\",\n    \"Product Series\": \"the POREfessional\",\n    \"Net Weight\": \"0.022 kg\",\n    \"Package Height\": \"12.4 cm\",\n    \"Package Length\": \"2.7 cm\",\n    \"Package Width\": \"2.7 cm\"\n}"
    },
    {
        "product_name": "Benefit the POREfessional Face Primer Transparent 44 ml",
        "brand_name": "Benefit",
        "brand_url": "https://shop.frankfurt-airport.com/en-US/brand/benefit",
        "retailer_name": "Frankfurt Duty Free",
        "retailer_url": "https://shop.frankfurt-airport.com/en-US/retailer/heinemann",
        "price": "\u20ac62.99",
        "price_per_quantity": "\u20ac143.16 / 100  ml",
        "description": "Quickly minimize the appearance of pores and fine lines for smoother-than-smooth skin! Apply this silky, lightweight balm alone, under or over makeup. Translucent, oil-free formula complements all skintones and helps makeup stay put. Contains a Vitamin E derivative, known to protect skin from free radicals.Quickly minimize the appearance of pores and fine lines for smoother-than-smooth skin! Apply this silky, lightweight balm alone, under or over makeup. Translucent, oil-free formula complements all skintones and helps makeup stay put. Contains a Vitamin E derivative, known to protect skin from free radicals.",
        "additional_information": "{\n    \"Order Amount\": \"44 ml\",\n    \"made in\": \"Usa\",\n    \"Item Number\": \"1108630\",\n    \"Manufacturer Color\": \"TRANSPARENT\",\n    \"Product Series\": \"the POREfessional\",\n    \"Net Weight\": \"0.044 kg\",\n    \"Package Height\": \"19 cm\",\n    \"Package Length\": \"3.32 cm\",\n    \"Package Width\": \"5 cm\"\n}"
    },
    {
        "product_name": "Benefit Precisely, My Brow Eyebrow Pencil N 6 Deep",
        "brand_name": "Benefit",
        "brand_url": "https://shop.frankfurt-airport.com/en-US/brand/benefit",
        "retailer_name": "Frankfurt Duty Free",
        "retailer_url": "https://shop.frankfurt-airport.com/en-US/retailer/heinemann",
        "price": "\u20ac27.99",
        "price_per_quantity": "\u20ac34,987.50 / 100  g",
        "description": "Fake full brows! Oh my wow\u2026 precise & defined eyebrows! This ultra-fine eyebrow pencil draws incredibly natural-looking, hair-like strokes that last 12 budge-proof hours.* A few strokes of the rich yet blendable color will transform brows from shapeless & undefined to filled & defined eyebrows. Includes signature Tips & Tricks. Twist-up, non-sharpen tip. Built-in spoolie-brush. Waterproof** eyebrow pencil.*Instrumental test on 23 panelists. **Instrumental test on 22 panelists.Fake full brows! Oh my wow\u2026 precise & defined eyebrows! This ultra-fine eyebrow pencil draws incredibly natural-looking, hair-like strokes that last 12 budge-proof hours.* A few strokes of the rich yet blendable color will transform brows from shapeless & undefined to filled & defined eyebrows. Includes signature Tips & Tricks. Twist-up, non-sharpen tip. Built-in spoolie-brush. Waterproof** eyebrow pencil.*Instrumental test on 23 panelists. **Instrumental test on 22 panelists.",
        "additional_information": "{\n    \"Order Amount\": \"0.08 g\",\n    \"made in\": \"Japan\",\n    \"Warning Hints\": \"Avoid eye contact. Keep away from direct heat and sunlight.\",\n    \"Item Number\": \"1211285\",\n    \"Manufacturer Color\": \"No. 06 - DEEP\",\n    \"Product Series\": \"Precisely, My Brow\",\n    \"Net Weight\": \"0.001 kg\",\n    \"Package Height\": \"1.7 cm\",\n    \"Package Length\": \"17 cm\",\n    \"Package Width\": \"2.5 cm\"\n}"
    },
    {
        "product_name": "Benefit Precisely, My Brow Eyebrow Pencil N 3 Medium",
        "brand_name": "Benefit",
        "brand_url": "https://shop.frankfurt-airport.com/en-US/brand/benefit",
        "retailer_name": "Frankfurt Duty Free",
        "retailer_url": "https://shop.frankfurt-airport.com/en-US/retailer/heinemann",
        "price": "\u20ac27.99",
        "price_per_quantity": "\u20ac34,987.50 / 100  g",
        "description": "Fake full brows! Oh my wow\u2026 precise & defined eyebrows! This ultra-fine eyebrow pencil draws incredibly natural-looking, hair-like strokes that last 12 budge-proof hours.* A few strokes of the rich yet blendable color will transform brows from shapeless & undefined to filled & defined eyebrows. Includes signature Tips & Tricks. Twist-up, non-sharpen tip. Built-in spoolie-brush. Waterproof** eyebrow pencil.*Instrumental test on 23 panelists. **Instrumental test on 22 panelists.Fake full brows! Oh my wow\u2026 precise & defined eyebrows! This ultra-fine eyebrow pencil draws incredibly natural-looking, hair-like strokes that last 12 budge-proof hours.* A few strokes of the rich yet blendable color will transform brows from shapeless & undefined to filled & defined eyebrows. Includes signature Tips & Tricks. Twist-up, non-sharpen tip. Built-in spoolie-brush. Waterproof** eyebrow pencil.*Instrumental test on 23 panelists. **Instrumental test on 22 panelists.",
        "additional_information": "{\n    \"Order Amount\": \"0.08 g\",\n    \"made in\": \"Japan\",\n    \"Warning Hints\": \"Avoid eye contact. Keep away from direct heat and sunlight.\",\n    \"Item Number\": \"1211282\",\n    \"Manufacturer Color\": \"No. 03 - MEDIUM\",\n    \"Product Series\": \"Precisely, My Brow\",\n    \"Net Weight\": \"0.001 kg\",\n    \"Package Height\": \"1.7 cm\",\n    \"Package Length\": \"17 cm\",\n    \"Package Width\": \"2.5 cm\"\n}"
    },
    {
        "product_name": "Ballantine's Finest Blended Scotch Whisky 40% 0.5L",
        "brand_name": "Ballantine's",
        "brand_url": "https://shop.frankfurt-airport.com/en-US/brand/ballantine-s",
        "retailer_name": "Frankfurt Duty Free",
        "retailer_url": "https://shop.frankfurt-airport.com/en-US/retailer/heinemann",
        "price": "\u20ac13.79",
        "price_per_quantity": "\u20ac27.58 / 1  l",
        "description": "Ballantine's Finest is a complex, refined & elegant blended Scotch whisky. It is regarded as the taste to satisfy a modern style. The blend\u2019s light gold colour and unmistakable taste come from a complex mix of carefully selected malt and grain whiskies \u2014 all aged for many a year in high quality casksBallantine's Finest is a complex, refined & elegant blended Scotch whisky. It is regarded as the taste to satisfy a modern style. The blend\u2019s light gold colour and unmistakable taste come from a complex mix of carefully selected malt and grain whiskies \u2014 all aged for many a year in high quality casks",
        "additional_information": "{\n    \"Order Amount\": \"0.5 l\",\n    \"Calories\": \"916 kJ\",\n    \"Fat\": \" / \",\n    \"Carbonate\": \"221 kcal\",\n    \"thereof \": \"0 g\",\n    \"Sugar\": \"0 g\",\n    \"Protein\": \"0 g\",\n    \"made in\": \"0 g\",\n    \"With Colorant\": \"United Kingdom\",\n    \"GMO Free\": \"Yes\",\n    \"Warning Hints\": \"Yes\",\n    \"Item Number\": \"Drink responsibly\",\n    \"Net Weight\": \"116116\",\n    \"Package Height\": \"0.5 kg\",\n    \"Package Length\": \"22.01 cm\",\n    \"Package Width\": \"8.28 cm\"\n}"
    },
    {
        "product_name": "Benefit Precisely, My Brow Eyebrow Pencil N 1 Light",
        "brand_name": "Benefit",
        "brand_url": "https://shop.frankfurt-airport.com/en-US/brand/benefit",
        "retailer_name": "Frankfurt Duty Free",
        "retailer_url": "https://shop.frankfurt-airport.com/en-US/retailer/heinemann",
        "price": "\u20ac27.99",
        "price_per_quantity": "\u20ac34,987.50 / 100  g",
        "description": "Fake full brows! Oh my wow\u2026 precise & defined eyebrows! This ultra-fine eyebrow pencil draws incredibly natural-looking, hair-like strokes that last 12 budge-proof hours.* A few strokes of the rich yet blendable color will transform brows from shapeless & undefined to filled & defined eyebrows. Includes signature Tips & Tricks. Twist-up, non-sharpen tip. Built-in spoolie-brush. Waterproof** eyebrow pencil.*Instrumental test on 23 panelists. **Instrumental test on 22 panelists.Fake full brows! Oh my wow\u2026 precise & defined eyebrows! This ultra-fine eyebrow pencil draws incredibly natural-looking, hair-like strokes that last 12 budge-proof hours.* A few strokes of the rich yet blendable color will transform brows from shapeless & undefined to filled & defined eyebrows. Includes signature Tips & Tricks. Twist-up, non-sharpen tip. Built-in spoolie-brush. Waterproof** eyebrow pencil.*Instrumental test on 23 panelists. **Instrumental test on 22 panelists.",
        "additional_information": "{\n    \"Order Amount\": \"0.08 g\",\n    \"made in\": \"Japan\",\n    \"Warning Hints\": \"Avoid eye contact. Keep away from direct heat and sunlight.\",\n    \"Item Number\": \"1211280\",\n    \"Manufacturer Color\": \"No. 01 - LIGHT\",\n    \"Product Series\": \"Precisely, My Brow\",\n    \"Net Weight\": \"0.001 kg\",\n    \"Package Height\": \"1.7 cm\",\n    \"Package Length\": \"17 cm\",\n    \"Package Width\": \"2.5 cm\"\n}"
    },
    {
        "product_name": "Benefit Precisely, My Brow Eyebrow Pencil N 5 Deep",
        "brand_name": "Benefit",
        "brand_url": "https://shop.frankfurt-airport.com/en-US/brand/benefit",
        "retailer_name": "Frankfurt Duty Free",
        "retailer_url": "https://shop.frankfurt-airport.com/en-US/retailer/heinemann",
        "price": "\u20ac27.99",
        "price_per_quantity": "\u20ac34,987.50 / 100  g",
        "description": "Fake full brows! Oh my wow\u2026 precise & defined eyebrows! This ultra-fine eyebrow pencil draws incredibly natural-looking, hair-like strokes that last 12 budge-proof hours.* A few strokes of the rich yet blendable color will transform brows from shapeless & undefined to filled & defined eyebrows. Includes signature Tips & Tricks. Twist-up, non-sharpen tip. Built-in spoolie-brush. Waterproof** eyebrow pencil.*Instrumental test on 23 panelists. **Instrumental test on 22 panelists.Fake full brows! Oh my wow\u2026 precise & defined eyebrows! This ultra-fine eyebrow pencil draws incredibly natural-looking, hair-like strokes that last 12 budge-proof hours.* A few strokes of the rich yet blendable color will transform brows from shapeless & undefined to filled & defined eyebrows. Includes signature Tips & Tricks. Twist-up, non-sharpen tip. Built-in spoolie-brush. Waterproof** eyebrow pencil.*Instrumental test on 23 panelists. **Instrumental test on 22 panelists.",
        "additional_information": "{\n    \"Order Amount\": \"0.08 g\",\n    \"made in\": \"Japan\",\n    \"Warning Hints\": \"Avoid eye contact. Keep away from direct heat and sunlight.\",\n    \"Item Number\": \"1211284\",\n    \"Manufacturer Color\": \"No. 05 - DEEP\",\n    \"Product Series\": \"Precisely, My Brow\",\n    \"Net Weight\": \"0.001 kg\",\n    \"Package Height\": \"1.7 cm\",\n    \"Package Length\": \"17 cm\",\n    \"Package Width\": \"2.5 cm\"\n}"
    },
    {
        "product_name": "Ballantines Brasil 30% 1L",
        "brand_name": "Ballantine's",
        "brand_url": "https://shop.frankfurt-airport.com/en-US/brand/ballantine-s",
        "retailer_name": "Frankfurt Duty Free",
        "retailer_url": "https://shop.frankfurt-airport.com/en-US/retailer/heinemann",
        "price": "\u20ac19.99",
        "price_per_quantity": "\u20ac19.99 / 1  l",
        "description": "BALLANTINE'S BRASIL is a spirit drink made with Scotch Whisky and natural lime flavourings. A delicious and passionate drink with stimulating citrus taste, inspired by lime flavour traditions from Brazil.BALLANTINE'S BRASIL is a spirit drink made with Scotch Whisky and natural lime flavourings. A delicious and passionate drink with stimulating citrus taste, inspired by lime flavour traditions from Brazil.",
        "additional_information": "{\n    \"Order Amount\": \"1 l\",\n    \"Calories\": \"721 kJ\",\n    \"Fat\": \" / \",\n    \"thereof \": \"2 g\",\n    \"Saturated Fatty Acids\": \"0 g\",\n    \"Carbonate\": \"0 g\",\n    \"Sugar\": \"2 g\",\n    \"Protein\": \"0 g\",\n    \"Salt\": \"0 g\",\n    \"Fiber\": \"0 g\",\n    \"made in\": \"United Kingdom\",\n    \"With Colorant\": \"No\",\n    \"Storage Conditions\": \"Store in an upright position / Store out of direct sunlight\",\n    \"Warning Hints\": \"Drink Responsibly\",\n    \"Item Number\": \"1653605\",\n    \"Net Weight\": \"1 kg\",\n    \"Package Height\": \"27 cm\",\n    \"Package Length\": \"10 cm\",\n    \"Package Width\": \"6.5 cm\"\n}"
    },
    {
        "product_name": "Benefit Precisely, My Brow Eyebrow Pencil N 2 Light Medium",
        "brand_name": "Benefit",
        "brand_url": "https://shop.frankfurt-airport.com/en-US/brand/benefit",
        "retailer_name": "Frankfurt Duty Free",
        "retailer_url": "https://shop.frankfurt-airport.com/en-US/retailer/heinemann",
        "price": "\u20ac27.99",
        "price_per_quantity": "\u20ac34,987.50 / 100  g",
        "description": "Fake full brows! Oh my wow\u2026 precise & defined eyebrows! This ultra-fine eyebrow pencil draws incredibly natural-looking, hair-like strokes that last 12 budge-proof hours.* A few strokes of the rich yet blendable color will transform brows from shapeless & undefined to filled & defined eyebrows. Includes signature Tips & Tricks. Twist-up, non-sharpen tip. Built-in spoolie-brush. Waterproof** eyebrow pencil.*Instrumental test on 23 panelists. **Instrumental test on 22 panelists.Fake full brows! Oh my wow\u2026 precise & defined eyebrows! This ultra-fine eyebrow pencil draws incredibly natural-looking, hair-like strokes that last 12 budge-proof hours.* A few strokes of the rich yet blendable color will transform brows from shapeless & undefined to filled & defined eyebrows. Includes signature Tips & Tricks. Twist-up, non-sharpen tip. Built-in spoolie-brush. Waterproof** eyebrow pencil.*Instrumental test on 23 panelists. **Instrumental test on 22 panelists.",
        "additional_information": "{\n    \"Order Amount\": \"0.08 g\",\n    \"made in\": \"Japan\",\n    \"Warning Hints\": \"Avoid eye contact. Keep away from direct heat and sunlight.\",\n    \"Item Number\": \"1211281\",\n    \"Manufacturer Color\": \"No. 02 - LIGHT MEDIUM\",\n    \"Product Series\": \"Precisely, My Brow\",\n    \"Net Weight\": \"0.001 kg\",\n    \"Package Height\": \"1.7 cm\",\n    \"Package Length\": \"17 cm\",\n    \"Package Width\": \"2.5 cm\"\n}"
    },
    {
        "product_name": "Ballantine's Finest Blended Scotch Whisky 40% 1L",
        "brand_name": "Ballantine's",
        "brand_url": "https://shop.frankfurt-airport.com/en-US/brand/ballantine-s",
        "retailer_name": "Frankfurt Duty Free",
        "retailer_url": "https://shop.frankfurt-airport.com/en-US/retailer/heinemann",
        "price": "",
        "price_per_quantity": "\u20ac17.90 / 1  l",
        "description": "Ballantine's Finest is a complex, refined and elegant blended Scotch whisky. It is regarded as the taste to satisfy a modern style. The blend\u2019s light gold colour and unmistakable taste come from a complex mix of carefully selected malt and grain whiskies \u2013 all aged for many years in high-quality casksBallantine's Finest is a complex, refined and elegant blended Scotch whisky. It is regarded as the taste to satisfy a modern style. The blend\u2019s light gold colour and unmistakable taste come from a complex mix of carefully selected malt and grain whiskies \u2013 all aged for many years in high-quality casks",
        "additional_information": "{\n    \"Order Amount\": \"1 l\",\n    \"Calories\": \"921 kJ\",\n    \"Fat\": \" / \",\n    \"Carbonate\": \"220 kcal\",\n    \"thereof \": \"0 g\",\n    \"Sugar\": \"0 g\",\n    \"Protein\": \"0 g\",\n    \"made in\": \"0 g\",\n    \"With Colorant\": \"United Kingdom\",\n    \"GMO Free\": \"Yes\",\n    \"Warning Hints\": \"Yes\",\n    \"Item Number\": \"Please drink responsibly\",\n    \"Net Weight\": \"116084\",\n    \"Package Height\": \"1 kg\",\n    \"Package Length\": \"26.4 cm\",\n    \"Package Width\": \"6.6 cm\"\n}"
    },
    {
        "product_name": "Ballantine's Finest Blended Scotch Whisky 40% 2x1L gift pack",
        "brand_name": "Ballantine's",
        "brand_url": "https://shop.frankfurt-airport.com/en-US/brand/ballantine-s",
        "retailer_name": "Frankfurt Duty Free",
        "retailer_url": "https://shop.frankfurt-airport.com/en-US/retailer/heinemann",
        "price": "\u20ac39.99",
        "price_per_quantity": "\u20ac20.00 / 1  l",
        "description": "This easy-to-carry pack contains two 1L bottles of Ballantine's Finest blended Scotch whisky.This easy-to-carry pack contains two 1L bottles of Ballantine's Finest blended Scotch whisky.",
        "additional_information": "{\n    \"Order Amount\": \"2 l\",\n    \"Calories\": \"921 kJ\",\n    \"Fat\": \" / \",\n    \"Carbonate\": \"220 kcal\",\n    \"thereof \": \"0 g\",\n    \"Sugar\": \"0 g\",\n    \"Protein\": \"0 g\",\n    \"made in\": \"0 g\",\n    \"With Colorant\": \"United Kingdom\",\n    \"GMO Free\": \"Yes\",\n    \"Warning Hints\": \"Yes\",\n    \"Item Number\": \"Please drink responsibly\",\n    \"Net Weight\": \"121284\",\n    \"Package Height\": \"2 kg\",\n    \"Package Length\": \"27.8 cm\",\n    \"Package Width\": \"7.4 cm\"\n}"
    },
    {
        "product_name": "Balvenie 12y Golden Cask Speyside Single Malt Scotch Whisky 43% 0.7L",
        "brand_name": "Balvenie",
        "brand_url": "https://shop.frankfurt-airport.com/en-US/brand/balvenie",
        "retailer_name": "Frankfurt Duty Free",
        "retailer_url": "https://shop.frankfurt-airport.com/en-US/retailer/heinemann",
        "price": "\u20ac89.99",
        "price_per_quantity": "\u20ac128.56 / 1  l",
        "description": "Golden Cask has spent an initial 12 years in traditional EX-Bbourbon Cask, creating the classic Balvenie notes of warm, smooth honey, whilst a Finishing periode in KEelsey's rum-seasoned casks has added bold layers of tropical candied fruit and vanilla.\u200bGolden Cask has spent an initial 12 years in traditional EX-Bbourbon Cask, creating the classic Balvenie notes of warm, smooth honey, whilst a Finishing periode in KEelsey's rum-seasoned casks has added bold layers of tropical candied fruit and vanilla.\u200b",
        "additional_information": "{\n    \"Order Amount\": \"0.7 l\",\n    \"made in\": \"United Kingdom\",\n    \"With Colorant\": \"Yes\",\n    \"Storage Conditions\": \"Store in a cool dry place.\",\n    \"Warning Hints\": \"Drink responsibly.\",\n    \"Item Number\": \"1676475\",\n    \"Net Weight\": \"0.7 kg\",\n    \"Package Height\": \"2.7 cm\",\n    \"Package Length\": \"9.7 cm\",\n    \"Package Width\": \"9.7 cm\"\n}"
    },
    {
        "product_name": "Balvenie 15y Madeira Cask Speyside Single Malt Scotch Whisky 43% 0.7L gift pack",
        "brand_name": "Balvenie",
        "brand_url": "https://shop.frankfurt-airport.com/en-US/brand/balvenie",
        "retailer_name": "Frankfurt Duty Free",
        "retailer_url": "https://shop.frankfurt-airport.com/en-US/retailer/heinemann",
        "price": "\u20ac149.99",
        "price_per_quantity": "\u20ac214.27 / 1  l",
        "description": "The Balvenie Madeira Cask 15YO is a lively and summery single malt finished in casks previously held sweet Madeira wine.",
        "additional_information": "{\n    \"Order Amount\": \"0.7 l\",\n    \"Calories\": \"984 kJ\",\n    \"Carbonate\": \" / \",\n    \"thereof \": \"237 kcal\",\n    \"Sugar\": \"0.1 g\",\n    \"made in\": \"0.1 g\",\n    \"With Colorant\": \"United Kingdom\",\n    \"GMO Free\": \"No\",\n    \"Storage Conditions\": \"Yes\",\n    \"Warning Hints\": \"Store in a cool dry place.\",\n    \"Item Number\": \"Drink responsibly.\",\n    \"Net Weight\": \"1511795\",\n    \"Package Height\": \"0.7 kg\",\n    \"Package Length\": \"24 cm\",\n    \"Package Width\": \"8.7 cm\"\n}"
    },
    {
        "product_name": "The Balvenie Week of Peat 19y Speyside Single Malt Scotch Whisky 48.3% 0.7L",
        "brand_name": "Balvenie",
        "brand_url": "https://shop.frankfurt-airport.com/en-US/brand/balvenie",
        "retailer_name": "Frankfurt Duty Free",
        "retailer_url": "https://shop.frankfurt-airport.com/en-US/retailer/heinemann",
        "price": "\u20ac339.99",
        "price_per_quantity": "\u20ac485.70 / 1  l",
        "description": "The Week of Peat Aged 19 Years, has been released exclusively into global travel retail across the world as a limited edition product. This latest smoky addition has been matured in three different types of casks and was created by The Balvenie Malt Master\u2019s  Apprentice, Kelsey McKechnie.  Under the stewardship of industry legend David C. Stewart MBE, Kelsey has been honing her traditional craft of whisky making in the spirit of innovation and always in search of flavour.The Week of Peat Aged 19 Years, has been released exclusively into global travel retail across the world as a limited edition product. This latest smoky addition has been matured in three different types of casks and was created by The Balvenie Malt Master\u2019s  Apprentice, Kelsey McKechnie.  Under the stewardship of industry legend David C. Stewart MBE, Kelsey has been honing her traditional craft of whisky making in the spirit of innovation and always in search of flavour.",
        "additional_information": "{\n    \"Order Amount\": \"0.7 l\",\n    \"Calories\": \"1,105 kJ\",\n    \"Fat\": \" / \",\n    \"thereof \": \"0.1 g\",\n    \"Saturated Fatty Acids\": \"0 g\",\n    \"Carbonate\": \"0 g\",\n    \"Sugar\": \"0.1 g\",\n    \"Protein\": \"0 g\",\n    \"Salt\": \"0 g\",\n    \"made in\": \"United Kingdom\",\n    \"With Colorant\": \"No\",\n    \"GMO Free\": \"Yes\",\n    \"Storage Conditions\": \"Store in a cool dry place.\",\n    \"Warning Hints\": \"Drink responsibly.\",\n    \"Item Number\": \"1526199\",\n    \"Net Weight\": \"0.7 kg\",\n    \"Package Height\": \"26.2 cm\",\n    \"Package Length\": \"9 cm\",\n    \"Package Width\": \"9 cm\"\n}"
    },
    {
        "product_name": "Balvenie 11y Speyside Single Malt Scotch Whisky Hungarian Cask Edition 47.4% 0.7L",
        "brand_name": "Balvenie",
        "brand_url": "https://shop.frankfurt-airport.com/en-US/brand/balvenie",
        "retailer_name": "Frankfurt Duty Free",
        "retailer_url": "https://shop.frankfurt-airport.com/en-US/retailer/heinemann",
        "price": "\u20ac89.99",
        "price_per_quantity": "\u20ac128.56 / 1  l",
        "description": "The Balvenie has launched four new expressions within its evolving Stories Range, A Collection of Curious Casks. Each expression brings to life the environment of The Balvenie\u2019s warehouses which lie at the heart of the release, whilst celebrating the power of close friendship and collaboration between Malt Master Kelsey McKechnie and Warehouse and Samples Coordinator George Paterson.The Balvenie has launched four new expressions within its evolving Stories Range, A Collection of Curious Casks. Each expression brings to life the environment of The Balvenie\u2019s warehouses which lie at the heart of the release, whilst celebrating the power of close friendship and collaboration between Malt Master Kelsey McKechnie and Warehouse and Samples Coordinator George Paterson.",
        "additional_information": "{\n    \"Order Amount\": \"0.7 l\",\n    \"Calories\": \"1,085 kJ\",\n    \"made in\": \" / \",\n    \"With Colorant\": \"262 kcal\",\n    \"Storage Conditions\": \"United Kingdom\",\n    \"Warning Hints\": \"Yes\",\n    \"Item Number\": \"Store in a cool dry place.\",\n    \"Net Weight\": \"Drink responsibly.\",\n    \"Package Height\": \"1662732\",\n    \"Package Length\": \"0.7 kg\",\n    \"Package Width\": \"26.5 cm\"\n}"
    },
    {
        "product_name": "Biotherm Day Control 72h Deo Roll-On 75 ml",
        "brand_name": "Biotherm",
        "brand_url": "https://shop.frankfurt-airport.com/en-US/brand/biotherm",
        "retailer_name": "Frankfurt Duty Free",
        "retailer_url": "https://shop.frankfurt-airport.com/en-US/retailer/heinemann",
        "price": "\u20ac19.90",
        "price_per_quantity": "\u20ac26.53 / 100  ml",
        "description": "Day control renovation: New at travel retail, Day Control 72h extreme protect ensures up to 72 hours of deodorizing action for a long-lasting protection and a fresh & dry feeling.Day control renovation: New at travel retail, Day Control 72h extreme protect ensures up to 72 hours of deodorizing action for a long-lasting protection and a fresh & dry feeling.",
        "additional_information": "{\n    \"Order Amount\": \"75 ml\",\n    \"Warning Hints\": \"Avoid eye contact. Keep away from direct heat and sunlight.\",\n    \"Item Number\": \"1177615\",\n    \"Product Series\": \"Day Control\",\n    \"Net Weight\": \"0.075 kg\",\n    \"Package Height\": \"11.4 cm\",\n    \"Package Length\": \"4.8 cm\",\n    \"Package Width\": \"4.8 cm\"\n}"
    },
    {
        "product_name": "Biotherm Moisturizing Lait Corporel Anti-Drying Body Milk 400 ml",
        "brand_name": "Biotherm",
        "brand_url": "https://shop.frankfurt-airport.com/en-US/brand/biotherm",
        "retailer_name": "Frankfurt Duty Free",
        "retailer_url": "https://shop.frankfurt-airport.com/en-US/retailer/heinemann",
        "price": "\u20ac18.90",
        "price_per_quantity": "\u20ac47.25 / 1  l",
        "description": "This everyday body lotion instantly helps the skin recover its smooth and satiny appearance. Discover a texture that is neither sticky nor oily,and the mythical and deliciously addictive citrus Fragrance.This everyday body lotion instantly helps the skin recover its smooth and satiny appearance. Discover a texture that is neither sticky nor oily,and the mythical and deliciously addictive citrus Fragrance.",
        "additional_information": "{\n    \"Order Amount\": \"400 ml\",\n    \"Item Number\": \"95335\",\n    \"Product Series\": \"Lait Corporel\",\n    \"Net Weight\": \"0.4 kg\",\n    \"Package Height\": \"20.2 cm\",\n    \"Package Length\": \"4.5 cm\",\n    \"Package Width\": \"6 cm\"\n}"
    },
    {
        "product_name": "Balvenie 25y Speyside Single Malt Scotch Whisky 48% 0.7L gift pack",
        "brand_name": "Balvenie",
        "brand_url": "https://shop.frankfurt-airport.com/en-US/brand/balvenie",
        "retailer_name": "Frankfurt Duty Free",
        "retailer_url": "https://shop.frankfurt-airport.com/en-US/retailer/heinemann",
        "price": "\u20ac839.00",
        "price_per_quantity": "\u20ac1,198.57 / 1  l",
        "description": "The Balvenie Twenty-Five is the youngest within the prestigious Rare Marriages Range, a collection of three distinct whiskies that showcase extraordinary layers of depth and complexity.",
        "additional_information": "{\n    \"Order Amount\": \"0.7 l\",\n    \"Calories\": \"0 g\",\n    \"Fat\": \" / \",\n    \"thereof \": \"0.1 g\",\n    \"Saturated Fatty Acids\": \"0 g\",\n    \"Carbonate\": \"0 g\",\n    \"Sugar\": \"0.1 g\",\n    \"made in\": \"United Kingdom\",\n    \"With Colorant\": \"No\",\n    \"GMO Free\": \"Yes\",\n    \"Storage Conditions\": \"Store in a cool dry place.\",\n    \"Warning Hints\": \"Drink responsibly.\",\n    \"Item Number\": \"1493216\",\n    \"Net Weight\": \"0.7 kg\",\n    \"Package Height\": \"27 cm\",\n    \"Package Length\": \"8.95 cm\",\n    \"Package Width\": \"8.95 cm\"\n}"
    },
    {
        "product_name": "Biotherm Eau Pure Eau de Toilette 100 ml",
        "brand_name": "Biotherm",
        "brand_url": "https://shop.frankfurt-airport.com/en-US/brand/biotherm",
        "retailer_name": "Frankfurt Duty Free",
        "retailer_url": "https://shop.frankfurt-airport.com/en-US/retailer/heinemann",
        "price": "\u20ac39.99",
        "price_per_quantity": "\u20ac39.99 / 100  ml",
        "description": "A vivifying Fragrance inspired by a white water cascade. Enriched with essential oils of sage and lime it leaves the skin feeling toned and intensely refreshed.A vivifying Fragrance inspired by a white water cascade. Enriched with essential oils of sage and lime it leaves the skin feeling toned and intensely refreshed.",
        "additional_information": "{\n    \"Order Amount\": \"100 ml\",\n    \"Target Gender\": \"Female\",\n    \"made in\": \"France\",\n    \"Type of Fragrance\": \"Eau De Toilette\",\n    \"Item Number\": \"926942\",\n    \"Product Series\": \"Eaux\",\n    \"Net Weight\": \"0.1 kg\",\n    \"Package Height\": \"17 cm\",\n    \"Package Length\": \"4.6 cm\",\n    \"Package Width\": \"6.5 cm\"\n}"
    },
    {
        "product_name": "Biotherm Biosource Clarifying Milk 400 ml",
        "brand_name": "Biotherm",
        "brand_url": "https://shop.frankfurt-airport.com/en-US/brand/biotherm",
        "retailer_name": "Frankfurt Duty Free",
        "retailer_url": "https://shop.frankfurt-airport.com/en-US/retailer/heinemann",
        "price": "\u20ac28.99",
        "price_per_quantity": "\u20ac72.48 / 1  l",
        "description": "Toning the skin is one of the most important steps of your daily skin care routine. This refreshing face toner reaches the deep dirt  that cleansers cannot. More than a simple toner, it works as an exfoliant, ridding your skin of impurities and dead cells, revealing its natural radiance. Tones and leaves skin feeling clean and fresh.Toning the skin is one of the most important steps of your daily skin care routine. This refreshing face toner reaches the deep dirt  that cleansers cannot. More than a simple toner, it works as an exfoliant, ridding your skin of impurities and dead cells, revealing its natural radiance. Tones and leaves skin feeling clean and fresh.",
        "additional_information": "{\n    \"Order Amount\": \"400 ml\",\n    \"Warning Hints\": \"Avoid eye contact. Keep away from direct heat and sunlight.\",\n    \"Item Number\": \"1183772\",\n    \"Product Series\": \"Biosource\",\n    \"Net Weight\": \"0.4 kg\",\n    \"Package Height\": \"21 cm\",\n    \"Package Length\": \"5.5 cm\",\n    \"Package Width\": \"6.5 cm\"\n}"
    },
    {
        "product_name": "Biotherm Homme Body Care Day Control Dodorant Stick 50 ml",
        "brand_name": "Biotherm",
        "brand_url": "https://shop.frankfurt-airport.com/en-US/brand/biotherm",
        "retailer_name": "Frankfurt Duty Free",
        "retailer_url": "https://shop.frankfurt-airport.com/en-US/retailer/heinemann",
        "price": "\u20ac17.99",
        "price_per_quantity": "\u20ac35.98 / 100  ml",
        "description": "The fluid texture and the applicator stick enable easy product distribution. Sensation of freshness and softness upon application. Instant absorption of product by the skin. The product leaves skin protected from perspiration odour with a light, powdery and soft-to-the-touch film without causing stickiness.The fluid texture and the applicator stick enable easy product distribution. Sensation of freshness and softness upon application. Instant absorption of product by the skin. The product leaves skin protected from perspiration odour with a light, powdery and soft-to-the-touch film without causing stickiness.",
        "additional_information": "{\n    \"Order Amount\": \"50 ml\",\n    \"Item Number\": \"704568\",\n    \"Product Series\": \"Day Control\",\n    \"Net Weight\": \"0.05 kg\",\n    \"Package Height\": \"11.2 cm\",\n    \"Package Length\": \"2.5 cm\",\n    \"Package Width\": \"5 cm\"\n}"
    },
    {
        "product_name": "Biotherm Homme AquaFitness Shower Gel for Skin and Hair 200 ml",
        "brand_name": "Biotherm",
        "brand_url": "https://shop.frankfurt-airport.com/en-US/brand/biotherm",
        "retailer_name": "Frankfurt Duty Free",
        "retailer_url": "https://shop.frankfurt-airport.com/en-US/retailer/heinemann",
        "price": "\u20ac20.99",
        "price_per_quantity": "\u20ac10.50 / 100  ml",
        "description": "A new instant revitalising shower gel that cleanses the hair and leaves skin feeling moisturised. Enriched with ocean water naturally rich in trace elements and minerals. An instant fresh and revitalising effect , 98% biodegradable in water.A new instant revitalising shower gel that cleanses the hair and leaves skin feeling moisturised. Enriched with ocean water naturally rich in trace elements and minerals. An instant fresh and revitalising effect , 98% biodegradable in water.",
        "additional_information": "{\n    \"Order Amount\": \"200 ml\",\n    \"Item Number\": \"1027811\",\n    \"Product Series\": \"Aquafitness\",\n    \"Net Weight\": \"0.2 kg\",\n    \"Package Height\": \"18 cm\",\n    \"Package Length\": \"5 cm\",\n    \"Package Width\": \"8 cm\"\n}"
    },
    {
        "product_name": "Biotherm Life Plankton Face Mask",
        "brand_name": "Biotherm",
        "brand_url": "https://shop.frankfurt-airport.com/en-US/brand/biotherm",
        "retailer_name": "Frankfurt Duty Free",
        "retailer_url": "https://shop.frankfurt-airport.com/en-US/retailer/heinemann",
        "price": "\u20ac5.99",
        "price_per_quantity": "\u20ac22.19 / 100  g",
        "description": "8 days of the life plankton essence miracle in 1 cotton sheet mask.8 days of the life plankton essence miracle in 1 cotton sheet mask.",
        "additional_information": "{\n    \"Order Amount\": \"27 g\",\n    \"Warning Hints\": \"Avoid eye contact. Keep away from direct heat and sunlight.\",\n    \"Item Number\": \"1305163\",\n    \"Product Series\": \"Life Plankton\",\n    \"Net Weight\": \"0.027 kg\",\n    \"Package Height\": \"16 cm\",\n    \"Package Length\": \"0.2 cm\",\n    \"Package Width\": \"12 cm\"\n}"
    },
    {
        "product_name": "Biotherm Homme Aquapower Day Creme 50 ml",
        "brand_name": "Biotherm",
        "brand_url": "https://shop.frankfurt-airport.com/en-US/brand/biotherm",
        "retailer_name": "Frankfurt Duty Free",
        "retailer_url": "https://shop.frankfurt-airport.com/en-US/retailer/heinemann",
        "price": "\u20ac29.90",
        "price_per_quantity": "\u20ac59.80 / 100  ml",
        "description": "Aquapower quenches, tones and leaves dry skin feeling soft and supple all day. As soon as it is applied skin feels quenched, revitalised and ultra-fresh.Aquapower quenches, tones and leaves dry skin feeling soft and supple all day. As soon as it is applied skin feels quenched, revitalised and ultra-fresh.",
        "additional_information": "{\n    \"Order Amount\": \"50 ml\",\n    \"Item Number\": \"1125858\",\n    \"Product Series\": \"Aquapower\",\n    \"Net Weight\": \"0.05 kg\",\n    \"Package Height\": \"6.1 cm\",\n    \"Package Length\": \"7 cm\",\n    \"Package Width\": \"7 cm\"\n}"
    },
    {
        "product_name": "Biotherm Homme Aquapower Ice Cooling 48H Control Roll-on Deodorant 75 ml",
        "brand_name": "Biotherm",
        "brand_url": "https://shop.frankfurt-airport.com/en-US/brand/biotherm",
        "retailer_name": "Frankfurt Duty Free",
        "retailer_url": "https://shop.frankfurt-airport.com/en-US/retailer/heinemann",
        "price": "\u20ac17.99",
        "price_per_quantity": "\u20ac23.99 / 100  ml",
        "description": "The first oligo-thermal deodorant developped with anti-transpirant technology, delivering the iconic cool fresh mint scent of Aquapower for 48h in control.The first oligo-thermal deodorant developped with anti-transpirant technology, delivering the iconic cool fresh mint scent of Aquapower for 48h in control.",
        "additional_information": "{\n    \"Order Amount\": \"75 ml\",\n    \"Warning Hints\": \"Avoid eye contact. Keep away from direct heat and sunlight.\",\n    \"Item Number\": \"1371606\",\n    \"Product Series\": \"Aquapower\",\n    \"Net Weight\": \"0.075 kg\",\n    \"Package Height\": \"11.4 cm\",\n    \"Package Length\": \"4.8 cm\",\n    \"Package Width\": \"4.8 cm\"\n}"
    },
    {
        "product_name": "Biotherm Eau D'Energie Eau de Toilette 100 ml",
        "brand_name": "Biotherm",
        "brand_url": "https://shop.frankfurt-airport.com/en-US/brand/biotherm",
        "retailer_name": "Frankfurt Duty Free",
        "retailer_url": "https://shop.frankfurt-airport.com/en-US/retailer/heinemann",
        "price": "\u20ac39.99",
        "price_per_quantity": "\u20ac39.99 / 100  ml",
        "description": "Gentle care for the skin, enriched with natural fruit essences combined with Vitamin E and moisturising agents, for comfortable, supple, velvety-smooth skin that radiates with softness and beauty. A treat for your skin, enchantment for your senses. . . Eau d'Energie is a Fragrance for every day, every occasion, perfect as a shot of vitality for a sense of well-being.Gentle care for the skin, enriched with natural fruit essences combined with Vitamin E and moisturising agents, for comfortable, supple, velvety-smooth skin that radiates with softness and beauty. A treat for your skin, enchantment for your senses. . . Eau d'Energie is a Fragrance for every day, every occasion, perfect as a shot of vitality for a sense of well-being.",
        "additional_information": "{\n    \"Order Amount\": \"100 ml\",\n    \"Target Gender\": \"Female\",\n    \"made in\": \"France\",\n    \"Type of Fragrance\": \"Eau De Toilette\",\n    \"Item Number\": \"804973\",\n    \"Product Series\": \"Eaux\",\n    \"Net Weight\": \"0.1 kg\",\n    \"Package Height\": \"16.7 cm\",\n    \"Package Length\": \"4.5 cm\",\n    \"Package Width\": \"6.3 cm\"\n}"
    },
    {
        "product_name": "Biotherm Homme Day Control Deodorant Roll-on Trio",
        "brand_name": "Biotherm",
        "brand_url": "https://shop.frankfurt-airport.com/en-US/brand/biotherm",
        "retailer_name": "Frankfurt Duty Free",
        "retailer_url": "https://shop.frankfurt-airport.com/en-US/retailer/heinemann",
        "price": "\u20ac54.99",
        "price_per_quantity": "",
        "description": "Biotherm Day Control Deodorant Roll-on Trio cont.: 3 x 75  mlBiotherm Day Control Deodorant Roll-on Trio cont.: 3 x 75  ml",
        "additional_information": "{\n    \"Item Number\": \"448539\",\n    \"Product Series\": \"Day Control\",\n    \"Net Weight\": \"0.225 kg\",\n    \"Package Height\": \"11.5 cm\",\n    \"Package Length\": \"4.6 cm\",\n    \"Package Width\": \"14 cm\"\n}"
    },
    {
        "product_name": "Biotherm Homme Force Supreme Eye Architect Serum 15 ml",
        "brand_name": "Biotherm",
        "brand_url": "https://shop.frankfurt-airport.com/en-US/brand/biotherm",
        "retailer_name": "Frankfurt Duty Free",
        "retailer_url": "https://shop.frankfurt-airport.com/en-US/retailer/heinemann",
        "price": "\u20ac44.99",
        "price_per_quantity": "\u20ac299.93 / 100  ml",
        "description": "Instantly blurs/smoothes lines and lifts deep-set wrinkles on the long-term. Reactivates the skin\u2019s vital and in depth functions to restore its substance. Reconstructs skin\u2019s structure damaged over time.Instantly blurs/smoothes lines and lifts deep-set wrinkles on the long-term. Reactivates the skin\u2019s vital and in depth functions to restore its substance. Reconstructs skin\u2019s structure damaged over time.",
        "additional_information": "{\n    \"Order Amount\": \"15 ml\",\n    \"Item Number\": \"1094216\",\n    \"Product Series\": \"Force Supreme\",\n    \"Net Weight\": \"0.015 kg\",\n    \"Package Height\": \"11.7 cm\",\n    \"Package Length\": \"2.2 cm\",\n    \"Package Width\": \"3 cm\"\n}"
    },
    {
        "product_name": "Biotherm Homme Day Control Dodorant Roll-On 75 ml",
        "brand_name": "Biotherm",
        "brand_url": "https://shop.frankfurt-airport.com/en-US/brand/biotherm",
        "retailer_name": "Frankfurt Duty Free",
        "retailer_url": "https://shop.frankfurt-airport.com/en-US/retailer/heinemann",
        "price": "\u20ac19.90",
        "price_per_quantity": "\u20ac26.53 / 100  ml",
        "description": "The fluid texture and the applicator roll-on enable easy product distribution. Sensation of freshness and softness upon application.  Instant absorption of product by the skin. The product leaves skin protected from perspiration odour with a light, powdery and soft-to-the-touch film without causing stickiness.The fluid texture and the applicator roll-on enable easy product distribution. Sensation of freshness and softness upon application.  Instant absorption of product by the skin. The product leaves skin protected from perspiration odour with a light, powdery and soft-to-the-touch film without causing stickiness.",
        "additional_information": "{\n    \"Order Amount\": \"75 ml\",\n    \"Item Number\": \"704570\",\n    \"Product Series\": \"Day Control\",\n    \"Net Weight\": \"0.075 kg\",\n    \"Package Height\": \"11 cm\",\n    \"Package Length\": \"4.5 cm\",\n    \"Package Width\": \"5 cm\"\n}"
    },
    {
        "product_name": "Biotherm Homme Force Supreme Reshape Cream 50 ml",
        "brand_name": "Biotherm",
        "brand_url": "https://shop.frankfurt-airport.com/en-US/brand/biotherm",
        "retailer_name": "Frankfurt Duty Free",
        "retailer_url": "https://shop.frankfurt-airport.com/en-US/retailer/heinemann",
        "price": "\u20ac59.99",
        "price_per_quantity": "\u20ac119.98 / 100  ml",
        "description": "Force Supreme Youth Reshaping Cream is a multi-corrective anti-ageing care that brings shape, strength and youth back to your skin. Its multi-layer technology ensures an in-depth action on all visible signs of ageing. Against sagging skin, wrinkles, dark spots, dullness & dryness.Force Supreme Youth Reshaping Cream is a multi-corrective anti-ageing care that brings shape, strength and youth back to your skin. Its multi-layer technology ensures an in-depth action on all visible signs of ageing. Against sagging skin, wrinkles, dark spots, dullness & dryness.",
        "additional_information": "{\n    \"Order Amount\": \"50 ml\",\n    \"Warning Hints\": \"Avoid eye contact. Keep away from direct heat and sunlight.\",\n    \"Item Number\": \"1146144\",\n    \"Product Series\": \"Force Supreme\",\n    \"Net Weight\": \"0.05 kg\",\n    \"Package Height\": \"6.5 cm\",\n    \"Package Length\": \"7 cm\",\n    \"Package Width\": \"7 cm\"\n}"
    },
    {
        "product_name": "Biotherm Deodorant Pure Roll-On Natural Protect 75 ml",
        "brand_name": "Biotherm",
        "brand_url": "https://shop.frankfurt-airport.com/en-US/brand/biotherm",
        "retailer_name": "Frankfurt Duty Free",
        "retailer_url": "https://shop.frankfurt-airport.com/en-US/retailer/heinemann",
        "price": "\u20ac18.99",
        "price_per_quantity": "\u20ac25.32 / 100  ml",
        "description": "Biotherm introduces Deo Pure Natural Protect. Formulated with naturally sourced ingredients, it is our 1st paraben free and aluminium free deodorant certified by Ecocert. Enriched with aloe vera it helps protect and soothe underarm skin.Biotherm introduces Deo Pure Natural Protect. Formulated with naturally sourced ingredients, it is our 1st paraben free and aluminium free deodorant certified by Ecocert. Enriched with aloe vera it helps protect and soothe underarm skin.",
        "additional_information": "{\n    \"Order Amount\": \"75 ml\",\n    \"Item Number\": \"171418\",\n    \"Product Series\": \"Deo Pure\",\n    \"Net Weight\": \"0.075 kg\",\n    \"Package Height\": \"11.3 cm\",\n    \"Package Length\": \"5 cm\",\n    \"Package Width\": \"5 cm\"\n}"
    },
    {
        "product_name": "Biotherm Aquasource Classic Aqua Super Mask Bounce 35 g",
        "brand_name": "Biotherm",
        "brand_url": "https://shop.frankfurt-airport.com/en-US/brand/biotherm",
        "retailer_name": "Frankfurt Duty Free",
        "retailer_url": "https://shop.frankfurt-airport.com/en-US/retailer/heinemann",
        "price": "\u20ac5.49",
        "price_per_quantity": "\u20ac17.71 / 100  g",
        "description": "What's unique about it: Aqua Bounce Flash Mask is a second-skin hydrating face mask that deeply infuses skin with intense hydration,  powered by the combination of Hyaluronic Acid and probiotic Life Plankton water for bouncy skin in one application. One moisturizing sheet mask is enough for deeply replenished, suppler and super dewy skin. Key Ingredients: This moisturizing face mask is formulated with a combination of: - Hyaluronic Acid, known for its powerful skin hydration & plumping properties - The same concentration of Life Plankton water found in one full bottle of your Super Concentrate*. Thanks to this combination, the skin gets so hydrated it bounces back. * Life Plankton Water concentration in a 50ml Super Concentrate bottle.What's unique about it: Aqua Bounce Flash Mask is a second-skin hydrating face mask that deeply infuses skin with intense hydration,  powered by the combination of Hyaluronic Acid and probiotic Life Plankton water for bouncy skin in one application. One moisturizing sheet mask is enough for deeply replenished, suppler and super dewy skin. Key Ingredients: This moisturizing face mask is formulated with a combination of: - Hyaluronic Acid, known for its powerful skin hydration & plumping properties - The same concentration of Life Plankton water found in one full bottle of your Super Concentrate*. Thanks to this combination, the skin gets so hydrated it bounces back. * Life Plankton Water concentration in a 50ml Super Concentrate bottle.",
        "additional_information": "{\n    \"Order Amount\": \"31 g\",\n    \"Warning Hints\": \"Avoid eye contact. Keep away from direct heat and sunlight.\",\n    \"Item Number\": \"1457151\",\n    \"Product Series\": \"Aquasource\",\n    \"Net Weight\": \"0.031 kg\",\n    \"Package Height\": \"0.3 cm\",\n    \"Package Length\": \"16.2 cm\",\n    \"Package Width\": \"13 cm\"\n}"
    },
    {
        "product_name": "Biotherm Blue Peptides Uplift Cream SPF 30 50 ml",
        "brand_name": "Biotherm",
        "brand_url": "https://shop.frankfurt-airport.com/en-US/brand/biotherm",
        "retailer_name": "Frankfurt Duty Free",
        "retailer_url": "https://shop.frankfurt-airport.com/en-US/retailer/heinemann",
        "price": "\u20ac84.99",
        "price_per_quantity": "\u20ac169.98 / 100  ml",
        "description": "A silky-textured cream from new cutting-edge Blue Peptides Range blending Life Plankton\u2122 with collagen peptides to boost collagen levels and maintain firm and visibly lifted skin. It provides a radiant glow and high SPF protection to protect your skin from further ageing effects of UV rays.Amplified by BLUE SCIENCELIFE PLANKTON - patented active triggering skin regeneration and boosting  formula efficacy. COLLAGEN PEPTIDES FRACTION - Boosts inner collagen production to firm up skinSPF 30 - Protects collagen against ageing UV raysTrue to our BLUE COMMITMENTS100% silicon free 100% vegan collagen peptide fractions. High SPF filters respectful of aquatic life. 40% recycled glass jar capped with 100% PCR recycled plastic.A silky-textured cream from new cutting-edge Blue Peptides Range blending Life Plankton\u2122 with collagen peptides to boost collagen levels and maintain firm and visibly lifted skin. It provides a radiant glow and high SPF protection to protect your skin from further ageing effects of UV rays.Amplified by BLUE SCIENCELIFE PLANKTON - patented active triggering skin regeneration and boosting  formula efficacy. COLLAGEN PEPTIDES FRACTION - Boosts inner collagen production to firm up skinSPF 30 - Protects collagen against ageing UV raysTrue to our BLUE COMMITMENTS100% silicon free 100% vegan collagen peptide fractions. High SPF filters respectful of aquatic life. 40% recycled glass jar capped with 100% PCR recycled plastic.",
        "additional_information": "{\n    \"Order Amount\": \"50 ml\",\n    \"Warning Hints\": \"Avoid eye contact. Keep away from direct heat and sunlight.\",\n    \"Item Number\": \"1611959\",\n    \"Product Series\": \"Blue Peptides\",\n    \"Net Weight\": \"0.05 kg\",\n    \"Package Height\": \"6.2 cm\",\n    \"Package Length\": \"7.4 cm\",\n    \"Package Width\": \"7.4 cm\"\n}"
    },
    {
        "product_name": "Biotherm Biosource Cleansing Mousse 150 ml",
        "brand_name": "Biotherm",
        "brand_url": "https://shop.frankfurt-airport.com/en-US/brand/biotherm",
        "retailer_name": "Frankfurt Duty Free",
        "retailer_url": "https://shop.frankfurt-airport.com/en-US/retailer/heinemann",
        "price": "\u20ac19.90",
        "price_per_quantity": "\u20ac13.27 / 100  ml",
        "description": "Biotherm biologists create Biosource, Hydra-mineral cleanser toning mousse. Enriched in zinc, it cleanses the skin without causing aggression. Results: the skin is cleansed and invigorated.Biotherm biologists create Biosource, Hydra-mineral cleanser toning mousse. Enriched in zinc, it cleanses the skin without causing aggression. Results: the skin is cleansed and invigorated.",
        "additional_information": "{\n    \"Order Amount\": \"150 ml\",\n    \"Item Number\": \"191227\",\n    \"Product Series\": \"Biosource\",\n    \"Net Weight\": \"0.15 kg\",\n    \"Package Height\": \"4 cm\",\n    \"Package Length\": \"6 cm\",\n    \"Package Width\": \"18.5 cm\"\n}"
    },
    {
        "product_name": "Biotherm Blue Therapy Retinol Night Concentrate MV 30 ml",
        "brand_name": "Biotherm",
        "brand_url": "https://shop.frankfurt-airport.com/en-US/brand/biotherm",
        "retailer_name": "Frankfurt Duty Free",
        "retailer_url": "https://shop.frankfurt-airport.com/en-US/retailer/heinemann",
        "price": "\u20ac72.99",
        "price_per_quantity": "\u20ac243.30 / 100  ml",
        "description": "A  powerful Bioscience innovation offering the highest resurfacing efficacy. Every night, it targets wrinkles, evenness and skin quality to daily reveal a heathy and youthful skin.Amplified by BLUE SCIENCENew Blue Retinol: 1% Life Plankton + 0.25% Pure Retinol. The combination of highly concentrated Pure Retinol with our potent regenerative active Life Plankton for amplified resurfacing efficacy. True to our BLUE COMMITMENTS Biotherm is committed to a better future for our oceans since 2012.100% vegan formula* and 92% biodegradable clean formula. Eco-designed packaging: 25% recycled glass bottle. *No animal-derived ingredientsA  powerful Bioscience innovation offering the highest resurfacing efficacy. Every night, it targets wrinkles, evenness and skin quality to daily reveal a heathy and youthful skin.Amplified by BLUE SCIENCENew Blue Retinol: 1% Life Plankton + 0.25% Pure Retinol. The combination of highly concentrated Pure Retinol with our potent regenerative active Life Plankton for amplified resurfacing efficacy. True to our BLUE COMMITMENTS Biotherm is committed to a better future for our oceans since 2012.100% vegan formula* and 92% biodegradable clean formula. Eco-designed packaging: 25% recycled glass bottle. *No animal-derived ingredients",
        "additional_information": "{\n    \"Order Amount\": \"30 ml\",\n    \"Warning Hints\": \"Avoid eye contact. Keep away from direct heat and sunlight.\",\n    \"Item Number\": \"1535176\",\n    \"Product Series\": \"Blue Therapy\",\n    \"Net Weight\": \"0.03 kg\",\n    \"Package Height\": \"11.4 cm\",\n    \"Package Length\": \"4 cm\",\n    \"Package Width\": \"4.2 cm\"\n}"
    },
    {
        "product_name": "Biotherm Aquasource Classic Aqua Super Mask Pure 35 g",
        "brand_name": "Biotherm",
        "brand_url": "https://shop.frankfurt-airport.com/en-US/brand/biotherm",
        "retailer_name": "Frankfurt Duty Free",
        "retailer_url": "https://shop.frankfurt-airport.com/en-US/retailer/heinemann",
        "price": "\u20ac5.49",
        "price_per_quantity": "\u20ac17.71 / 100  g",
        "description": "What's unique about it: Aqua Pure Flash Mask is a second-skin hydrating mask that deeply infuses skin with intense skin hydration, powered by the combination of Salicylic Acid and probiotic Life Plankton water, for pure skin in one application. One sheet mask is enough to deeply replenish and refine your skin, with pores appearing tighter, less visible and skin looking purified and fresh. Key  Ingredients: This moisturizing face mask is formulated with a combination of: - Salicylic Acid, known for its powerful purifying properties. - The same concentration of Life Plankton water found in one full bottle of your Super Concentrate*. This combination will give your skin a fresh start. * Life Plankton Water concentration in a 50ml Super Concentrate bottle.What's unique about it: Aqua Pure Flash Mask is a second-skin hydrating mask that deeply infuses skin with intense skin hydration, powered by the combination of Salicylic Acid and probiotic Life Plankton water, for pure skin in one application. One sheet mask is enough to deeply replenish and refine your skin, with pores appearing tighter, less visible and skin looking purified and fresh. Key  Ingredients: This moisturizing face mask is formulated with a combination of: - Salicylic Acid, known for its powerful purifying properties. - The same concentration of Life Plankton water found in one full bottle of your Super Concentrate*. This combination will give your skin a fresh start. * Life Plankton Water concentration in a 50ml Super Concentrate bottle.",
        "additional_information": "{\n    \"Order Amount\": \"31 g\",\n    \"Warning Hints\": \"Avoid eye contact. Keep away from direct heat and sunlight.\",\n    \"Item Number\": \"1457152\",\n    \"Product Series\": \"Aquasource\",\n    \"Net Weight\": \"0.031 kg\",\n    \"Package Height\": \"16 cm\",\n    \"Package Length\": \"13 cm\",\n    \"Package Width\": \"0.5 cm\"\n}"
    },
    {
        "product_name": "Biotherm Aquasource Classic Aqua Super Mask Glow 35 g",
        "brand_name": "Biotherm",
        "brand_url": "https://shop.frankfurt-airport.com/en-US/brand/biotherm",
        "retailer_name": "Frankfurt Duty Free",
        "retailer_url": "https://shop.frankfurt-airport.com/en-US/retailer/heinemann",
        "price": "\u20ac5.49",
        "price_per_quantity": "\u20ac17.71 / 100  g",
        "description": "What's unique about it: Aqua Glow Flash Mask is a second-skin hydrating face mask that deeply infuses skin with intense hydration. Thanks to this powerful combination of Vitamin C and probiotic Life Plankton water, skin is more glowing with one application. One moisturizing sheet mask is enough to deeply replenish and revive your skin's natural ability to glow. Key Ingredients: This hydrating mask is formulated with a combination of: - Vitamin C, known for its powerful illuminating properties; - The same concentration of Life Plankton water found in one full bottle of your Super Concentrate*; The perfect combination to make your skin glow. *Life Plankton Water concentration in a 50ml Super Concentrate bottle.What's unique about it: Aqua Glow Flash Mask is a second-skin hydrating face mask that deeply infuses skin with intense hydration. Thanks to this powerful combination of Vitamin C and probiotic Life Plankton water, skin is more glowing with one application. One moisturizing sheet mask is enough to deeply replenish and revive your skin's natural ability to glow. Key Ingredients: This hydrating mask is formulated with a combination of: - Vitamin C, known for its powerful illuminating properties; - The same concentration of Life Plankton water found in one full bottle of your Super Concentrate*; The perfect combination to make your skin glow. *Life Plankton Water concentration in a 50ml Super Concentrate bottle.",
        "additional_information": "{\n    \"Order Amount\": \"31 g\",\n    \"Warning Hints\": \"Avoid eye contact. Keep away from direct heat and sunlight.\",\n    \"Item Number\": \"1457150\",\n    \"Product Series\": \"Aquasource\",\n    \"Net Weight\": \"0.031 kg\",\n    \"Package Height\": \"16.2 cm\",\n    \"Package Length\": \"0.5 cm\",\n    \"Package Width\": \"13 cm\"\n}"
    },
    {
        "product_name": "Biotherm Force Supreme Gel 50 ml",
        "brand_name": "Biotherm",
        "brand_url": "https://shop.frankfurt-airport.com/en-US/brand/biotherm",
        "retailer_name": "Frankfurt Duty Free",
        "retailer_url": "https://shop.frankfurt-airport.com/en-US/retailer/heinemann",
        "price": "\u20ac57.99",
        "price_per_quantity": "\u20ac115.98 / 100  ml",
        "description": "The 1st Force Supreme advanced anti-aging\u00a0gel technology that improves skin structures, thanks to\u00a0the rebuilding power of Blue Algae extract & Pro-Xylane\u2122 .The 1st Force Supreme advanced anti-aging\u00a0gel technology that improves skin structures, thanks to\u00a0the rebuilding power of Blue Algae extract & Pro-Xylane\u2122 .",
        "additional_information": "{\n    \"Order Amount\": \"50 ml\",\n    \"Warning Hints\": \"Avoid eye contact. Keep away from direct heat and sunlight.\",\n    \"Item Number\": \"1503566\",\n    \"Product Series\": \"Force Supreme\",\n    \"Net Weight\": \"0.05 kg\",\n    \"Package Height\": \"14.1 cm\",\n    \"Package Length\": \"4.55 cm\",\n    \"Package Width\": \"4.75 cm\"\n}"
    },
    {
        "product_name": "Biotherm Homme Aquapower Advanced Gel 100 ml",
        "brand_name": "Biotherm",
        "brand_url": "https://shop.frankfurt-airport.com/en-US/brand/biotherm",
        "retailer_name": "Frankfurt Duty Free",
        "retailer_url": "https://shop.frankfurt-airport.com/en-US/retailer/heinemann",
        "price": "\u20ac49.99",
        "price_per_quantity": "\u20ac49.99 / 100  ml",
        "description": "This advanced men's face moisturizer hydrates, brightens, and strengthens skin with a fresh and fast-absorbing water-gel formula. Aquapower Advanced Gel provides a smart solution to reload men's skin with 50 essential supplements, targeting men specific concerns  like penetration difficulty, higher water loss, and higher melanin levels. This hydrating face gel recharges skin with essential elements to power up hydration, improve skin radiance, and fortify barrier function. It quenches skin to fight against dryness and lack of vitality under intense and active life. Over time, men's skin feels more resistant, looks brighter and plumper, with a non-sticky finish.This advanced men's face moisturizer hydrates, brightens, and strengthens skin with a fresh and fast-absorbing water-gel formula. Aquapower Advanced Gel provides a smart solution to reload men's skin with 50 essential supplements, targeting men specific concerns  like penetration difficulty, higher water loss, and higher melanin levels. This hydrating face gel recharges skin with essential elements to power up hydration, improve skin radiance, and fortify barrier function. It quenches skin to fight against dryness and lack of vitality under intense and active life. Over time, men's skin feels more resistant, looks brighter and plumper, with a non-sticky finish.",
        "additional_information": "{\n    \"Order Amount\": \"100 ml\",\n    \"Warning Hints\": \"Avoid eye contact. Keep away from direct heat and sunlight.\",\n    \"Item Number\": \"1655342\",\n    \"Product Series\": \"Homme\",\n    \"Net Weight\": \"0.1 kg\",\n    \"Package Height\": \"19.2 cm\",\n    \"Package Length\": \"4.9 cm\",\n    \"Package Width\": \"5.1 cm\"\n}"
    },
    {
        "product_name": "Biotherm Homme Force Supreme Gel 100 ml",
        "brand_name": "Biotherm",
        "brand_url": "https://shop.frankfurt-airport.com/en-US/brand/biotherm",
        "retailer_name": "Frankfurt Duty Free",
        "retailer_url": "https://shop.frankfurt-airport.com/en-US/retailer/heinemann",
        "price": "\u20ac97.99",
        "price_per_quantity": "\u20ac97.99 / 100  ml",
        "description": "The 1st Force Supreme advanced anti-aging\u00a0gel technology that improves skin structures*, thanks to\u00a0the rebuilding power of Blue Algae extract & Pro-Xylane\u2122 . Wrinkles appear reduced and skin looks more radiant. Up to 24hr hydration**. Its light-blue gel texture quickly penetrated into skin, leaving it firmer, stronger, younger-looking. *Upper layers of the epidermis. ** Instrumental test 30 subjects.The 1st Force Supreme advanced anti-aging\u00a0gel technology that improves skin structures*, thanks to\u00a0the rebuilding power of Blue Algae extract & Pro-Xylane\u2122 . Wrinkles appear reduced and skin looks more radiant. Up to 24hr hydration**. Its light-blue gel texture quickly penetrated into skin, leaving it firmer, stronger, younger-looking. *Upper layers of the epidermis. ** Instrumental test 30 subjects.",
        "additional_information": "{\n    \"Order Amount\": \"100 ml\",\n    \"Warning Hints\": \"Avoid eye contact. Keep away from direct heat and sunlight.\",\n    \"Item Number\": \"1503565\",\n    \"Product Series\": \"Force Supreme\",\n    \"Net Weight\": \"0.1 kg\",\n    \"Package Height\": \"18.9 cm\",\n    \"Package Length\": \"4.9 cm\",\n    \"Package Width\": \"5.1 cm\"\n}"
    },
    {
        "product_name": "Biotherm Blue Therapy Retinol Cream 50 ml",
        "brand_name": "Biotherm",
        "brand_url": "https://shop.frankfurt-airport.com/en-US/brand/biotherm",
        "retailer_name": "Frankfurt Duty Free",
        "retailer_url": "https://shop.frankfurt-airport.com/en-US/retailer/heinemann",
        "price": "\u20ac72.99",
        "price_per_quantity": "\u20ac145.98 / 100  ml",
        "description": "The Blue Pro-Retinol Multi-Correct Cream is a breakthrough Blue Beauty innovation; a retinol anti-aging cream that offers continuous daily resurfacing action, clinically proven to correct wrinkles, skin texture and tone uniformity for all skin types.The Blue Pro-Retinol Multi-Correct Cream is a breakthrough Blue Beauty innovation; a retinol anti-aging cream that offers continuous daily resurfacing action, clinically proven to correct wrinkles, skin texture and tone uniformity for all skin types.",
        "additional_information": "{\n    \"Order Amount\": \"50 ml\",\n    \"Warning Hints\": \"Avoid eye contact. Keep away from direct heat and sunlight.\",\n    \"Item Number\": \"1522798\",\n    \"Product Series\": \"Blue Therapy\",\n    \"Net Weight\": \"0.05 kg\",\n    \"Package Height\": \"6.2 cm\",\n    \"Package Length\": \"7.4 cm\",\n    \"Package Width\": \"7.4 cm\"\n}"
    },
    {
        "product_name": "Biotherm Homme Basics After Shave Emulsion 75 ml",
        "brand_name": "Biotherm",
        "brand_url": "https://shop.frankfurt-airport.com/en-US/brand/biotherm",
        "retailer_name": "Frankfurt Duty Free",
        "retailer_url": "https://shop.frankfurt-airport.com/en-US/retailer/heinemann",
        "price": "\u20ac29.99",
        "price_per_quantity": "\u20ac39.99 / 100  ml",
        "description": "Apply morning and evening with your Force Supreme cream for tenfold overall effectiveness and skin that looks visibly younger. Suitable for all skin types. Shake before use. Avoid the eye area.Apply morning and evening with your Force Supreme cream for tenfold overall effectiveness and skin that looks visibly younger. Suitable for all skin types. Shake before use. Avoid the eye area.",
        "additional_information": "{\n    \"Order Amount\": \"75 ml\",\n    \"Warning Hints\": \"Avoid eye contact. Keep away from direct heat and sunlight.\",\n    \"Item Number\": \"1572598\",\n    \"Product Series\": \"Homme Basics\",\n    \"Net Weight\": \"0.075 kg\",\n    \"Package Height\": \"14.6 cm\",\n    \"Package Length\": \"3.8 cm\",\n    \"Package Width\": \"4.8 cm\"\n}"
    },
    {
        "product_name": "Biotherm Lait Corporel Active Recovery Body Lotion 400 ml",
        "brand_name": "Biotherm",
        "brand_url": "https://shop.frankfurt-airport.com/en-US/brand/biotherm",
        "retailer_name": "Frankfurt Duty Free",
        "retailer_url": "https://shop.frankfurt-airport.com/en-US/retailer/heinemann",
        "price": "\u20ac32.99",
        "price_per_quantity": "\u20ac82.48 / 1  l",
        "description": "Did you know that lacking vital skin nutrients can slow down skin repair in damaged or irritated skin? Biotherm's Lait Corporel Active Recovery Body Milk is formulated on this biological insight to go beyond skin hydration by accelerating skin barrier repair. Thanks to the advanced formula rich in vital skin nutrients like Biotech Plankton\u2122, Vitamin B3, Vitamin E, and Pro-Vitamin B5, this body milk instantly soothes rough, cracked, tight, and itchy skin. On application, the texture transforms from balm to milk before being quickly absorbed to regenerate your skin by calming irritation, itchiness, and redness. The subtle almond fragrance combined with Biotherm\u2019s iconic citrus scent creates a refreshing and rejuvenating sensory experience for men and women. Take your daily dose of skin vital nutrients to repair damaged skin. Recover and come back stronger to healthy skin with a regenerated glowDid you know that lacking vital skin nutrients can slow down skin repair in damaged or irritated skin? Biotherm's Lait Corporel Active Recovery Body Milk is formulated on this biological insight to go beyond skin hydration by accelerating skin barrier repair. Thanks to the advanced formula rich in vital skin nutrients like Biotech Plankton\u2122, Vitamin B3, Vitamin E, and Pro-Vitamin B5, this body milk instantly soothes rough, cracked, tight, and itchy skin. On application, the texture transforms from balm to milk before being quickly absorbed to regenerate your skin by calming irritation, itchiness, and redness. The subtle almond fragrance combined with Biotherm\u2019s iconic citrus scent creates a refreshing and rejuvenating sensory experience for men and women. Take your daily dose of skin vital nutrients to repair damaged skin. Recover and come back stronger to healthy skin with a regenerated glow",
        "additional_information": "{\n    \"Order Amount\": \"400 ml\",\n    \"Warning Hints\": \"Avoid eye contact. Keep away from direct heat and sunlight.\",\n    \"Item Number\": \"1654546\",\n    \"Product Series\": \"Lait Corporel\",\n    \"Net Weight\": \"0.4 kg\",\n    \"Package Height\": \"20 cm\",\n    \"Package Length\": \"5.6 cm\",\n    \"Package Width\": \"8.3 cm\"\n}"
    },
    {
        "product_name": "Biotherm Blue Peptides Facial Care Set",
        "brand_name": "Biotherm",
        "brand_url": "https://shop.frankfurt-airport.com/en-US/brand/biotherm",
        "retailer_name": "Frankfurt Duty Free",
        "retailer_url": "https://shop.frankfurt-airport.com/en-US/retailer/heinemann",
        "price": "\u20ac154.99",
        "price_per_quantity": "",
        "description": "Blue Peptides Uplift Firming & Rosy Cream SPF 30 50ml A silky-textured cream from new cutting-edge Blue Peptides Range blending Life  Plankton\u2122 with collagen peptides to boost collagen levels and maintain firm and visibly lifted skin. It provides a radiant glow and  high SPF protection to protect your skin from further ageing effects of UV rays. Amplified by BLUE SCIENCE LIFE PLANKTON - patented  active triggering skin regeneration and boosting formula efficacy. COLLAGEN PEPTIDES FRACTION - Boosts inner collagen production to  firm up skin SPF 30 - Protects collagen against ageing UV rays True to our BLUE COMMITMENTS 100% silicon free 100% vegan collagen peptide fractions. High SPF filters respectful of aquatic life. 40% recycled glass jar capped with 100% PCR recycled plastic. Blue Therapy Red Algae Night Cream 50ml What's unique about it: Originated from the sea, boosted by Biotherm biologists, the uplifting power of precious Red Algae has now been captured in an ultra-sensorial rosy anti-aging cream. This intensive face tightening wrinkle cream visibly lifts and firms skin structure, preventing fine lines and wrinkles while reinforcing skin's youthfulness. Key Ingredients: - Hydrolyzed Rhodophycea Extract known as uplifting Red Algae, that reinforces skin elasticity and restructures collagen fibers while smoothing wrinkles. - Life Plankton\u2122 a patented regenerating probiotic fraction, proven to improve skin metabolism and heal skin from urban accelerated aging. 100% NATURAL INGREDIENT. SOURCED IN THE FRENCH PYRENEES, AMPLIFIED BY BIOSCIENCE. INFUSED IN ALL BIOTHERM PRODUCTS.Blue Peptides Uplift Firming & Rosy Cream SPF 30 50ml A silky-textured cream from new cutting-edge Blue Peptides Range blending Life  Plankton\u2122 with collagen peptides to boost collagen levels and maintain firm and visibly lifted skin. It provides a radiant glow and  high SPF protection to protect your skin from further ageing effects of UV rays. Amplified by BLUE SCIENCE LIFE PLANKTON - patented  active triggering skin regeneration and boosting formula efficacy. COLLAGEN PEPTIDES FRACTION - Boosts inner collagen production to  firm up skin SPF 30 - Protects collagen against ageing UV rays True to our BLUE COMMITMENTS 100% silicon free 100% vegan collagen peptide fractions. High SPF filters respectful of aquatic life. 40% recycled glass jar capped with 100% PCR recycled plastic. Blue Therapy Red Algae Night Cream 50ml What's unique about it: Originated from the sea, boosted by Biotherm biologists, the uplifting power of precious Red Algae has now been captured in an ultra-sensorial rosy anti-aging cream. This intensive face tightening wrinkle cream visibly lifts and firms skin structure, preventing fine lines and wrinkles while reinforcing skin's youthfulness. Key Ingredients: - Hydrolyzed Rhodophycea Extract known as uplifting Red Algae, that reinforces skin elasticity and restructures collagen fibers while smoothing wrinkles. - Life Plankton\u2122 a patented regenerating probiotic fraction, proven to improve skin metabolism and heal skin from urban accelerated aging. 100% NATURAL INGREDIENT. SOURCED IN THE FRENCH PYRENEES, AMPLIFIED BY BIOSCIENCE. INFUSED IN ALL BIOTHERM PRODUCTS.",
        "additional_information": "{\n    \"Warning Hints\": \"Avoid eye contact. Keep away from direct heat and sunlight.\",\n    \"Item Number\": \"1645716\",\n    \"Product Series\": \"Blue Peptides\",\n    \"Net Weight\": \"0.1 kg\",\n    \"Package Height\": \"12.85 cm\",\n    \"Package Length\": \"7.4 cm\",\n    \"Package Width\": \"7.4 cm\"\n}"
    },
    {
        "product_name": "Biotherm Life Plankton Biocorps Multi-Corrective Body Milk 400 ml",
        "brand_name": "Biotherm",
        "brand_url": "https://shop.frankfurt-airport.com/en-US/brand/biotherm",
        "retailer_name": "Frankfurt Duty Free",
        "retailer_url": "https://shop.frankfurt-airport.com/en-US/retailer/heinemann",
        "price": "\u20ac29.99",
        "price_per_quantity": "\u20ac74.98 / 1  l",
        "description": "For the first time, the highest concentration of Life Plankton\u2122 in a body milk to deeply restore skin quality and act on lack of firmness. What's unique about it : this multi-corrective body milk formula is powered by Biotherm's core ingredient Life Plankton\u2122 and enriched with three natural corrective oils. Day after day, your skin feels firmer, smoother and more hydrated and its protective barrier gets reinforced. Its soft and smooth texture is easy to apply and infused in a refined musky fragrance. Hypoallergenic formula and fragrance. Tested on sensitive skin. Key ingredients : Blend of three natural repairing oils (Canola Oil,  Almond Oil, Olive Oil) acting on firmness. Life Plankton\u2122 probiotic fraction: a 100% natural active sourced from nature, amplified by bioscience.",
        "additional_information": "{\n    \"Order Amount\": \"400 ml\",\n    \"Warning Hints\": \"Avoid eye contact. Keep away from direct heat and sunlight.\",\n    \"Item Number\": \"1443558\",\n    \"Product Series\": \"Life Plankton\",\n    \"Net Weight\": \"0.4 kg\",\n    \"Package Height\": \"20 cm\",\n    \"Package Length\": \"5.6 cm\",\n    \"Package Width\": \"8.3 cm\"\n}"
    },
    {
        "product_name": "Biotherm Oil Therapy Body Lotion 400 ml",
        "brand_name": "Biotherm",
        "brand_url": "https://shop.frankfurt-airport.com/en-US/brand/biotherm",
        "retailer_name": "Frankfurt Duty Free",
        "retailer_url": "https://shop.frankfurt-airport.com/en-US/retailer/heinemann",
        "price": "\u20ac29.99",
        "price_per_quantity": "\u20ac74.98 / 1  l",
        "description": "Oil Therapy is a nutri-replenishing body milk for dry skin that nourishes your skin for 24 hours, leaving it supple and soft. What's  unique about it: Its one of a kind texture combines the richness of a cream and the smooth consistency of a body milk. Delicate notes of apricot leave your skin with a light fresh fragrance. With an untouched formula and new design, enjoy the benefits of our OilTherapy Body Milk with even more confidence. Key Ingredients: Powered by a combination of renegerating Life Plankton, nourishing 8%precious oil blend, and anti-oxidating vitamin E, this moisturizing body milk provides hydration as well as a healthy glow to the skin. It remains true to Biotherm's Blue commitments with its 100% recycled plastic bottle.Oil Therapy is a nutri-replenishing body milk for dry skin that nourishes your skin for 24 hours, leaving it supple and soft. What's  unique about it: Its one of a kind texture combines the richness of a cream and the smooth consistency of a body milk. Delicate notes of apricot leave your skin with a light fresh fragrance. With an untouched formula and new design, enjoy the benefits of our OilTherapy Body Milk with even more confidence. Key Ingredients: Powered by a combination of renegerating Life Plankton, nourishing 8%precious oil blend, and anti-oxidating vitamin E, this moisturizing body milk provides hydration as well as a healthy glow to the skin. It remains true to Biotherm's Blue commitments with its 100% recycled plastic bottle.",
        "additional_information": "{\n    \"Order Amount\": \"400 ml\",\n    \"Item Number\": \"1580999\",\n    \"Product Series\": \"Oil Therapy\",\n    \"Net Weight\": \"0.4 kg\",\n    \"Package Height\": \"20 cm\",\n    \"Package Length\": \"5.6 cm\",\n    \"Package Width\": \"8.3 cm\"\n}"
    },
    {
        "product_name": "Biotherm Aquapower Classic Confort Gel 75 ml",
        "brand_name": "Biotherm",
        "brand_url": "https://shop.frankfurt-airport.com/en-US/brand/biotherm",
        "retailer_name": "Frankfurt Duty Free",
        "retailer_url": "https://shop.frankfurt-airport.com/en-US/retailer/heinemann",
        "price": "\u20ac33.99",
        "price_per_quantity": "\u20ac45.32 / 100  ml",
        "description": "Quenches, protects against dryness and leaves skin feeling comfortable. With oligo-elements amd vitamins in a formula that quenches the skin with moisture for hours. Skin is ideally hydrated all day long, whatever the conditions. Fresh gel texture, with Life Plankton.Quenches, protects against dryness and leaves skin feeling comfortable. With oligo-elements amd vitamins in a formula that quenches the skin with moisture for hours. Skin is ideally hydrated all day long, whatever the conditions. Fresh gel texture, with Life Plankton.",
        "additional_information": "{\n    \"Order Amount\": \"75 ml\",\n    \"Warning Hints\": \"Avoid eye contact. Keep away from direct heat and sunlight.\",\n    \"Item Number\": \"1503569\",\n    \"Product Series\": \"Aquapower\",\n    \"Net Weight\": \"0.075 kg\",\n    \"Package Height\": \"16.8 cm\",\n    \"Package Length\": \"4.95 cm\",\n    \"Package Width\": \"5.15 cm\"\n}"
    },
    {
        "product_name": "Biotherm Force Supreme Men Care Set",
        "brand_name": "Biotherm",
        "brand_url": "https://shop.frankfurt-airport.com/en-US/brand/biotherm",
        "retailer_name": "Frankfurt Duty Free",
        "retailer_url": "https://shop.frankfurt-airport.com/en-US/retailer/heinemann",
        "price": "\u20ac99.99",
        "price_per_quantity": "",
        "description": "The ultimate men's skincare duo featuring two of Force Supreme's top-selling products: - Force Supreme Youth Architect Cream: This multi-correcting and anti-aging cream is designed to address multiple signs of aging, leaving the skin looking youthful and revitalized. -Force Supreme Eye Architect Serum: Specifically formulated for the delicate eye area, this refirming and anti-aging serum helps reduce the appearance of wrinkles and fine lines, giving a more youthful and refreshed look.The ultimate men's skincare duo featuring two of Force Supreme's top-selling products: - Force Supreme Youth Architect Cream: This multi-correcting and anti-aging cream is designed to address multiple signs of aging, leaving the skin looking youthful and revitalized. -Force Supreme Eye Architect Serum: Specifically formulated for the delicate eye area, this refirming and anti-aging serum helps reduce the appearance of wrinkles and fine lines, giving a more youthful and refreshed look.",
        "additional_information": "{\n    \"Warning Hints\": \"Avoid eye contact. Keep away from direct heat and sunlight.\",\n    \"Item Number\": \"1646070\",\n    \"Product Series\": \"Force Supreme\",\n    \"Net Weight\": \"0.065 kg\",\n    \"Package Height\": \"8.05 cm\",\n    \"Package Length\": \"11.85 cm\",\n    \"Package Width\": \"7.36 cm\"\n}"
    },
    {
        "product_name": "Biotherm Biosource Invigorating Face Toner 200 ml",
        "brand_name": "Biotherm",
        "brand_url": "https://shop.frankfurt-airport.com/en-US/brand/biotherm",
        "retailer_name": "Frankfurt Duty Free",
        "retailer_url": "https://shop.frankfurt-airport.com/en-US/retailer/heinemann",
        "price": "\u20ac16.99",
        "price_per_quantity": "\u20ac8.50 / 100  ml",
        "description": "Toning the skin is one of the most important steps of your daily skin care routine. This refreshing face toner reaches the deep dirt  that cleansers cannot. More than a simple toner, it works as an exfoliant, ridding your skin of impurities and dead cells, revealing its natural radiance. Tones and leaves skin feeling clean and fresh.The bottle of the Biosource Hydrating & Tonifying Toner is made of 100% recycled plastic.Toning the skin is one of the most important steps of your daily skin care routine. This refreshing face toner reaches the deep dirt  that cleansers cannot. More than a simple toner, it works as an exfoliant, ridding your skin of impurities and dead cells, revealing its natural radiance. Tones and leaves skin feeling clean and fresh.The bottle of the Biosource Hydrating & Tonifying Toner is made of 100% recycled plastic.",
        "additional_information": "{\n    \"Order Amount\": \"200 ml\",\n    \"Warning Hints\": \"Avoid eye contact. Keep away from direct heat and sunlight.\",\n    \"Item Number\": \"1572595\",\n    \"Product Series\": \"Biosource\",\n    \"Net Weight\": \"0.2 kg\",\n    \"Package Height\": \"18 cm\",\n    \"Package Length\": \"4.5 cm\",\n    \"Package Width\": \"4.3 cm\"\n}"
    },
    {
        "product_name": "Biotherm Blue Peptides Uplift Night Cream 50 ml",
        "brand_name": "Biotherm",
        "brand_url": "https://shop.frankfurt-airport.com/en-US/brand/biotherm",
        "retailer_name": "Frankfurt Duty Free",
        "retailer_url": "https://shop.frankfurt-airport.com/en-US/retailer/heinemann",
        "price": "\u20ac84.99",
        "price_per_quantity": "\u20ac169.98 / 100  ml",
        "description": "This silky textured night cream from Biotherm's new cutting-edge Blue Peptides franchise makes skin visibly firmer and provides a radiant heathy glow. Over time, skin is as lifted and face contours are redefined.Amplified by BLUE SCIENCELife Plankton\u2122 x Collagen  Peptides - boost your inner collagen levels True to our Blue Commitments:100% vegan & 100% sillicon free93% natural origin formula.40% recycled glass jar capped with 100% PCR recycled plastic.This silky textured night cream from Biotherm's new cutting-edge Blue Peptides franchise makes skin visibly firmer and provides a radiant heathy glow. Over time, skin is as lifted and face contours are redefined.Amplified by BLUE SCIENCELife Plankton\u2122 x Collagen  Peptides - boost your inner collagen levels True to our Blue Commitments:100% vegan & 100% sillicon free93% natural origin formula.40% recycled glass jar capped with 100% PCR recycled plastic.",
        "additional_information": "{\n    \"Order Amount\": \"50 ml\",\n    \"Item Number\": \"1614344\",\n    \"Product Series\": \"Blue Peptides\",\n    \"Net Weight\": \"0.05 kg\",\n    \"Package Height\": \"6.2 cm\",\n    \"Package Length\": \"7.3 cm\",\n    \"Package Width\": \"7.2 cm\"\n}"
    },
    {
        "product_name": "Biotherm Blue Therapy Facial Care Set",
        "brand_name": "Biotherm",
        "brand_url": "https://shop.frankfurt-airport.com/en-US/brand/biotherm",
        "retailer_name": "Frankfurt Duty Free",
        "retailer_url": "https://shop.frankfurt-airport.com/en-US/retailer/heinemann",
        "price": "\u20ac79.99",
        "price_per_quantity": "",
        "description": "Your Blue Therapy Red Algae Routine Set to intensively firm and repair visible signs of aging, including: Blue Therapy Red Algae Uplift Day Cream 50ml + Life Plankton Elixir 7ml + Blue Therapy Eye 5ml + Blue Therapy Red Algae Uplift Night Cream 15mlYour Blue Therapy Red Algae Routine Set to intensively firm and repair visible signs of aging, including: Blue Therapy Red Algae Uplift Day Cream 50ml + Life Plankton Elixir 7ml + Blue Therapy Eye 5ml + Blue Therapy Red Algae Uplift Night Cream 15ml",
        "additional_information": "{\n    \"Warning Hints\": \"Avoid eye contact. Keep away from direct heat and sunlight.\",\n    \"Item Number\": \"1622791\",\n    \"Product Series\": \"Blue Therapy\",\n    \"Net Weight\": \"0.062 kg\",\n    \"Package Height\": \"16.5 cm\",\n    \"Package Length\": \"16 cm\",\n    \"Package Width\": \"7.5 cm\"\n}"
    },
    {
        "product_name": "Biotherm Blue Peptides Uplift Cream Rich 50 ml",
        "brand_name": "Biotherm",
        "brand_url": "https://shop.frankfurt-airport.com/en-US/brand/biotherm",
        "retailer_name": "Frankfurt Duty Free",
        "retailer_url": "https://shop.frankfurt-airport.com/en-US/retailer/heinemann",
        "price": "\u20ac84.99",
        "price_per_quantity": "\u20ac169.98 / 100  ml",
        "description": "This cutting-edge anti-ageing innovation specifically formulated for dry skin will boost collagen levels to mainain firm and visibly  lifted skin. Its melt-in, rosy texture will gently provide your skin with a radiant healthy glow. AMPLIFIED BY BLUE SCIENCE Life Plankton\u2122 - triggers self-regeneration Collagen Peptides - Enhance inner collagen levels TRUE TO OUR BLUE COMMITMENTS 100%natural-origin ingredient source from the French Pyrenees 100% Vegan Collagen Peptides fractions 40% recycled glass jar, 100% PCR recycled plastic.This cutting-edge anti-ageing innovation specifically formulated for dry skin will boost collagen levels to mainain firm and visibly  lifted skin. Its melt-in, rosy texture will gently provide your skin with a radiant healthy glow. AMPLIFIED BY BLUE SCIENCE Life Plankton\u2122 - triggers self-regeneration Collagen Peptides - Enhance inner collagen levels TRUE TO OUR BLUE COMMITMENTS 100%natural-origin ingredient source from the French Pyrenees 100% Vegan Collagen Peptides fractions 40% recycled glass jar, 100% PCR recycled plastic.",
        "additional_information": "{\n    \"Order Amount\": \"50 ml\",\n    \"Warning Hints\": \"Avoid eye contact. Keep away from direct heat and sunlight.\",\n    \"Item Number\": \"1612380\",\n    \"Product Series\": \"Blue Peptides\",\n    \"Net Weight\": \"0.05 kg\",\n    \"Package Height\": \"6.2 cm\",\n    \"Package Length\": \"7.3 cm\",\n    \"Package Width\": \"7.2 cm\"\n}"
    },
    {
        "product_name": "Biotherm Aquasource Classic Cica Nutri Cream 50 ml",
        "brand_name": "Biotherm",
        "brand_url": "https://shop.frankfurt-airport.com/en-US/brand/biotherm",
        "retailer_name": "Frankfurt Duty Free",
        "retailer_url": "https://shop.frankfurt-airport.com/en-US/retailer/heinemann",
        "price": "\u20ac29.90",
        "price_per_quantity": "\u20ac59.80 / 100  ml",
        "description": "Aquasource Rich Cream Moisturizer for dry skin delivers intense and long-lasting hydration for plump and radiant looking skin. Infused with Mannose, a patented hydrator and in thermal Life Plankton\u2122, rich in Vitamins, minerals, amino acids. A fresh and creamy texture formulated without paraben and mineral oil that melts on the skin to help awaken the senses every day.Aquasource Rich Cream Moisturizer for dry skin delivers intense and long-lasting hydration for plump and radiant looking skin. Infused with Mannose, a patented hydrator and in thermal Life Plankton\u2122, rich in Vitamins, minerals, amino acids. A fresh and creamy texture formulated without paraben and mineral oil that melts on the skin to help awaken the senses every day.",
        "additional_information": "{\n    \"Order Amount\": \"50 ml\",\n    \"Warning Hints\": \"Avoid eye contact. Keep away from direct heat and sunlight.\",\n    \"Item Number\": \"1490440\",\n    \"Product Series\": \"Aquasource\",\n    \"Net Weight\": \"0.05 kg\",\n    \"Package Height\": \"6.2 cm\",\n    \"Package Length\": \"7.4 cm\",\n    \"Package Width\": \"7.4 cm\"\n}"
    },
    {
        "product_name": "Biotherm Aquapower Classic Advanced Gel 75 ml",
        "brand_name": "Biotherm",
        "brand_url": "https://shop.frankfurt-airport.com/en-US/brand/biotherm",
        "retailer_name": "Frankfurt Duty Free",
        "retailer_url": "https://shop.frankfurt-airport.com/en-US/retailer/heinemann",
        "price": "\u20ac33.99",
        "price_per_quantity": "\u20ac45.32 / 100  ml",
        "description": "Multi-defense moisturizer infused with antioxidants. Skin is ideally hydrated while daily protected from UVs aggressions and pollution particles adhesion. Fresh and lightweight gel.Multi-defense moisturizer infused with antioxidants. Skin is ideally hydrated while daily protected from UVs aggressions and pollution particles adhesion. Fresh and lightweight gel.",
        "additional_information": "{\n    \"Order Amount\": \"75 ml\",\n    \"Warning Hints\": \"Avoid eye contact. Keep away from direct heat and sunlight.\",\n    \"Item Number\": \"1503568\",\n    \"Product Series\": \"Aquapower\",\n    \"Net Weight\": \"0.075 kg\",\n    \"Package Height\": \"16.8 cm\",\n    \"Package Length\": \"4.95 cm\",\n    \"Package Width\": \"5.15 cm\"\n}"
    },
    {
        "product_name": "Biotherm Aquasource Classic Hyalu Plump Gel 50 ml",
        "brand_name": "Biotherm",
        "brand_url": "https://shop.frankfurt-airport.com/en-US/brand/biotherm",
        "retailer_name": "Frankfurt Duty Free",
        "retailer_url": "https://shop.frankfurt-airport.com/en-US/retailer/heinemann",
        "price": "\u20ac29.90",
        "price_per_quantity": "\u20ac59.80 / 100  ml",
        "description": "The illuminating power of medicinal Aura Leaf infused with the equivalent of 5000 liters of Life Plankton\u2122 water to reactivate skin\u2019s moisture mechanism, visibly transform the skin and power its natural ability to glow. New Aquasource Gel Moisturizer is now infused with a legendary ingredient discovered in the French Pyrenees source: Aura Leaf, a medicinal plant with miraculous properties. Day after day, it replenishes skin\u2019s natural moisture reserves, gorging skin with moisture to restore its natural ability to glow. Visibly glowing skin and 48H of intense regenerating hydration in one application. Even the most dehydrated skin and dullest complexions are visibly transformed.The illuminating power of medicinal Aura Leaf infused with the equivalent of 5000 liters of Life Plankton\u2122 water to reactivate skin\u2019s moisture mechanism, visibly transform the skin and power its natural ability to glow. New Aquasource Gel Moisturizer is now infused with a legendary ingredient discovered in the French Pyrenees source: Aura Leaf, a medicinal plant with miraculous properties. Day after day, it replenishes skin\u2019s natural moisture reserves, gorging skin with moisture to restore its natural ability to glow. Visibly glowing skin and 48H of intense regenerating hydration in one application. Even the most dehydrated skin and dullest complexions are visibly transformed.",
        "additional_information": "{\n    \"Order Amount\": \"50 ml\",\n    \"Warning Hints\": \"Avoid eye contact. Keep away from direct heat and sunlight.\",\n    \"Item Number\": \"1490318\",\n    \"Product Series\": \"Aquasource\",\n    \"Net Weight\": \"0.05 kg\",\n    \"Package Height\": \"6.2 cm\",\n    \"Package Length\": \"7.4 cm\",\n    \"Package Width\": \"7.4 cm\"\n}"
    },
    {
        "product_name": "Biotherm Mixed Lines Facial Care Set",
        "brand_name": "Biotherm",
        "brand_url": "https://shop.frankfurt-airport.com/en-US/brand/biotherm",
        "retailer_name": "Frankfurt Duty Free",
        "retailer_url": "https://shop.frankfurt-airport.com/en-US/retailer/heinemann",
        "price": "\u20ac79.99",
        "price_per_quantity": "",
        "description": "The set icludes: Life Plankton Elixir 50ml\u200bBlue Therapy Red Algae Uplift Day Cream 15ml\u200bBlue Therapy Red Algae Uplift Night Cream 15ml\u200bLife Plankton Eye 5ml\u200bThe set icludes: Life Plankton Elixir 50ml\u200bBlue Therapy Red Algae Uplift Day Cream 15ml\u200bBlue Therapy Red Algae Uplift Night Cream 15ml\u200bLife Plankton Eye 5ml\u200b",
        "additional_information": "{\n    \"Warning Hints\": \"Avoid eye contact. Keep away from direct heat and sunlight.\",\n    \"Item Number\": \"1618326\",\n    \"Product Series\": \"Mixed Lines\",\n    \"Net Weight\": \"0.085 kg\",\n    \"Package Height\": \"16.5 cm\",\n    \"Package Length\": \"16 cm\",\n    \"Package Width\": \"7.5 cm\"\n}"
    },
    {
        "product_name": "Biotherm Force Supreme Blue Serum 60 ml",
        "brand_name": "Biotherm",
        "brand_url": "https://shop.frankfurt-airport.com/en-US/brand/biotherm",
        "retailer_name": "Frankfurt Duty Free",
        "retailer_url": "https://shop.frankfurt-airport.com/en-US/retailer/heinemann",
        "price": "\u20ac79.99",
        "price_per_quantity": "\u20ac133.32 / 100  ml",
        "description": "A global anti-aging serum designed for men to correct 10 men aging sign for firmer and younger looking skin. What Is Unique: Force Supreme Blue Serum [LP-XR] is an anti-aging serum based on men's skin specificity, designed to correct visibly men aging signs for a  more younger-looking appearance. Thanks to the breakthrough formula, it has proven efficacy to fight against 10 men aging signs. The fast absorbing and non-sticky texture optimizes the sensoriality for men's grooming experience. Key Ingredients: Life Plankton\u2122:  Named \"Life\" for its powerful ability to regenerate skin, Life Plankton\u2122 contains 35 nutrients found within the skin. For this time , an incredible biological synergy is discovered between Life Plankton\u2122 and the three derma ingredients Pro-Xylane, Pro-Retinol and Peptides Fractions. Thanks to Life Plankton\u2122, the serum is enriched with amplified ingredients for strong and fast efficacy on improvement of men's aging wrinkles and sagginess. Pro-Xylane: An anti-aging active sourced from beechwood that can mimic skin regeneration capacity. It helps improves overall skin texture and density, promotes firmness, and reduces the appearance of wrinkles . Pro-Retinol: Retinol derivative suitable for all skin types even sensitive to resurface skin. Day & night use. Blue Commitments: True to Biotherm's Blue Commitments, the Force Supreme Blue Serum [LP-XR] is 90% biodegradable and with a clean FIL-FREE & eco-conceived fragrance. The packaging is eco-designed with 25% recycled glass and -28% less of glass weight with more capacity to improve the environmental impact. The formula is mineral oil free, paraben free, silicon free and 100% vegan.",
        "additional_information": "{\n    \"Order Amount\": \"60 ml\",\n    \"Warning Hints\": \"Avoid eye contact. Keep away from direct heat and sunlight.\",\n    \"Item Number\": \"1614423\",\n    \"Product Series\": \"Force Supreme\",\n    \"Net Weight\": \"0.06 kg\",\n    \"Package Height\": \"12.5 cm\",\n    \"Package Length\": \"4.2 cm\",\n    \"Package Width\": \"4.4 cm\"\n}"
    },
    {
        "product_name": "Biotherm Biocorps Anti-Roughness Peeling Scrub 200 ml",
        "brand_name": "Biotherm",
        "brand_url": "https://shop.frankfurt-airport.com/en-US/brand/biotherm",
        "retailer_name": "Frankfurt Duty Free",
        "retailer_url": "https://shop.frankfurt-airport.com/en-US/retailer/heinemann",
        "price": "\u20ac32.99",
        "price_per_quantity": "\u20ac16.50 / 100  ml",
        "description": "Renewing body scrub to peel away skin dullness and roughnessRenewing body scrub to peel away skin dullness and roughness",
        "additional_information": "{\n    \"Order Amount\": \"200 ml\",\n    \"Warning Hints\": \"Avoid eye contact. Keep away from direct heat and sunlight.\",\n    \"Item Number\": \"1614405\",\n    \"Product Series\": \"Biocorps\",\n    \"Net Weight\": \"0.2 kg\",\n    \"Package Height\": \"18 cm\",\n    \"Package Length\": \"4.9 cm\",\n    \"Package Width\": \"7.8 cm\"\n}"
    },
    {
        "product_name": "Biotherm Force Supreme Men's Care Set",
        "brand_name": "Biotherm",
        "brand_url": "https://shop.frankfurt-airport.com/en-US/brand/biotherm",
        "retailer_name": "Frankfurt Duty Free",
        "retailer_url": "https://shop.frankfurt-airport.com/en-US/retailer/heinemann",
        "price": "\u20ac89.99",
        "price_per_quantity": "",
        "description": "The ultimate power to shape the future. This Biotherm HOMME set is an exclusive combination of 3 powerful global anti-aging products for mature skins.The ultimate power to shape the future. This Biotherm HOMME set is an exclusive combination of 3 powerful global anti-aging products for mature skins.",
        "additional_information": "{\n    \"Warning Hints\": \"Avoid eye contact. Keep away from direct heat and sunlight.\",\n    \"Item Number\": \"1529863\",\n    \"Product Series\": \"Force Supreme\",\n    \"Net Weight\": \"0.375 kg\",\n    \"Package Height\": \"17 cm\",\n    \"Package Length\": \"13.5 cm\",\n    \"Package Width\": \"5 cm\"\n}"
    },
    {
        "product_name": "Biotherm Homme Basics Cleansing Gel 125 ml",
        "brand_name": "Biotherm",
        "brand_url": "https://shop.frankfurt-airport.com/en-US/brand/biotherm",
        "retailer_name": "Frankfurt Duty Free",
        "retailer_url": "https://shop.frankfurt-airport.com/en-US/retailer/heinemann",
        "price": "\u20ac22.99",
        "price_per_quantity": "\u20ac18.39 / 100  ml",
        "description": "Biotherm Homme cleansing gel for normal skin, to thoroughly cleanse and\u00a0get rid\u00a0skin of impurities while respecting the skin\u2019s surface.Biotherm Homme cleansing gel for normal skin, to thoroughly cleanse and\u00a0get rid\u00a0skin of impurities while respecting the skin\u2019s surface.",
        "additional_information": "{\n    \"Order Amount\": \"125 ml\",\n    \"Warning Hints\": \"Avoid eye contact. Keep away from direct heat and sunlight.\",\n    \"Item Number\": \"1504054\",\n    \"Product Series\": \"Homme Basics\",\n    \"Net Weight\": \"0.125 kg\",\n    \"Package Height\": \"16 cm\",\n    \"Package Length\": \"4 cm\",\n    \"Package Width\": \"6.3 cm\"\n}"
    },
    {
        "product_name": "Biotherm Homme Aquapower Advanced Gel 75 ml",
        "brand_name": "Biotherm",
        "brand_url": "https://shop.frankfurt-airport.com/en-US/brand/biotherm",
        "retailer_name": "Frankfurt Duty Free",
        "retailer_url": "https://shop.frankfurt-airport.com/en-US/retailer/heinemann",
        "price": "\u20ac43.99",
        "price_per_quantity": "\u20ac58.65 / 100  ml",
        "description": "This advanced men's face moisturizer hydrates, brightens, and strengthens skin with a fresh and fast-absorbing water-gel formula. Aquapower Advanced Gel provides a smart solution to reload men's skin with 50 essential supplements, targeting men specific concerns  like penetration difficulty, higher water loss, and higher melanin levels. This hydrating face gel recharges skin with essential elements to power up hydration, improve skin radiance, and fortify barrier function. It quenches skin to fight against dryness and lack of vitality under intense and active life. Over time, men's skin feels more resistant, looks brighter and plumper, with a non-sticky finish.This advanced men's face moisturizer hydrates, brightens, and strengthens skin with a fresh and fast-absorbing water-gel formula. Aquapower Advanced Gel provides a smart solution to reload men's skin with 50 essential supplements, targeting men specific concerns  like penetration difficulty, higher water loss, and higher melanin levels. This hydrating face gel recharges skin with essential elements to power up hydration, improve skin radiance, and fortify barrier function. It quenches skin to fight against dryness and lack of vitality under intense and active life. Over time, men's skin feels more resistant, looks brighter and plumper, with a non-sticky finish.",
        "additional_information": "{\n    \"Order Amount\": \"75 ml\",\n    \"Warning Hints\": \"Avoid eye contact. Keep away from direct heat and sunlight.\",\n    \"Item Number\": \"1655373\",\n    \"Product Series\": \"Homme\",\n    \"Net Weight\": \"0.075 kg\",\n    \"Package Height\": \"17 cm\",\n    \"Package Length\": \"5 cm\",\n    \"Package Width\": \"5 cm\"\n}"
    },
    {
        "product_name": "Biotherm Force Supreme Facial Care Duo",
        "brand_name": "Biotherm",
        "brand_url": "https://shop.frankfurt-airport.com/en-US/brand/biotherm",
        "retailer_name": "Frankfurt Duty Free",
        "retailer_url": "https://shop.frankfurt-airport.com/en-US/retailer/heinemann",
        "price": "\u20ac144.99",
        "price_per_quantity": "\u20ac120.83 / 100  ml",
        "description": "A global anti-aging serum designed for men to correct 10 men aging sign for firmer and younger looking skin. What Is Unique: Force Supreme Blue Serum [LP-XR] is an anti-aging serum based on men's skin specificity, designed to correct visibly men aging signs for a  more younger-looking appearance. Thanks to the breakthrough formula, it has proven efficacy to fight against 10 men aging signs. The fast absorbing and non-sticky texture optimizes the sensoriality for men's grooming experience. Key Ingredients: Life Plankton\u2122:  Named \u201cLife\u201d for its powerful ability to regenerate skin, Life Plankton\u2122 contains 35 nutrients found within the skin. For this time , an incredible biological synergy is discovered between Life Plankton\u2122 and the three derma ingredients Pro-Xylane, Pro-Retinol and Peptides Fractions. Thanks to Life Plankton\u2122, the serum is enriched with amplified ingredients for strong and fast efficacy on improvement of men's aging wrinkles and sagginess. Pro-Xylane: An anti-aging active sourced from beechwood that can mimic skin regeneration capacity. It helps improves overall skin texture and density, promotes firmness, and reduces the appearance of wrinkles . Pro-Retinol: Retinol derivative suitable for all skin types even sensitive to resurface skin. Day & night use. Blue Commitments: True to Biotherm's Blue Commitments, the Force Supreme Blue Serum [LP-XR] is 90% biodegradable and with a clean FIL-FREE & eco-conceived fragrance. The packaging is eco-designed with 25% recycled glass and -28% less of glass weight with more capacity to improve the environmental impact. The formula is mineral oil free, paraben free, silicon free and 100% vegan.A global anti-aging serum designed for men to correct 10 men aging sign for firmer and younger looking skin. What Is Unique: Force Supreme Blue Serum [LP-XR] is an anti-aging serum based on men's skin specificity, designed to correct visibly men aging signs for a  more younger-looking appearance. Thanks to the breakthrough formula, it has proven efficacy to fight against 10 men aging signs. The fast absorbing and non-sticky texture optimizes the sensoriality for men's grooming experience. Key Ingredients: Life Plankton\u2122:  Named \u201cLife\u201d for its powerful ability to regenerate skin, Life Plankton\u2122 contains 35 nutrients found within the skin. For this time , an incredible biological synergy is discovered between Life Plankton\u2122 and the three derma ingredients Pro-Xylane, Pro-Retinol and Peptides Fractions. Thanks to Life Plankton\u2122, the serum is enriched with amplified ingredients for strong and fast efficacy on improvement of men's aging wrinkles and sagginess. Pro-Xylane: An anti-aging active sourced from beechwood that can mimic skin regeneration capacity. It helps improves overall skin texture and density, promotes firmness, and reduces the appearance of wrinkles . Pro-Retinol: Retinol derivative suitable for all skin types even sensitive to resurface skin. Day & night use. Blue Commitments: True to Biotherm's Blue Commitments, the Force Supreme Blue Serum [LP-XR] is 90% biodegradable and with a clean FIL-FREE & eco-conceived fragrance. The packaging is eco-designed with 25% recycled glass and -28% less of glass weight with more capacity to improve the environmental impact. The formula is mineral oil free, paraben free, silicon free and 100% vegan.",
        "additional_information": "{\n    \"Order Amount\": \"120 ml\",\n    \"Warning Hints\": \"Avoid eye contact. Keep away from direct heat and sunlight.\",\n    \"Item Number\": \"1642994\",\n    \"Product Series\": \"Force Supreme\",\n    \"Net Weight\": \"0.12 kg\",\n    \"Package Height\": \"12.8 cm\",\n    \"Package Length\": \"8.6 cm\",\n    \"Package Width\": \"4.6 cm\"\n}"
    },
    {
        "product_name": "Biotherm Blue Peptides Uplift Cream 50 ml",
        "brand_name": "Biotherm",
        "brand_url": "https://shop.frankfurt-airport.com/en-US/brand/biotherm",
        "retailer_name": "Frankfurt Duty Free",
        "retailer_url": "https://shop.frankfurt-airport.com/en-US/retailer/heinemann",
        "price": "\u20ac84.99",
        "price_per_quantity": "\u20ac169.98 / 100  ml",
        "description": "This silky textured cream from the new cutting-edge Blue Peptides range blends Life Plankton\u2122 with collagen peptides to make skin visibly firmer and provide a healthy rosy glow. Overtime, skin is as lifted and face contours are redefined. Amplified by BLUE SCIENCE LIFE PLANKTON: Self-regenerative properties and amplifies collagen peptides efficacy COLLAGEN PEPTIDES FRACTION: Boosts inner collagen production True to our Blue Commitments: 100% vegan 100% sillicon free 93% natural origin formula 40% recycled glass jar capped with 100% PCR recycled plastic.This silky textured cream from the new cutting-edge Blue Peptides range blends Life Plankton\u2122 with collagen peptides to make skin visibly firmer and provide a healthy rosy glow. Overtime, skin is as lifted and face contours are redefined. Amplified by BLUE SCIENCE LIFE PLANKTON: Self-regenerative properties and amplifies collagen peptides efficacy COLLAGEN PEPTIDES FRACTION: Boosts inner collagen production True to our Blue Commitments: 100% vegan 100% sillicon free 93% natural origin formula 40% recycled glass jar capped with 100% PCR recycled plastic.",
        "additional_information": "{\n    \"Order Amount\": \"50 ml\",\n    \"Warning Hints\": \"Avoid eye contact. Keep away from direct heat and sunlight.\",\n    \"Item Number\": \"1612263\",\n    \"Product Series\": \"Blue Peptides\",\n    \"Net Weight\": \"0.05 kg\",\n    \"Package Height\": \"6.2 cm\",\n    \"Package Length\": \"7.3 cm\",\n    \"Package Width\": \"7.2 cm\"\n}"
    },
    {
        "product_name": "Biotherm Life Plankton Face Care Set",
        "brand_name": "Biotherm",
        "brand_url": "https://shop.frankfurt-airport.com/en-US/brand/biotherm",
        "retailer_name": "Frankfurt Duty Free",
        "retailer_url": "https://shop.frankfurt-airport.com/en-US/retailer/heinemann",
        "price": "\u20ac154.99",
        "price_per_quantity": "",
        "description": "Life Plankton \u2122 Elixir is a new generation of serum which acts on your specific skin concerns no matter what your age or skin conditions are. Elixir defends, soothes and regenerates the skin, promoting the cell renewal process. This step 1 serum for your skin treatment routine is infused with our Life Plankton \u2122 ingredient at its highest concentration. In 8 days, the quality of the skin is visibly improved, smoother, more even and signs of aging are visibly reduced. This serum should be used as a step 1 serum of your skincare routine.Life Plankton \u2122 Elixir is a new generation of serum which acts on your specific skin concerns no matter what your age or skin conditions are. Elixir defends, soothes and regenerates the skin, promoting the cell renewal process. This step 1 serum for your skin treatment routine is infused with our Life Plankton \u2122 ingredient at its highest concentration. In 8 days, the quality of the skin is visibly improved, smoother, more even and signs of aging are visibly reduced. This serum should be used as a step 1 serum of your skincare routine.",
        "additional_information": "{\n    \"Warning Hints\": \"Avoid eye contact. Keep away from direct heat and sunlight.\",\n    \"Item Number\": \"1523131\",\n    \"Product Series\": \"Mixed Lines\",\n    \"Net Weight\": \"0.1 kg\",\n    \"Package Height\": \"13.3 cm\",\n    \"Package Length\": \"11 cm\",\n    \"Package Width\": \"7.5 cm\"\n}"
    },
    {
        "product_name": "Biotherm Blue Therapy Face Care Set",
        "brand_name": "Biotherm",
        "brand_url": "https://shop.frankfurt-airport.com/en-US/brand/biotherm",
        "retailer_name": "Frankfurt Duty Free",
        "retailer_url": "https://shop.frankfurt-airport.com/en-US/retailer/heinemann",
        "price": "\u20ac144.99",
        "price_per_quantity": "",
        "description": "A comfortable and rejuvenating night cream in a restorative texture for overnight efficacy, powered by potent blend of actives: uplifting red algae and collagen peptide fraction.A comfortable and rejuvenating night cream in a restorative texture for overnight efficacy, powered by potent blend of actives: uplifting red algae and collagen peptide fraction.",
        "additional_information": "{\n    \"Warning Hints\": \"Avoid eye contact. Keep away from direct heat and sunlight.\",\n    \"Item Number\": \"1523130\",\n    \"Product Series\": \"Blue Therapy\",\n    \"Net Weight\": \"0.1 kg\",\n    \"Package Height\": \"6.5 cm\",\n    \"Package Length\": \"14.8 cm\",\n    \"Package Width\": \"7.5 cm\"\n}"
    },
    {
        "product_name": "Biotherm Homme Basics After Shave Balm 75 ml",
        "brand_name": "Biotherm",
        "brand_url": "https://shop.frankfurt-airport.com/en-US/brand/biotherm",
        "retailer_name": "Frankfurt Duty Free",
        "retailer_url": "https://shop.frankfurt-airport.com/en-US/retailer/heinemann",
        "price": "\u20ac37.99",
        "price_per_quantity": "\u20ac50.65 / 100  ml",
        "description": "This after-shave balm protects the skin against discomfort and irritation associated with shaving. Thanks to its rich nourishing texture, this balm instantly soothes the skin while leaving it supple, comfortable and hydrated for 24 hours*. Non greasy - tested under dermatological control. This is the 1st moisturizing after-shave balm enriched with Cashmere technology which reinforces the skin barrier and leaves the skin fresh, supple and soft. Take advantage of the quality and expertise of Biotherm Homme, the world's No. 1 brand for premium skincare for men.This after-shave balm protects the skin against discomfort and irritation associated with shaving. Thanks to its rich nourishing texture, this balm instantly soothes the skin while leaving it supple, comfortable and hydrated for 24 hours*. Non greasy - tested under dermatological control. This is the 1st moisturizing after-shave balm enriched with Cashmere technology which reinforces the skin barrier and leaves the skin fresh, supple and soft. Take advantage of the quality and expertise of Biotherm Homme, the world's No. 1 brand for premium skincare for men.",
        "additional_information": "{\n    \"Order Amount\": \"75 ml\",\n    \"Warning Hints\": \"Avoid eye contact. Keep away from direct heat and sunlight.\",\n    \"Item Number\": \"1572597\",\n    \"Product Series\": \"Homme Basics\",\n    \"Net Weight\": \"0.075 kg\",\n    \"Package Height\": \"16.8 cm\",\n    \"Package Length\": \"4.95 cm\",\n    \"Package Width\": \"5.15 cm\"\n}"
    },
    {
        "product_name": "Biotherm Biosource Cleansing Micellar Water 200 ml",
        "brand_name": "Biotherm",
        "brand_url": "https://shop.frankfurt-airport.com/en-US/brand/biotherm",
        "retailer_name": "Frankfurt Duty Free",
        "retailer_url": "https://shop.frankfurt-airport.com/en-US/retailer/heinemann",
        "price": "\u20ac21.99",
        "price_per_quantity": "\u20ac11.00 / 100  ml",
        "description": "Because today's women are looking for fast and effective cleansing solutions, Biotherm biologists have created a product-solution that meets their requirements. Biosource Micellar Water allows a global application that cleanses the skin and removes make-up while  combining efficiency, time saving and softness. Soothing and fresh, Micellar Water gives your skin a feeling of freshness and purity. Effective on all make-up, for face and eyes. Suitable for sensitive skin Product made in France As part of our commitment, we want to reduce our consumption of virgin plastic. The bottle is now made with 100% recycled* and recyclable plastic. *Excluding colorants, additives and pumpBecause today's women are looking for fast and effective cleansing solutions, Biotherm biologists have created a product-solution that meets their requirements. Biosource Micellar Water allows a global application that cleanses the skin and removes make-up while  combining efficiency, time saving and softness. Soothing and fresh, Micellar Water gives your skin a feeling of freshness and purity. Effective on all make-up, for face and eyes. Suitable for sensitive skin Product made in France As part of our commitment, we want to reduce our consumption of virgin plastic. The bottle is now made with 100% recycled* and recyclable plastic. *Excluding colorants, additives and pump",
        "additional_information": "{\n    \"Order Amount\": \"200 ml\",\n    \"Warning Hints\": \"Avoid eye contact. Keep away from direct heat and sunlight.\",\n    \"Item Number\": \"1572596\",\n    \"Product Series\": \"Biosource\",\n    \"Net Weight\": \"0.2 kg\",\n    \"Package Height\": \"18.2 cm\",\n    \"Package Length\": \"4.5 cm\",\n    \"Package Width\": \"4.3 cm\"\n}"
    },
    {
        "product_name": "Biotherm Blue Therapy Pro-Retinol Eye Cream 15 ml",
        "brand_name": "Biotherm",
        "brand_url": "https://shop.frankfurt-airport.com/en-US/brand/biotherm",
        "retailer_name": "Frankfurt Duty Free",
        "retailer_url": "https://shop.frankfurt-airport.com/en-US/retailer/heinemann",
        "price": "\u20ac57.99",
        "price_per_quantity": "\u20ac386.60 / 100  ml",
        "description": "BLUE RETINOL MULTI-CORRECT EYE CREAM : High Retinol effiacy booster with peptites for multiple action on eye zone. Brings the powerof Retinol on eye contour, amplified by Life Plankton.   The safest retinol for eye contour,  approved by ophtalmologists.BLUE RETINOL MULTI-CORRECT EYE CREAM : High Retinol effiacy booster with peptites for multiple action on eye zone. Brings the powerof Retinol on eye contour, amplified by Life Plankton.   The safest retinol for eye contour,  approved by ophtalmologists.",
        "additional_information": "{\n    \"Order Amount\": \"15 ml\",\n    \"Item Number\": \"1589537\",\n    \"Product Series\": \"Blue Therapy\",\n    \"Net Weight\": \"0.015 kg\",\n    \"Package Height\": \"4.5 cm\",\n    \"Package Length\": \"6.1 cm\",\n    \"Package Width\": \"6.1 cm\"\n}"
    },
    {
        "product_name": "Biotherm Homme Facial Care Duo",
        "brand_name": "Biotherm",
        "brand_url": "https://shop.frankfurt-airport.com/en-US/brand/biotherm",
        "retailer_name": "Frankfurt Duty Free",
        "retailer_url": "https://shop.frankfurt-airport.com/en-US/retailer/heinemann",
        "price": "\u20ac89.99",
        "price_per_quantity": "",
        "description": "An ultra-light fast-absorbing gel specifically desgined for men skin. Fight against dryness, tightness & roughness triggered by daily agressions. No parabens. No mineral oils. No EDTA.Amplified by BLUE SCIENCE Life Plankton\u2122 Thermal Water & Restoring oligo-elements - trigger and boost skin self-regeneration True to our BLUE COMMITMENTS Biotherm is committed to a better future for our oceans since 2012. Life Plankton\u2122, 100% natural-origin ingredient sourced from the French Pyrenees for its skin bio-affinityAn ultra-light fast-absorbing gel specifically desgined for men skin. Fight against dryness, tightness & roughness triggered by daily agressions. No parabens. No mineral oils. No EDTA.Amplified by BLUE SCIENCE Life Plankton\u2122 Thermal Water & Restoring oligo-elements - trigger and boost skin self-regeneration True to our BLUE COMMITMENTS Biotherm is committed to a better future for our oceans since 2012. Life Plankton\u2122, 100% natural-origin ingredient sourced from the French Pyrenees for its skin bio-affinity",
        "additional_information": "{\n    \"Item Number\": \"1661785\",\n    \"Product Series\": \"Homme\",\n    \"Net Weight\": \"0.2 kg\",\n    \"Package Height\": \"19.1 cm\",\n    \"Package Length\": \"10.1 cm\",\n    \"Package Width\": \"5.35 cm\"\n}"
    },
    {
        "product_name": "Biotherm Cera Repair Barrier Face Cream 50 ml",
        "brand_name": "Biotherm",
        "brand_url": "https://shop.frankfurt-airport.com/en-US/brand/biotherm",
        "retailer_name": "Frankfurt Duty Free",
        "retailer_url": "https://shop.frankfurt-airport.com/en-US/retailer/heinemann",
        "price": "\u20ac39.99",
        "price_per_quantity": "\u20ac79.98 / 100  ml",
        "description": "This thin barrier cream helps regenerate, repair and resist urban aggressions responsible for first signs of aging.This thin barrier cream helps regenerate, repair and resist urban aggressions responsible for first signs of aging.",
        "additional_information": "{\n    \"Order Amount\": \"50 ml\",\n    \"Warning Hints\": \"Avoid eye contact. Keep away from direct heat and sunlight.\",\n    \"Item Number\": \"1492296\",\n    \"Product Series\": \"Cera Repair\",\n    \"Net Weight\": \"0.05 kg\",\n    \"Package Height\": \"6.2 cm\",\n    \"Package Length\": \"7.4 cm\",\n    \"Package Width\": \"7.4 cm\"\n}"
    },
    {
        "product_name": "Biotherm Blue Therapy Amber Algae Cream 50 ml",
        "brand_name": "Biotherm",
        "brand_url": "https://shop.frankfurt-airport.com/en-US/brand/biotherm",
        "retailer_name": "Frankfurt Duty Free",
        "retailer_url": "https://shop.frankfurt-airport.com/en-US/retailer/heinemann",
        "price": "\u20ac77.99",
        "price_per_quantity": "\u20ac155.98 / 100  ml",
        "description": "What's unique about it: With age, skin gets thinner and slower to regenerate, which may result on a dull complexion and a dehydrated  skin. Our revitalizing daily anti-aging cream moisturizes, repairs and visibly illuminates skin, providing a healthy skin glow. Forrmulated with Amber Algae, capable of constantly regenerating skin against stress, and with Korean Particule Technology, which leaves the skin more radiant, revitalized and suppler. Key Ingredients: - Laminaria Ochroleuca known as Revitalizing Amber Algae, that fuels skin with energy for intense revitalization. - Life Plankton\u2122 a patented regenerating probiotic fraction, proven to improve skin metabolism and heal skin from urban accelerated aging. 100% NATURAL INGREDIENT. SOURCED IN THE FRENCH PYRENEES, AMPLIFIED BY BIOSCIENCE. INFUSED IN ALL BIOTHERM PRODUCTS. - Calcium, involved in cellular energy metabolism, that retains skin hydration.What's unique about it: With age, skin gets thinner and slower to regenerate, which may result on a dull complexion and a dehydrated  skin. Our revitalizing daily anti-aging cream moisturizes, repairs and visibly illuminates skin, providing a healthy skin glow. Forrmulated with Amber Algae, capable of constantly regenerating skin against stress, and with Korean Particule Technology, which leaves the skin more radiant, revitalized and suppler. Key Ingredients: - Laminaria Ochroleuca known as Revitalizing Amber Algae, that fuels skin with energy for intense revitalization. - Life Plankton\u2122 a patented regenerating probiotic fraction, proven to improve skin metabolism and heal skin from urban accelerated aging. 100% NATURAL INGREDIENT. SOURCED IN THE FRENCH PYRENEES, AMPLIFIED BY BIOSCIENCE. INFUSED IN ALL BIOTHERM PRODUCTS. - Calcium, involved in cellular energy metabolism, that retains skin hydration.",
        "additional_information": "{\n    \"Order Amount\": \"50 ml\",\n    \"Warning Hints\": \"Avoid eye contact. Keep away from direct heat and sunlight.\",\n    \"Item Number\": \"1411341\",\n    \"Product Series\": \"Blue Therapy\",\n    \"Net Weight\": \"0.05 kg\",\n    \"Package Height\": \"6.6 cm\",\n    \"Package Length\": \"6.9 cm\",\n    \"Package Width\": \"6.8 cm\"\n}"
    },
    {
        "product_name": "Biotherm Aquasource Aqua Glow Fluid 50 ml",
        "brand_name": "Biotherm",
        "brand_url": "https://shop.frankfurt-airport.com/en-US/brand/biotherm",
        "retailer_name": "Frankfurt Duty Free",
        "retailer_url": "https://shop.frankfurt-airport.com/en-US/retailer/heinemann",
        "price": "\u20ac28.99",
        "price_per_quantity": "\u20ac57.98 / 100  ml",
        "description": "Light, fluid, fast absorbing, non-sticky, easy to apply For dull skin days, To correct skin unevenness and make it glow.Light, fluid, fast absorbing, non-sticky, easy to apply For dull skin days, To correct skin unevenness and make it glow.",
        "additional_information": "{\n    \"Order Amount\": \"50 ml\",\n    \"Warning Hints\": \"Avoid eye contact. Keep away from direct heat and sunlight.\",\n    \"Item Number\": \"1357217\",\n    \"Product Series\": \"Aquasource\",\n    \"Net Weight\": \"0.05 kg\",\n    \"Package Height\": \"6.6 cm\",\n    \"Package Length\": \"6.9 cm\",\n    \"Package Width\": \"6.8 cm\"\n}"
    },
    {
        "product_name": "Biotherm Aquasource Aqua Bounce Fluid 50 ml",
        "brand_name": "Biotherm",
        "brand_url": "https://shop.frankfurt-airport.com/en-US/brand/biotherm",
        "retailer_name": "Frankfurt Duty Free",
        "retailer_url": "https://shop.frankfurt-airport.com/en-US/retailer/heinemann",
        "price": "\u20ac28.99",
        "price_per_quantity": "\u20ac57.98 / 100  ml",
        "description": "Light, fluid, fast absorbing, non-sticky, easy to apply. For dry skin days To regain smoothness and plump skin.Light, fluid, fast absorbing, non-sticky, easy to apply. For dry skin days To regain smoothness and plump skin.",
        "additional_information": "{\n    \"Order Amount\": \"50 ml\",\n    \"Warning Hints\": \"Avoid eye contact. Keep away from direct heat and sunlight.\",\n    \"Item Number\": \"1357218\",\n    \"Product Series\": \"Aquasource\",\n    \"Net Weight\": \"0.05 kg\",\n    \"Package Height\": \"6.6 cm\",\n    \"Package Length\": \"6.9 cm\",\n    \"Package Width\": \"6.8 cm\"\n}"
    },
    {
        "product_name": "Biotherm Body Care Deo Pure Dodorant Stick 40 ml",
        "brand_name": "Biotherm",
        "brand_url": "https://shop.frankfurt-airport.com/en-US/brand/biotherm",
        "retailer_name": "Frankfurt Duty Free",
        "retailer_url": "https://shop.frankfurt-airport.com/en-US/retailer/heinemann",
        "price": "\u20ac18.99",
        "price_per_quantity": "\u20ac47.48 / 100  ml",
        "description": "Long lasting anti-perspirant effectiveness.Long lasting anti-perspirant effectiveness.",
        "additional_information": "{\n    \"Order Amount\": \"40 ml\",\n    \"Item Number\": \"704562\",\n    \"Product Series\": \"Deo Pure\",\n    \"Net Weight\": \"0.04 kg\",\n    \"Package Height\": \"11 cm\",\n    \"Package Length\": \"2.8 cm\",\n    \"Package Width\": \"5 cm\"\n}"
    },
    {
        "product_name": "Biotherm Life Plankton Elixir 50 ml",
        "brand_name": "Biotherm",
        "brand_url": "https://shop.frankfurt-airport.com/en-US/brand/biotherm",
        "retailer_name": "Frankfurt Duty Free",
        "retailer_url": "https://shop.frankfurt-airport.com/en-US/retailer/heinemann",
        "price": "\u20ac82.99",
        "price_per_quantity": "\u20ac165.98 / 100  ml",
        "description": "Fundamental regenerating treatment that gives skin the power to renew itself in 8 days.Fundamental regenerating treatment that gives skin the power to renew itself in 8 days.",
        "additional_information": "{\n    \"Order Amount\": \"50 ml\",\n    \"Warning Hints\": \"Avoid eye contact. Keep away from direct heat and sunlight.\",\n    \"Item Number\": \"1357208\",\n    \"Product Series\": \"Life Plankton\",\n    \"Net Weight\": \"0.05 kg\",\n    \"Package Height\": \"13 cm\",\n    \"Package Length\": \"4.5 cm\",\n    \"Package Width\": \"4.5 cm\"\n}"
    },
    {
        "product_name": "Biotherm Aquasource Total Eye Revitalizer 15 ml",
        "brand_name": "Biotherm",
        "brand_url": "https://shop.frankfurt-airport.com/en-US/brand/biotherm",
        "retailer_name": "Frankfurt Duty Free",
        "retailer_url": "https://shop.frankfurt-airport.com/en-US/retailer/heinemann",
        "price": "\u20ac24.99",
        "price_per_quantity": "\u20ac166.60 / 100  ml",
        "description": "The unique association of blue hyaluron and life plankton. Feel -2\u00b0c at application and awake your eyes in a flash: super depuff, hydrate smooth, instant brighten.The unique association of blue hyaluron and life plankton. Feel -2\u00b0c at application and awake your eyes in a flash: super depuff, hydrate smooth, instant brighten.",
        "additional_information": "{\n    \"Order Amount\": \"15 ml\",\n    \"Item Number\": \"1114854\",\n    \"Product Series\": \"Aquasource\",\n    \"Net Weight\": \"0.015 kg\",\n    \"Package Height\": \"5 cm\",\n    \"Package Length\": \"5.5 cm\",\n    \"Package Width\": \"5.5 cm\"\n}"
    },
    {
        "product_name": "Biotherm Blue Therapy Night Cream 50 ml",
        "brand_name": "Biotherm",
        "brand_url": "https://shop.frankfurt-airport.com/en-US/brand/biotherm",
        "retailer_name": "Frankfurt Duty Free",
        "retailer_url": "https://shop.frankfurt-airport.com/en-US/retailer/heinemann",
        "price": "\u20ac64.99",
        "price_per_quantity": "\u20ac129.98 / 100  ml",
        "description": "Exposed to zero external aggressors and with a boosted regeneration process, the skin is better able to repair itself at nighttime.Now act on lack of firmness and visibly improve skin texture. Wake up to a beautiful-lookingExposed to zero external aggressors and with a boosted regeneration process, the skin is better able to repair itself at nighttime.Now act on lack of firmness and visibly improve skin texture. Wake up to a beautiful-looking",
        "additional_information": "{\n    \"Order Amount\": \"50 ml\",\n    \"Item Number\": \"1048642\",\n    \"Product Series\": \"Blue Therapy\",\n    \"Net Weight\": \"0.05 kg\",\n    \"Package Height\": \"6.2 cm\",\n    \"Package Length\": \"7.4 cm\",\n    \"Package Width\": \"7.4 cm\"\n}"
    },
    {
        "product_name": "Biotherm Homme Shaving Essentials Travel Size Shaving Foam Set",
        "brand_name": "Biotherm",
        "brand_url": "https://shop.frankfurt-airport.com/en-US/brand/biotherm",
        "retailer_name": "Frankfurt Duty Free",
        "retailer_url": "https://shop.frankfurt-airport.com/en-US/retailer/heinemann",
        "price": "\u20ac29.99",
        "price_per_quantity": "",
        "description": "Travel exclusive: unique offer for travelers. Discover our format specifically designed to meet the needs of frequent travellers: three 50 ml mini-shaving foams that are particularly convenient for short trips.Travel exclusive: unique offer for travelers. Discover our format specifically designed to meet the needs of frequent travellers: three 50 ml mini-shaving foams that are particularly convenient for short trips.",
        "additional_information": "{\n    \"Item Number\": \"710259\",\n    \"Product Series\": \"Homme\",\n    \"Net Weight\": \"0.15 kg\",\n    \"Package Height\": \"12 cm\",\n    \"Package Length\": \"4 cm\",\n    \"Package Width\": \"11 cm\"\n}"
    },
    {
        "product_name": "Biotherm Aquasource Cream 50 ml",
        "brand_name": "Biotherm",
        "brand_url": "https://shop.frankfurt-airport.com/en-US/brand/biotherm",
        "retailer_name": "Frankfurt Duty Free",
        "retailer_url": "https://shop.frankfurt-airport.com/en-US/retailer/heinemann",
        "price": "\u20ac29.90",
        "price_per_quantity": "\u20ac59.80 / 100  ml",
        "description": "New Aquasource more concentrated in Life Plankton. Now, hydration goes adaptive. 500 hours of full hydration in a jar. Skin stays even and soothed. Cream texture for normal to combination skin.",
        "additional_information": "{\n    \"Order Amount\": \"50 ml\",\n    \"Item Number\": \"1114910\",\n    \"Product Series\": \"Aquasource\",\n    \"Net Weight\": \"0.05 kg\",\n    \"Package Height\": \"6.4 cm\",\n    \"Package Length\": \"7.3 cm\",\n    \"Package Width\": \"7.3 cm\"\n}"
    },
    {
        "product_name": "Biotherm Pure Deodorant Roll-On Trio",
        "brand_name": "Biotherm",
        "brand_url": "https://shop.frankfurt-airport.com/en-US/brand/biotherm",
        "retailer_name": "Frankfurt Duty Free",
        "retailer_url": "https://shop.frankfurt-airport.com/en-US/retailer/heinemann",
        "price": "\u20ac54.99",
        "price_per_quantity": "",
        "description": "Offer exclusive to travelers. Roll-on deodorants with a tri-active mineral complex to provide a 48-hours protection. The formula combines efficiency with respect of the skin, even for the most sensitive ones. Save 15% vs. single products. Pure Deodorant Roll-On Trio cont.: Eau de Toilette 3 x 75 mlOffer exclusive to travelers. Roll-on deodorants with a tri-active mineral complex to provide a 48-hours protection. The formula combines efficiency with respect of the skin, even for the most sensitive ones. Save 15% vs. single products. Pure Deodorant Roll-On Trio cont.: Eau de Toilette 3 x 75 ml",
        "additional_information": "{\n    \"Warning Hints\": \"Avoid eye contact. Keep away from direct heat and sunlight.\",\n    \"Item Number\": \"448536\",\n    \"Product Series\": \"Deo Pure\",\n    \"Net Weight\": \"0.225 kg\",\n    \"Package Height\": \"10.8 cm\",\n    \"Package Length\": \"4.6 cm\",\n    \"Package Width\": \"14.3 cm\"\n}"
    },
    {
        "product_name": "Biotherm Lait Corporel Deodorant Roll-On 75 ml",
        "brand_name": "Biotherm",
        "brand_url": "https://shop.frankfurt-airport.com/en-US/brand/biotherm",
        "retailer_name": "Frankfurt Duty Free",
        "retailer_url": "https://shop.frankfurt-airport.com/en-US/retailer/heinemann",
        "price": "\u20ac18.99",
        "price_per_quantity": "\u20ac25.32 / 100  ml",
        "description": "The iconic Lait Corporel fragrance now in a refreshing, soothing & quick drying deodorant.The iconic Lait Corporel fragrance now in a refreshing, soothing & quick drying deodorant.",
        "additional_information": "{\n    \"Order Amount\": \"75 ml\",\n    \"Warning Hints\": \"Avoid eye contact. Keep away from direct heat and sunlight.\",\n    \"Item Number\": \"1223300\",\n    \"Product Series\": \"Lait Corporel\",\n    \"Net Weight\": \"0.075 kg\",\n    \"Package Height\": \"11.4 cm\",\n    \"Package Length\": \"4.8 cm\",\n    \"Package Width\": \"3.8 cm\"\n}"
    },
    {
        "product_name": "Biotherm Deo Pure Roll-On 75 ml",
        "brand_name": "Biotherm",
        "brand_url": "https://shop.frankfurt-airport.com/en-US/brand/biotherm",
        "retailer_name": "Frankfurt Duty Free",
        "retailer_url": "https://shop.frankfurt-airport.com/en-US/retailer/heinemann",
        "price": "\u20ac19.90",
        "price_per_quantity": "\u20ac26.53 / 100  ml",
        "description": "Long lasting anti-perspirant effectiveness. A fluid texture and a wide roller for comfortable use.Long lasting anti-perspirant effectiveness. A fluid texture and a wide roller for comfortable use.",
        "additional_information": "{\n    \"Order Amount\": \"75 ml\",\n    \"Item Number\": \"704559\",\n    \"Product Series\": \"Deo Pure\",\n    \"Net Weight\": \"0.075 kg\",\n    \"Package Height\": \"10 cm\",\n    \"Package Length\": \"5 cm\",\n    \"Package Width\": \"5 cm\"\n}"
    },
    {
        "product_name": "Biotherm L'Eau Eau de Toilette 100 ml",
        "brand_name": "Biotherm",
        "brand_url": "https://shop.frankfurt-airport.com/en-US/brand/biotherm",
        "retailer_name": "Frankfurt Duty Free",
        "retailer_url": "https://shop.frankfurt-airport.com/en-US/retailer/heinemann",
        "price": "\u20ac39.99",
        "price_per_quantity": "\u20ac39.99 / 100  ml",
        "description": "Ever wanted to save the enticing scent of Lait Corporel the whole day? Now the iconic Lait Corporel fragrance in a bottle to refresh , energize and invigorate yourself all day long. Allow yourself to be carried away by the sparkling freshness of the zesty orange fruit, the smoothness of the freesia and the soft perfume of cedar wood.Ever wanted to save the enticing scent of Lait Corporel the whole day? Now the iconic Lait Corporel fragrance in a bottle to refresh , energize and invigorate yourself all day long. Allow yourself to be carried away by the sparkling freshness of the zesty orange fruit, the smoothness of the freesia and the soft perfume of cedar wood.",
        "additional_information": "{\n    \"Order Amount\": \"100 ml\",\n    \"Target Gender\": \"Female\",\n    \"made in\": \"France\",\n    \"Type of Fragrance\": \"Eau De Toilette\",\n    \"Item Number\": \"1125860\",\n    \"Product Series\": \"Lait Corporel\",\n    \"Net Weight\": \"0.1 kg\",\n    \"Package Height\": \"16.9 cm\",\n    \"Package Length\": \"4.5 cm\",\n    \"Package Width\": \"6.3 cm\"\n}"
    },
    {
        "product_name": "Biotherm Biomains Hand and Nail Treatment 100 ml",
        "brand_name": "Biotherm",
        "brand_url": "https://shop.frankfurt-airport.com/en-US/brand/biotherm",
        "retailer_name": "Frankfurt Duty Free",
        "retailer_url": "https://shop.frankfurt-airport.com/en-US/retailer/heinemann",
        "price": "\u20ac10.79",
        "price_per_quantity": "\u20ac10.79 / 100  ml",
        "description": "Multi-performance treatment for hands. Biomains protects, fights against the appearance of signs of aging and brown spots and strengthens regularly-massaged nails.Multi-performance treatment for hands. Biomains protects, fights against the appearance of signs of aging and brown spots and strengthens regularly-massaged nails.",
        "additional_information": "{\n    \"Order Amount\": \"100 ml\",\n    \"Item Number\": \"49254\",\n    \"Product Series\": \"Biomains\",\n    \"Net Weight\": \"0.1 kg\",\n    \"Package Height\": \"14.7 cm\",\n    \"Package Length\": \"3.7 cm\",\n    \"Package Width\": \"6.4 cm\"\n}"
    },
    {
        "product_name": "Biotherm Biosource Total Renew Oil 200 ml",
        "brand_name": "Biotherm",
        "brand_url": "https://shop.frankfurt-airport.com/en-US/brand/biotherm",
        "retailer_name": "Frankfurt Duty Free",
        "retailer_url": "https://shop.frankfurt-airport.com/en-US/retailer/heinemann",
        "price": "\u20ac32.99",
        "price_per_quantity": "\u20ac16.50 / 100  ml",
        "description": "This self-foaming oil, a blend of natural vegetable oils associated with an anti-pollution agent, eliminates 73% of fine particles (PM2.5) and long-lasting makeup in one easy and pleasant step. Frees the skin of all traces of perspiration, make-up and urban impurities. The skin is doubly cleansed, it is radiant and totally regenerated. As part of our commitment, we are reducing our consumption of virgin plastic. Your product is now available in a 100% recycled* and recyclable plastic bottle. *Excluding colorants , additives and pump Product made in France suitable for sensitive skinThis self-foaming oil, a blend of natural vegetable oils associated with an anti-pollution agent, eliminates 73% of fine particles (PM2.5) and long-lasting makeup in one easy and pleasant step. Frees the skin of all traces of perspiration, make-up and urban impurities. The skin is doubly cleansed, it is radiant and totally regenerated. As part of our commitment, we are reducing our consumption of virgin plastic. Your product is now available in a 100% recycled* and recyclable plastic bottle. *Excluding colorants , additives and pump Product made in France suitable for sensitive skin",
        "additional_information": "{\n    \"Order Amount\": \"200 ml\",\n    \"Warning Hints\": \"Avoid eye contact. Keep away from direct heat and sunlight.\",\n    \"Item Number\": \"1183775\",\n    \"Product Series\": \"Biosource\",\n    \"Net Weight\": \"0.2 kg\",\n    \"Package Height\": \"16.9 cm\",\n    \"Package Length\": \"3.8 cm\",\n    \"Package Width\": \"6.7 cm\"\n}"
    },
    {
        "product_name": "Biotherm Homme Body Care Day Control Dodorant Roll-On Natural Protect 75 ml",
        "brand_name": "Biotherm",
        "brand_url": "https://shop.frankfurt-airport.com/en-US/brand/biotherm",
        "retailer_name": "Frankfurt Duty Free",
        "retailer_url": "https://shop.frankfurt-airport.com/en-US/retailer/heinemann",
        "price": "\u20ac17.99",
        "price_per_quantity": "\u20ac23.99 / 100  ml",
        "description": "The alliance of 100% natural origin ingredients to neutralize odors and let the skin breathe. Bio CosmeticThe alliance of 100% natural origin ingredients to neutralize odors and let the skin breathe. Bio Cosmetic",
        "additional_information": "{\n    \"Order Amount\": \"75 ml\",\n    \"Item Number\": \"433365\",\n    \"Product Series\": \"Day Control\",\n    \"Net Weight\": \"0.075 kg\",\n    \"Package Height\": \"11 cm\",\n    \"Package Length\": \"4.5 cm\",\n    \"Package Width\": \"4.5 cm\"\n}"
    },
    {
        "product_name": "Biotherm Dodorant Pure Invisible Roll-On 75 ml",
        "brand_name": "Biotherm",
        "brand_url": "https://shop.frankfurt-airport.com/en-US/brand/biotherm",
        "retailer_name": "Frankfurt Duty Free",
        "retailer_url": "https://shop.frankfurt-airport.com/en-US/retailer/heinemann",
        "price": "\u20ac18.99",
        "price_per_quantity": "\u20ac25.32 / 100  ml",
        "description": "48h antiperspirant roll-on with soothing complex, anti-white marks and yellow stains. The only trace left is a signature Fragrance of subtle floral freshness.48h antiperspirant roll-on with soothing complex, anti-white marks and yellow stains. The only trace left is a signature Fragrance of subtle floral freshness.",
        "additional_information": "{\n    \"Order Amount\": \"75 ml\",\n    \"Item Number\": \"1019791\",\n    \"Product Series\": \"Deo Pure\",\n    \"Net Weight\": \"0.075 kg\",\n    \"Package Height\": \"11 cm\",\n    \"Package Length\": \"5 cm\",\n    \"Package Width\": \"5 cm\"\n}"
    },
    {
        "product_name": "Biotherm Waterlover Anti-Aging Cream Face Sunscreen SPF 50 50 ml",
        "brand_name": "Biotherm",
        "brand_url": "https://shop.frankfurt-airport.com/en-US/brand/biotherm",
        "retailer_name": "Frankfurt Duty Free",
        "retailer_url": "https://shop.frankfurt-airport.com/en-US/retailer/heinemann",
        "price": "\u20ac26.99",
        "price_per_quantity": "\u20ac53.98 / 100  ml",
        "description": "Youth protection face cream to prevent from photoaging. It helps to prevent signs of premature aging due to UV exposure like dark spots or wrinklesYouth protection face cream to prevent from photoaging. It helps to prevent signs of premature aging due to UV exposure like dark spots or wrinkles",
        "additional_information": "{\n    \"Order Amount\": \"50 ml\",\n    \"Warning Hints\": \"Avoid eye contact. Keep away from direct heat and sunlight.\",\n    \"Item Number\": \"1516729\",\n    \"Product Series\": \"Waterlover\",\n    \"Net Weight\": \"0.05 kg\",\n    \"Package Height\": \"10.8 cm\",\n    \"Package Length\": \"3.8 cm\",\n    \"Package Width\": \"4.8 cm\"\n}"
    },
    {
        "product_name": "Biotherm Waterlover Sun Milk SPF50 200 ml",
        "brand_name": "Biotherm",
        "brand_url": "https://shop.frankfurt-airport.com/en-US/brand/biotherm",
        "retailer_name": "Frankfurt Duty Free",
        "retailer_url": "https://shop.frankfurt-airport.com/en-US/retailer/heinemann",
        "price": "\u20ac32.99",
        "price_per_quantity": "\u20ac16.50 / 100  ml",
        "description": "This sunmilk is eco-tested in marine conditions, designed for Water Lovers who want to protect both their skin and waters. The sensory formula offers very high spectrum protection against both UVA and UVB with a milky texture that is easily to apply, water resistant and leaves no white marks afterwards. What's unique about it: As Water Lovers, we want to protect the oceans and have the lowest impact on aquatic life. The formula has been eco-tested in marine condition and packed in a bottle made of recycled plastic.This sunmilk is eco-tested in marine conditions, designed for Water Lovers who want to protect both their skin and waters. The sensory formula offers very high spectrum protection against both UVA and UVB with a milky texture that is easily to apply, water resistant and leaves no white marks afterwards. What's unique about it: As Water Lovers, we want to protect the oceans and have the lowest impact on aquatic life. The formula has been eco-tested in marine condition and packed in a bottle made of recycled plastic.",
        "additional_information": "{\n    \"Order Amount\": \"200 ml\",\n    \"Warning Hints\": \"Avoid eye contact. Keep away from direct heat and sunlight.\",\n    \"Item Number\": \"1564227\",\n    \"Product Series\": \"Waterlover\",\n    \"Net Weight\": \"0.2 kg\",\n    \"Package Height\": \"14 cm\",\n    \"Package Length\": \"5.2 cm\",\n    \"Package Width\": \"5.2 cm\"\n}"
    },
    {
        "product_name": "Biotherm Moisturizing Beurre de Levres Replumping & Smoothing Lip Balm 13 ml",
        "brand_name": "Biotherm",
        "brand_url": "https://shop.frankfurt-airport.com/en-US/brand/biotherm",
        "retailer_name": "Frankfurt Duty Free",
        "retailer_url": "https://shop.frankfurt-airport.com/en-US/retailer/heinemann",
        "price": "\u20ac9.99",
        "price_per_quantity": "\u20ac76.85 / 100  ml",
        "description": "Even the most dry, chapped lips can become smooth and plump with the high nutrition and protection of Beurre de L\u00e8vres Lip Balm.Even the most dry, chapped lips can become smooth and plump with the high nutrition and protection of Beurre de L\u00e8vres Lip Balm.",
        "additional_information": "{\n    \"Order Amount\": \"13 ml\",\n    \"Item Number\": \"504439\",\n    \"Product Series\": \"Beurre de L\\u00e8vres\",\n    \"Net Weight\": \"0.013 kg\",\n    \"Package Height\": \"10 cm\",\n    \"Package Length\": \"3 cm\",\n    \"Package Width\": \"2 cm\"\n}"
    },
    {
        "product_name": "Biotherm Homme Shaving Mousse de Rasage Peau Sensible 200 ml",
        "brand_name": "Biotherm",
        "brand_url": "https://shop.frankfurt-airport.com/en-US/brand/biotherm",
        "retailer_name": "Frankfurt Duty Free",
        "retailer_url": "https://shop.frankfurt-airport.com/en-US/retailer/heinemann",
        "price": "\u20ac25.99",
        "price_per_quantity": "\u20ac13.00 / 100  ml",
        "description": "A precise, comfortable shave that preserves and soothes the skin without irritation. Dermatologically tested on sensitive skins and enriched with soothing Pure Extract of Thermal Plankton, this shaving foam prevents irritation and respects even the most sensitive skin.A precise, comfortable shave that preserves and soothes the skin without irritation. Dermatologically tested on sensitive skins and enriched with soothing Pure Extract of Thermal Plankton, this shaving foam prevents irritation and respects even the most sensitive skin.",
        "additional_information": "{\n    \"Order Amount\": \"200 ml\",\n    \"Item Number\": \"644057\",\n    \"Product Series\": \"Homme\",\n    \"Net Weight\": \"0.2 kg\",\n    \"Package Height\": \"17 cm\",\n    \"Package Length\": \"5.5 cm\",\n    \"Package Width\": \"5.5 cm\"\n}"
    },
    {
        "product_name": "Biotherm Waterlover Anti-Aging Cream Face Sunscreen SPF 30 50 ml",
        "brand_name": "Biotherm",
        "brand_url": "https://shop.frankfurt-airport.com/en-US/brand/biotherm",
        "retailer_name": "Frankfurt Duty Free",
        "retailer_url": "https://shop.frankfurt-airport.com/en-US/retailer/heinemann",
        "price": "\u20ac26.99",
        "price_per_quantity": "\u20ac53.98 / 100  ml",
        "description": "Youth protection face cream to prevent from photoaging. It helps to prevent signs of premature aging due to UV exposure like dark spots or wrinklesYouth protection face cream to prevent from photoaging. It helps to prevent signs of premature aging due to UV exposure like dark spots or wrinkles",
        "additional_information": "{\n    \"Order Amount\": \"50 ml\",\n    \"Warning Hints\": \"Avoid eye contact. Keep away from direct heat and sunlight.\",\n    \"Item Number\": \"1516730\",\n    \"Product Series\": \"Waterlover\",\n    \"Net Weight\": \"0.05 kg\",\n    \"Package Height\": \"10.8 cm\",\n    \"Package Length\": \"3.8 cm\",\n    \"Package Width\": \"4.8 cm\"\n}"
    },
    {
        "product_name": "Bruichladdich 14y Micro Cask Islay Single Malt Scotch Whisky 55% 0.7L",
        "brand_name": "Bruichladdich",
        "brand_url": "https://shop.frankfurt-airport.com/en-US/brand/bruichladdich",
        "retailer_name": "Frankfurt Duty Free",
        "retailer_url": "https://shop.frankfurt-airport.com/en-US/retailer/heinemann",
        "price": "\u20ac199.99",
        "price_per_quantity": "\u20ac285.70 / 1  l",
        "description": "The ultimate in detail, Bruichladdich Micro Provenance Single Cask series explores the influence that all aspects of whisky making has on the final product, from specific barley varietal and cask type to age and exact warehouse location. It's the true definition of whisky making, laid bare for whisky drinkers and collectors, each single cask bottling is completely unique \u2013 not to be repeated.",
        "additional_information": "{\n    \"Order Amount\": \"0.7 l\",\n    \"Calories\": \"1,280 kJ\",\n    \"Fat\": \" / \",\n    \"thereof \": \"0.2 g\",\n    \"Saturated Fatty Acids\": \"0 g\",\n    \"Carbonate\": \"0 g\",\n    \"Sugar\": \"0 g\",\n    \"Protein\": \"0 g\",\n    \"Salt\": \"0 g\",\n    \"made in\": \"United Kingdom\",\n    \"With Colorant\": \"No\",\n    \"Storage Conditions\": \"Store in a cool dry place.\",\n    \"Warning Hints\": \"Drink responsibly.\",\n    \"Item Number\": \"1662739\",\n    \"Net Weight\": \"0.7 kg\",\n    \"Package Height\": \"21.5 cm\",\n    \"Package Length\": \"8.6 cm\",\n    \"Package Width\": \"8.6 cm\"\n}"
    },
    {
        "product_name": "Biotherm Waterlover Hydrating Sun Milk SPF30 200 ml",
        "brand_name": "Biotherm",
        "brand_url": "https://shop.frankfurt-airport.com/en-US/brand/biotherm",
        "retailer_name": "Frankfurt Duty Free",
        "retailer_url": "https://shop.frankfurt-airport.com/en-US/retailer/heinemann",
        "price": "\u20ac22.99",
        "price_per_quantity": "\u20ac11.50 / 100  ml",
        "description": "A very high protection sun lotion against UVA / UVB, formulated to be suitable for sensitive skin. It contains ingredients selected to respect the aquatic environment. Its moisturizing formula is enriched in Life Plankton\u2122 probiotic fraction for a guarantee of a moisturized skin. Skin is protected from UVA/UVB rays and moisturized. True to our BLUE COMMITMENTS: Its 200ml tube incorporates paper and uses 43% less plastic compared to the old tube. Highly biodegradable formula that respects aquatic life. Eco-certified.A very high protection sun lotion against UVA / UVB, formulated to be suitable for sensitive skin. It contains ingredients selected to respect the aquatic environment. Its moisturizing formula is enriched in Life Plankton\u2122 probiotic fraction for a guarantee of a moisturized skin. Skin is protected from UVA/UVB rays and moisturized. True to our BLUE COMMITMENTS: Its 200ml tube incorporates paper and uses 43% less plastic compared to the old tube. Highly biodegradable formula that respects aquatic life. Eco-certified.",
        "additional_information": "{\n    \"Order Amount\": \"200 ml\",\n    \"Warning Hints\": \"Avoid eye contact. Keep away from direct heat and sunlight.\",\n    \"Item Number\": \"1564228\",\n    \"Product Series\": \"Waterlover\",\n    \"Net Weight\": \"0.2 kg\",\n    \"Package Height\": \"17.5 cm\",\n    \"Package Length\": \"5 cm\",\n    \"Package Width\": \"5 cm\"\n}"
    },
    {
        "product_name": "Biotherm Waterlover Hydrating Sun Milk SPF50 200 ml",
        "brand_name": "Biotherm",
        "brand_url": "https://shop.frankfurt-airport.com/en-US/brand/biotherm",
        "retailer_name": "Frankfurt Duty Free",
        "retailer_url": "https://shop.frankfurt-airport.com/en-US/retailer/heinemann",
        "price": "\u20ac22.99",
        "price_per_quantity": "\u20ac11.50 / 100  ml",
        "description": "A very high protection sun lotion against UVA / UVB, formulated to be suitable for sensitive skin. It contains ingredients selected to respect the aquatic environment. Its moisturizing formula is enriched in Life Plankton\u2122 probiotic fraction for a guarantee of a moisturized skin. Skin is protected from UVA/UVB rays and moisturized. True to our BLUE COMMITMENTS: Its 200ml tube incorporates paper and uses 43% less plastic compared to the old tube. Highly biodegradable formula that respects aquatic life. Eco-certified.A very high protection sun lotion against UVA / UVB, formulated to be suitable for sensitive skin. It contains ingredients selected to respect the aquatic environment. Its moisturizing formula is enriched in Life Plankton\u2122 probiotic fraction for a guarantee of a moisturized skin. Skin is protected from UVA/UVB rays and moisturized. True to our BLUE COMMITMENTS: Its 200ml tube incorporates paper and uses 43% less plastic compared to the old tube. Highly biodegradable formula that respects aquatic life. Eco-certified.",
        "additional_information": "{\n    \"Order Amount\": \"200 ml\",\n    \"Warning Hints\": \"Avoid eye contact. Keep away from direct heat and sunlight.\",\n    \"Item Number\": \"1564229\",\n    \"Product Series\": \"Waterlover\",\n    \"Net Weight\": \"0.2 kg\",\n    \"Package Height\": \"17.5 cm\",\n    \"Package Length\": \"7.7 cm\",\n    \"Package Width\": \"5 cm\"\n}"
    },
    {
        "product_name": "Biotherm Waterlover Hydrating Sun Milk Spray SPF 50 200 ml",
        "brand_name": "Biotherm",
        "brand_url": "https://shop.frankfurt-airport.com/en-US/brand/biotherm",
        "retailer_name": "Frankfurt Duty Free",
        "retailer_url": "https://shop.frankfurt-airport.com/en-US/retailer/heinemann",
        "price": "\u20ac28.99",
        "price_per_quantity": "\u20ac14.50 / 100  ml",
        "description": "A high-protection, hydrating milky sun spray that is more respectful of phytoplankton and marine life. Made of a 85% biodegradable base formula and eco-tested sun filters for a reduced impact on the planet. Contains regenerating Life PlanktonTM probiotic fraction , and antioxidant, skin barrier strengthening Vitamin E.\u200bSkin is protected from UV rays and hydrated for up to 24H. Eco-conceived formula: 85% biodegradable base, eco-tested sun filters\u200b. Eco-designed packaging: Now available in 100% recycled plastic, recyclable bottle.A high-protection, hydrating milky sun spray that is more respectful of phytoplankton and marine life. Made of a 85% biodegradable base formula and eco-tested sun filters for a reduced impact on the planet. Contains regenerating Life PlanktonTM probiotic fraction , and antioxidant, skin barrier strengthening Vitamin E.\u200bSkin is protected from UV rays and hydrated for up to 24H. Eco-conceived formula: 85% biodegradable base, eco-tested sun filters\u200b. Eco-designed packaging: Now available in 100% recycled plastic, recyclable bottle.",
        "additional_information": "{\n    \"Order Amount\": \"200 ml\",\n    \"Warning Hints\": \"Avoid eye contact. Keep away from direct heat and sunlight.\",\n    \"Item Number\": \"1564767\",\n    \"Product Series\": \"Waterlover\",\n    \"Net Weight\": \"0.2 kg\",\n    \"Package Height\": \"19.1 cm\",\n    \"Package Length\": \"5 cm\",\n    \"Package Width\": \"5 cm\"\n}"
    },
    {
        "product_name": "Bruichladdich Laddie 8 Islay Single Malt Scotch Whisky 50% 0.7L gift pack",
        "brand_name": "Bruichladdich",
        "brand_url": "https://shop.frankfurt-airport.com/en-US/brand/bruichladdich",
        "retailer_name": "Frankfurt Duty Free",
        "retailer_url": "https://shop.frankfurt-airport.com/en-US/retailer/heinemann",
        "price": "\u20ac57.99",
        "price_per_quantity": "\u20ac82.84 / 1  l",
        "description": "The unpeated \u2018Laddie Eight\u2019, is the latest exclusive for Travel Retail released by head distiller Adam Hannett. His aim with this vatting is to preserve the elegant, floral notes of the vibrant young spirit while building up the signature salty, citrus tang so characteristic of Bruichladdich. He understands that eight years maturation in a warehouse that hugs the shores of Loch Indaal will impart complex notes of apple, pear and subtle layers of oak.The unpeated \u2018Laddie Eight\u2019, is the latest exclusive for Travel Retail released by head distiller Adam Hannett. His aim with this vatting is to preserve the elegant, floral notes of the vibrant young spirit while building up the signature salty, citrus tang so characteristic of Bruichladdich. He understands that eight years maturation in a warehouse that hugs the shores of Loch Indaal will impart complex notes of apple, pear and subtle layers of oak.",
        "additional_information": "{\n    \"Order Amount\": \"0.7 l\",\n    \"Calories\": \"921 kJ\",\n    \"Fat\": \" / \",\n    \"Carbonate\": \"331 kcal\",\n    \"Protein\": \"0.001 g\",\n    \"made in\": \"0.001 g\",\n    \"With Colorant\": \"0.001 g\",\n    \"GMO Free\": \"United Kingdom\",\n    \"Warning Hints\": \"No\",\n    \"Item Number\": \"Yes\",\n    \"Net Weight\": \"Drink responsibly.\",\n    \"Package Height\": \"1219145\",\n    \"Package Length\": \"0.7 kg\",\n    \"Package Width\": \"22.5 cm\"\n}"
    },
    {
        "product_name": "Octomore Edition 14.1 Islay Single Malt Scotch Whisky 59.6% 0.7L",
        "brand_name": "Bruichladdich",
        "brand_url": "https://shop.frankfurt-airport.com/en-US/brand/bruichladdich",
        "retailer_name": "Frankfurt Duty Free",
        "retailer_url": "https://shop.frankfurt-airport.com/en-US/retailer/heinemann",
        "price": "\u20ac154.99",
        "price_per_quantity": "\u20ac221.41 / 1  l",
        "description": "Distilled from 100% Scottish mainland barley and peated to 128.9 PPM, Octomore 14.1 is as youthful and dynamic as its predecessors.",
        "additional_information": "{\n    \"Order Amount\": \"0.7 l\",\n    \"made in\": \"United Kingdom\",\n    \"With Colorant\": \"No\",\n    \"Storage Conditions\": \"Store in a cool dry place.\",\n    \"Warning Hints\": \"Drink responsibly.\",\n    \"Item Number\": \"1624706\",\n    \"Net Weight\": \"0.7 kg\",\n    \"Package Height\": \"35 cm\",\n    \"Package Length\": \"8.5 cm\",\n    \"Package Width\": \"8.5 cm\"\n}"
    },
    {
        "product_name": "Bruichladdich Port Charlotte 10y Islay Single Malt Scotch Whisky  50% 1L gift pack",
        "brand_name": "Bruichladdich",
        "brand_url": "https://shop.frankfurt-airport.com/en-US/brand/bruichladdich",
        "retailer_name": "Frankfurt Duty Free",
        "retailer_url": "https://shop.frankfurt-airport.com/en-US/retailer/heinemann",
        "price": "\u20ac84.99",
        "price_per_quantity": "\u20ac84.99 / 1  l",
        "description": "This Permanent Release Of Port Charlotte 10 Year Old Is The First Time It Has Been Available In Gtr.",
        "additional_information": "{\n    \"Order Amount\": \"1 l\",\n    \"Calories\": \"1,150.6 kJ\",\n    \"Fat\": \" / \",\n    \"thereof \": \"0.1 g\",\n    \"Saturated Fatty Acids\": \"0.1 g\",\n    \"Carbonate\": \"0.1 g\",\n    \"Sugar\": \"0.1 g\",\n    \"Salt\": \"0.1 g\",\n    \"made in\": \"United Kingdom\",\n    \"With Colorant\": \"No\",\n    \"Warning Hints\": \"Drink responsibly.\",\n    \"Item Number\": \"1349584\",\n    \"Net Weight\": \"1 kg\",\n    \"Package Height\": \"25 cm\",\n    \"Package Length\": \"11 cm\",\n    \"Package Width\": \"11 cm\"\n}"
    },
    {
        "product_name": "Bollinger, brut, ros, 0.75L",
        "brand_name": "Bollinger",
        "brand_url": "https://shop.frankfurt-airport.com/en-US/brand/bollinger",
        "retailer_name": "Frankfurt Duty Free",
        "retailer_url": "https://shop.frankfurt-airport.com/en-US/retailer/heinemann",
        "price": "\u20ac79.99",
        "price_per_quantity": "\u20ac106.65 / 1  l",
        "description": "Fresh as a ros\u00e9, balanced as a Bollinger. Demonstrating singular blending and red-winemaking skills: a true alchemy and an impressively technical wine. With its intimate and stand-out flavours, Bollinger Ros\u00e9 can be served for an afternoon tea in true Bollinger-style. It is also perfect for a picnic on a summer day, as an aperitif drink or served with a tart fruity dessert. To fully appreciate its unique style, bouquet and aromas, Bollinger Ros\u00e9 is best served between 8\u00b0C and 10\u00b0C. Enjoy it now!",
        "additional_information": "{\n    \"Order Amount\": \"0.75 l\",\n    \"Calories\": \"281 kJ\",\n    \"Fat\": \" / \",\n    \"Carbonate\": \"67 kcal\",\n    \"thereof \": \"0 mg\",\n    \"Sugar\": \"0.1 g\",\n    \"Protein\": \"0 g\",\n    \"Salt\": \"0 mg\",\n    \"made in\": \"0 g\",\n    \"Sweetness of Sparkling Wine\": \"France\",\n    \"Sweetness of Still Wine\": \"Brut\",\n    \"With Colorant\": \"Dry\",\n    \"GMO Free\": \"No\",\n    \"Warning Hints\": \"Yes\",\n    \"Item Number\": \"Please drink responsibly\",\n    \"Net Weight\": \"1090320\",\n    \"Package Height\": \"0.75 kg\",\n    \"Package Length\": \"32 cm\",\n    \"Package Width\": \"10 cm\"\n}"
    },
    {
        "product_name": "Bruichladdich Redefine 21y Islay Single Malt Scotch Whisky 50% 0.7L",
        "brand_name": "Bruichladdich",
        "brand_url": "https://shop.frankfurt-airport.com/en-US/brand/bruichladdich",
        "retailer_name": "Frankfurt Duty Free",
        "retailer_url": "https://shop.frankfurt-airport.com/en-US/retailer/heinemann",
        "price": "\u20ac249.99",
        "price_per_quantity": "\u20ac357.13 / 1  l",
        "description": "Resurrecting our Victorian distillery in 2001, our aim has been to make the most thought provoking spirits. Always pushing boundaries, we have championed our raw ingredients and explored the nuance and power of cask in the pursuit of flavour. Expertly married with two decades of cask exploration, layered and complex. The result is a unique single malt with remarkable depth and notes of red fruits and toffee, possibly the highest provenance 21yo ever created.Resurrecting our Victorian distillery in 2001, our aim has been to make the most thought provoking spirits. Always pushing boundaries, we have championed our raw ingredients and explored the nuance and power of cask in the pursuit of flavour. Expertly married with two decades of cask exploration, layered and complex. The result is a unique single malt with remarkable depth and notes of red fruits and toffee, possibly the highest provenance 21yo ever created.",
        "additional_information": "{\n    \"Order Amount\": \"0.7 l\",\n    \"made in\": \"United Kingdom\",\n    \"With Colorant\": \"No\",\n    \"Storage Conditions\": \"Store in a cool dry place.\",\n    \"Warning Hints\": \"Drink responsibly.\",\n    \"Item Number\": \"1640110\",\n    \"Net Weight\": \"0.7 kg\",\n    \"Package Height\": \"24 cm\",\n    \"Package Length\": \"8.5 cm\",\n    \"Package Width\": \"8.5 cm\"\n}"
    },
    {
        "product_name": "Bollinger, La Grande Anne, Champagne, AOC, brut, white (gift box) 0.75L",
        "brand_name": "Bollinger",
        "brand_url": "https://shop.frankfurt-airport.com/en-US/brand/bollinger",
        "retailer_name": "Frankfurt Duty Free",
        "retailer_url": "https://shop.frankfurt-airport.com/en-US/retailer/heinemann",
        "price": "\u20ac179.99",
        "price_per_quantity": "\u20ac239.99 / 1  l",
        "description": "Bollinger\u2019s prestige champagne is produced only when the harvest reaches a perfect balance. La Grande Ann\u00e9e is the perfect Champagne  for gourmet food. To fully appreciate its unique style and aromas, La Grande Ann\u00e9e is best served between 8 and 10\u00b0C. You can enjoy  La Grande Ann\u00e9e now or choose to age it in your cellar. Please note that the product image is for indicative purposes only - please check in store for the availability of particular vintages.",
        "additional_information": "{\n    \"Order Amount\": \"0.75 l\",\n    \"Grape Variety\": \"Pinot Noir/Chardonnay\",\n    \"made in\": \"France\",\n    \"Sweetness of Sparkling Wine\": \"Brut\",\n    \"Sweetness of Still Wine\": \"Dry\",\n    \"With Colorant\": \"No\",\n    \"GMO Free\": \"Yes\",\n    \"Warning Hints\": \"Please drink responsibly\",\n    \"Item Number\": \"1090321\",\n    \"Net Weight\": \"0.75 kg\",\n    \"Package Height\": \"34 cm\",\n    \"Package Length\": \"12 cm\",\n    \"Package Width\": \"11.7 cm\"\n}"
    },
    {
        "product_name": "Bushmills 21Y Single Malt Irish Whiskey 46% 0.7L",
        "brand_name": "Bushmills",
        "brand_url": "https://shop.frankfurt-airport.com/en-US/brand/bushmills",
        "retailer_name": "Frankfurt Duty Free",
        "retailer_url": "https://shop.frankfurt-airport.com/en-US/retailer/heinemann",
        "price": "\u20ac299.99",
        "price_per_quantity": "\u20ac428.56 / 1  l",
        "description": "Bushmills 21-year-old is a triple distilled and matured for a long and peaceful 18 years in a combination of Bushmills\u2019 signature Bourbon and Oloroso barrels. The whiskey is then married and transferred to decadent 1st fill Marsala fortified wine barrels for a further three years.Bushmills 21-year-old is a triple distilled and matured for a long and peaceful 18 years in a combination of Bushmills\u2019 signature Bourbon and Oloroso barrels. The whiskey is then married and transferred to decadent 1st fill Marsala fortified wine barrels for a further three years.",
        "additional_information": "{\n    \"Order Amount\": \"0.7 l\",\n    \"made in\": \"United Kingdom\",\n    \"With Colorant\": \"No\",\n    \"Storage Conditions\": \"Store in a cool dry area\",\n    \"Warning Hints\": \"Drink responsibly.\",\n    \"Item Number\": \"1597935\",\n    \"Net Weight\": \"0.7 kg\",\n    \"Package Height\": \"29.5 cm\",\n    \"Package Length\": \"10.3 cm\",\n    \"Package Width\": \"13 cm\"\n}"
    },
    {
        "product_name": "Bollinger, Special Cuve, Champagne, AOC brut, white (gift box) 0.75L",
        "brand_name": "Bollinger",
        "brand_url": "https://shop.frankfurt-airport.com/en-US/brand/bollinger",
        "retailer_name": "Frankfurt Duty Free",
        "retailer_url": "https://shop.frankfurt-airport.com/en-US/retailer/heinemann",
        "price": "\u20ac59.99",
        "price_per_quantity": "\u20ac79.99 / 1  l",
        "description": "An icon among non-vintage champagnes, Special Cuv\u00e9e is the result of the delicate blending between harvest grapes and a majority of reserve wines, including some aged in magnums for more than 15 years in Bollinger\u2019s cellars. Special Cuv\u00e9e is perfect shared among friends, for a simple and meaningful moment. It is the champagne we give to the people we love and who love nice things. To enhance its unique style, bouquet and aromas, Special Cuv\u00e9e is best served between 8\u00b0 and 10\u00b0C.",
        "additional_information": "{\n    \"Order Amount\": \"0.75 l\",\n    \"Calories\": \"293 kJ\",\n    \"Fat\": \" / \",\n    \"Carbonate\": \"70 kcal\",\n    \"thereof \": \"0 mg\",\n    \"Sugar\": \"0.1 g\",\n    \"Protein\": \"0 g\",\n    \"Salt\": \"0 mg\",\n    \"made in\": \"0 g\",\n    \"Sweetness of Sparkling Wine\": \"France\",\n    \"Sweetness of Still Wine\": \"Brut\",\n    \"With Colorant\": \"Dry\",\n    \"GMO Free\": \"No\",\n    \"Warning Hints\": \"Yes\",\n    \"Item Number\": \"Please drink responsibly\",\n    \"Net Weight\": \"616150\",\n    \"Package Height\": \"0.75 kg\",\n    \"Package Length\": \"31.8 cm\",\n    \"Package Width\": \"10 cm\"\n}"
    },
    {
        "product_name": "Bushmills Black Bush 80/20 80% Malt Irish Whiskey 20% Pedro Ximenez Sherry Cask Reserve 40% 1L gift pack",
        "brand_name": "Bushmills",
        "brand_url": "https://shop.frankfurt-airport.com/en-US/brand/bushmills",
        "retailer_name": "Frankfurt Duty Free",
        "retailer_url": "https://shop.frankfurt-airport.com/en-US/retailer/heinemann",
        "price": "\u20ac35.99",
        "price_per_quantity": "\u20ac35.99 / 1  l",
        "description": "A new iteration of the iconic Black Bush, 80/20 is a unique blend of Bushmills Single Malt finished in the finest hand-selected Pedro Ximenez sherry casks and Irish grain whiskey. Ageing in PX casks imparts the rich, dried fruit and caramelized raisin notes characteristic of the legendary sweet wine. Exclusive to travel retail, Black Bush is created specially for those who appreciate exceptional whiskey with a deep sherry complexity.A new iteration of the iconic Black Bush, 80/20 is a unique blend of Bushmills Single Malt finished in the finest hand-selected Pedro Ximenez sherry casks and Irish grain whiskey. Ageing in PX casks imparts the rich, dried fruit and caramelized raisin notes characteristic of the legendary sweet wine. Exclusive to travel retail, Black Bush is created specially for those who appreciate exceptional whiskey with a deep sherry complexity.",
        "additional_information": "{\n    \"Order Amount\": \"1 l\",\n    \"Calories\": \"919 kJ\",\n    \"made in\": \" / \",\n    \"With Colorant\": \"222 kcal\",\n    \"Storage Conditions\": \"United Kingdom\",\n    \"Warning Hints\": \"Yes\",\n    \"Item Number\": \"Store in  a cool dry place\",\n    \"Net Weight\": \"Drink responsibly.\",\n    \"Package Height\": \"1515375\",\n    \"Package Length\": \"1 kg\",\n    \"Package Width\": \"32 cm\"\n}"
    },
    {
        "product_name": "Bollinger, La Grande Anne, Champagne, AOC, brut, ros (gift box)",
        "brand_name": "Bollinger",
        "brand_url": "https://shop.frankfurt-airport.com/en-US/brand/bollinger",
        "retailer_name": "Frankfurt Duty Free",
        "retailer_url": "https://shop.frankfurt-airport.com/en-US/retailer/heinemann",
        "price": "\u20ac219.99",
        "price_per_quantity": "\u20ac293.32 / 1  l",
        "description": "The quest for perfection and embodiment of the carefully preserved traditional expertise of the Bollinger Champagne House. Revealing  a character of depth and refinement , these prestigious wines are only produced when the harvest has reached a perfect balance. Unique know \u2013 how :Vinified exclusively in barrels. Riddled and disgorged by hand.",
        "additional_information": "{\n    \"Order Amount\": \"0.75 l\",\n    \"Grape Variety\": \"Pinot Noir/Chardonnay\",\n    \"Calories\": \"1,435 kJ\",\n    \"Fat\": \" / \",\n    \"thereof \": \"0 g\",\n    \"Saturated Fatty Acids\": \"0 g\",\n    \"Carbonate\": \"0 g\",\n    \"Sugar\": \"0 g\",\n    \"Protein\": \"0 g\",\n    \"Salt\": \"0 g\",\n    \"made in\": \"France\",\n    \"Sweetness of Sparkling Wine\": \"Brut\",\n    \"Sweetness of Still Wine\": \"Dry\",\n    \"With Colorant\": \"No\",\n    \"Warning Hints\": \"Drink responsibly.\",\n    \"Item Number\": \"1163112\",\n    \"Net Weight\": \"0.75 kg\",\n    \"Package Height\": \"31.5 cm\",\n    \"Package Length\": \"10.5 cm\",\n    \"Package Width\": \"10.5 cm\"\n}"
    },
    {
        "product_name": "Bushmills 30y Single Malt Irish Whiskey 46% 0.7L gift pack",
        "brand_name": "Bushmills",
        "brand_url": "https://shop.frankfurt-airport.com/en-US/brand/bushmills",
        "retailer_name": "Frankfurt Duty Free",
        "retailer_url": "https://shop.frankfurt-airport.com/en-US/retailer/heinemann",
        "price": "\u20ac2,399.00",
        "price_per_quantity": "\u20ac3,427.14 / 1  l",
        "description": "At Bushmills, we are obsessed with oak, it\u2019s been our infatuation & our constant preoccupation since 1608.This sublime single malt has been matured on our North Antrim Coast for 14 years before being finished in exceptional first-fill Pedro Xim\u00e9nez sherry casks for 16 years. This extraordinary malt is some of the rarest small batch whiskeys we\u2019ve ever released, and they take their place as true legends of Irish single malt.At Bushmills, we are obsessed with oak, it\u2019s been our infatuation & our constant preoccupation since 1608.This sublime single malt has been matured on our North Antrim Coast for 14 years before being finished in exceptional first-fill Pedro Xim\u00e9nez sherry casks for 16 years. This extraordinary malt is some of the rarest small batch whiskeys we\u2019ve ever released, and they take their place as true legends of Irish single malt.",
        "additional_information": "{\n    \"Order Amount\": \"0.7 l\",\n    \"Calories\": \"1,063 kJ\",\n    \"made in\": \" / \",\n    \"With Colorant\": \"254 kcal\",\n    \"Storage Conditions\": \"Ireland\",\n    \"Warning Hints\": \"Yes\",\n    \"Item Number\": \"Store in a cool dry place.\",\n    \"Net Weight\": \"Drink responsibly.\",\n    \"Package Height\": \"1581803\",\n    \"Package Length\": \"0.7 kg\",\n    \"Package Width\": \"33 cm\"\n}"
    },
    {
        "product_name": "Bushmills Steamship Collection Sherry Cask Reserve Single Malt Irish Whiskey 40% 1L gift pack",
        "brand_name": "Bushmills",
        "brand_url": "https://shop.frankfurt-airport.com/en-US/brand/bushmills",
        "retailer_name": "Frankfurt Duty Free",
        "retailer_url": "https://shop.frankfurt-airport.com/en-US/retailer/heinemann",
        "price": "\u20ac89.99",
        "price_per_quantity": "\u20ac89.99 / 1  l",
        "description": "Bushmills' first release in the Steamship Collection is Sherry Cask Reserve: a limited release of fine malt whiskey exclusively matured in Oloroso Sherry butts. The Steamship Collection marks the 125th anniversary of the maiden voyage of the SS Bushmills, the distillery's own steamship that delivered its whiskey to new corners of the world.Bushmills' first release in the Steamship Collection is Sherry Cask Reserve: a limited release of fine malt whiskey exclusively matured in Oloroso Sherry butts. The Steamship Collection marks the 125th anniversary of the maiden voyage of the SS Bushmills, the distillery's own steamship that delivered its whiskey to new corners of the world.",
        "additional_information": "{\n    \"Order Amount\": \"1 l\",\n    \"Calories\": \"919 kJ\",\n    \"Fat\": \" / \",\n    \"thereof \": \"0 g\",\n    \"Saturated Fatty Acids\": \"0 g\",\n    \"Carbonate\": \"0 g\",\n    \"Sugar\": \"0 g\",\n    \"Protein\": \"0 g\",\n    \"Salt\": \"0 g\",\n    \"made in\": \"United Kingdom\",\n    \"With Colorant\": \"Yes\",\n    \"GMO Free\": \"Yes\",\n    \"Warning Hints\": \"Drink responsibly.\",\n    \"Item Number\": \"1192387\",\n    \"Net Weight\": \"1 kg\",\n    \"Package Height\": \"32 cm\",\n    \"Package Length\": \"9.5 cm\",\n    \"Package Width\": \"9.5 cm\"\n}"
    },
    {
        "product_name": "Bollinger, Special Cuve, Champagne, AOC brut, white 1.5L",
        "brand_name": "Bollinger",
        "brand_url": "https://shop.frankfurt-airport.com/en-US/brand/bollinger",
        "retailer_name": "Frankfurt Duty Free",
        "retailer_url": "https://shop.frankfurt-airport.com/en-US/retailer/heinemann",
        "price": "\u20ac129.99",
        "price_per_quantity": "\u20ac86.66 / 1  l",
        "description": "An icon among non-vintage champagnes. Special Cuv\u00e9e is the result of the delicate blending between harvest grapes and a majority of reserve wines, including some aged in magnums for more than 15 years in Bollinger\u2019s cellars. Special Cuv\u00e9e is perfect shared among friends, for a simple and meaningful moment. It is the champagne we give to the people we love and who love nice things. To enhance its unique style, bouquet and aromas, Special Cuv\u00e9e is best served between 8 and 10\u00b0C.",
        "additional_information": "{\n    \"Order Amount\": \"1.5 l\",\n    \"Calories\": \"293 kJ\",\n    \"Fat\": \" / \",\n    \"thereof \": \"0.1 g\",\n    \"Saturated Fatty Acids\": \"0 g\",\n    \"Carbonate\": \"0 g\",\n    \"Sugar\": \"0 g\",\n    \"Protein\": \"0 g\",\n    \"Salt\": \"0 g\",\n    \"made in\": \"France\",\n    \"Sweetness of Sparkling Wine\": \"Brut\",\n    \"Sweetness of Still Wine\": \"Dry\",\n    \"With Colorant\": \"No\",\n    \"GMO Free\": \"Yes\",\n    \"Item Number\": \"1194541\",\n    \"Net Weight\": \"1.5 kg\",\n    \"Package Height\": \"37 cm\",\n    \"Package Length\": \"12.5 cm\",\n    \"Package Width\": \"12.5 cm\"\n}"
    },
    {
        "product_name": "Bollinger, RD, Champagne, AOC, extra brut, white (gift box) 0.75L",
        "brand_name": "Bollinger",
        "brand_url": "https://shop.frankfurt-airport.com/en-US/brand/bollinger",
        "retailer_name": "Frankfurt Duty Free",
        "retailer_url": "https://shop.frankfurt-airport.com/en-US/retailer/heinemann",
        "price": "\u20ac399.99",
        "price_per_quantity": "\u20ac533.32 / 1  l",
        "description": "R.D. stands for R\u00e9cemment D\u00e9gorg\u00e9, recently disgorged: Madame Bollinger created this legendary vintage in 1967, giving the world the  opportunity to taste a champagne aged on lees for an exceptionally long time. Her great vision? Enabling knowledgeable wine connoisseurs to share a very special moment, when very recently disgorged wine is as fresh and aromatic as ever. It was a small revolution in the world of Champagne... The daring Bollinger R.D. could only become James Bond\u2019s favourite champagne.",
        "additional_information": "{\n    \"Order Amount\": \"0.75 l\",\n    \"made in\": \"France\",\n    \"Sweetness of Sparkling Wine\": \"Extra Brut\",\n    \"Sweetness of Still Wine\": \"Dry\",\n    \"With Colorant\": \"No\",\n    \"GMO Free\": \"Yes\",\n    \"Item Number\": \"1187531\",\n    \"Net Weight\": \"0.75 kg\",\n    \"Package Height\": \"34 cm\",\n    \"Package Length\": \"12.1 cm\",\n    \"Package Width\": \"11.1 cm\"\n}"
    },
    {
        "product_name": "Bushmills 25Y Single Malt Irish Whiskey 46% 0.7L Gift Pack",
        "brand_name": "Bushmills",
        "brand_url": "https://shop.frankfurt-airport.com/en-US/brand/bushmills",
        "retailer_name": "Frankfurt Duty Free",
        "retailer_url": "https://shop.frankfurt-airport.com/en-US/retailer/heinemann",
        "price": "\u20ac1,049.00",
        "price_per_quantity": "\u20ac1,498.57 / 1  l",
        "description": "At Bushmills, we are obsessed with oak, it\u2019s been our infatuation & our constant preoccupation since 1608. This exquisite single malt has been patiently matured at The Old Bushmills Distillery for almost six years before being finished in first-fill ruby port pipes for 21 years. This extraordinary malt is some of the rarest small batch whiskeys we\u2019ve ever released, and they take their place as true legends of Irish single malt.At Bushmills, we are obsessed with oak, it\u2019s been our infatuation & our constant preoccupation since 1608. This exquisite single malt has been patiently matured at The Old Bushmills Distillery for almost six years before being finished in first-fill ruby port pipes for 21 years. This extraordinary malt is some of the rarest small batch whiskeys we\u2019ve ever released, and they take their place as true legends of Irish single malt.",
        "additional_information": "{\n    \"Order Amount\": \"0.7 l\",\n    \"Calories\": \"1,063 kJ\",\n    \"made in\": \" / \",\n    \"With Colorant\": \"254 kcal\",\n    \"Storage Conditions\": \"Ireland\",\n    \"Warning Hints\": \"Yes\",\n    \"Item Number\": \"Store in a cool dry place.\",\n    \"Net Weight\": \"Drink responsibly.\",\n    \"Package Height\": \"1581802\",\n    \"Package Length\": \"0.7 kg\",\n    \"Package Width\": \"33 cm\"\n}"
    },
    {
        "product_name": "Bushmills Steamship Bourbon Cask Single Malt Irish Whiskey 40% 1L gift pack",
        "brand_name": "Bushmills",
        "brand_url": "https://shop.frankfurt-airport.com/en-US/brand/bushmills",
        "retailer_name": "Frankfurt Duty Free",
        "retailer_url": "https://shop.frankfurt-airport.com/en-US/retailer/heinemann",
        "price": "\u20ac59.99",
        "price_per_quantity": "\u20ac59.99 / 1  l",
        "description": "Bushmills Irish Whiskey is made at Ireland\u2019s oldest working distillery (1608). Triple distillation gives smoothness. The third release from the Steamship Collection celebrates the 125th anniversary of the maiden voyage. To complement our unique single malt Irish whiskey we select #3 char American oak casks. The resulting whiskey has a honeyed maltiness with new notes of toasted oak, spices and cr\u00e8me br\u00fbl\u00e9e.",
        "additional_information": "{\n    \"Order Amount\": \"1 l\",\n    \"Calories\": \"919 kJ\",\n    \"Fat\": \" / \",\n    \"thereof \": \"0 g\",\n    \"Saturated Fatty Acids\": \"0 g\",\n    \"Carbonate\": \"0 g\",\n    \"Sugar\": \"0 g\",\n    \"Protein\": \"0 g\",\n    \"Salt\": \"0 g\",\n    \"made in\": \"United Kingdom\",\n    \"With Colorant\": \"Yes\",\n    \"Storage Conditions\": \"Store in a cool dry place.\",\n    \"Item Number\": \"1304315\",\n    \"Net Weight\": \"1 kg\",\n    \"Package Height\": \"31.75 cm\",\n    \"Package Length\": \"9.05 cm\",\n    \"Package Width\": \"9.05 cm\"\n}"
    },
    {
        "product_name": "Bushmills Original Blended Irish Whiskey 40% 0.5L",
        "brand_name": "Bushmills",
        "brand_url": "https://shop.frankfurt-airport.com/en-US/brand/bushmills",
        "retailer_name": "Frankfurt Duty Free",
        "retailer_url": "https://shop.frankfurt-airport.com/en-US/retailer/heinemann",
        "price": "\u20ac14.99",
        "price_per_quantity": "\u20ac29.98 / 1  l",
        "description": "Bushmills\u00ae Original is the comerstone of the Bushmills family and is a gentle blend of our own triple distilled malt whiskey with a lighter Irish grain whiskey.Bushmills\u00ae Original is the comerstone of the Bushmills family and is a gentle blend of our own triple distilled malt whiskey with a lighter Irish grain whiskey.",
        "additional_information": "{\n    \"Order Amount\": \"0.5 l\",\n    \"Calories\": \"919 kJ\",\n    \"Fat\": \" / \",\n    \"thereof \": \"0 g\",\n    \"Saturated Fatty Acids\": \"0 g\",\n    \"Carbonate\": \"0 g\",\n    \"Sugar\": \"0 g\",\n    \"Protein\": \"0 g\",\n    \"Salt\": \"0 g\",\n    \"made in\": \"Ireland\",\n    \"With Colorant\": \"Yes\",\n    \"GMO Free\": \"Yes\",\n    \"Warning Hints\": \"Drink Responsibly www.DRINKiQ.com\",\n    \"Item Number\": \"1094042\",\n    \"Net Weight\": \"0.5 kg\",\n    \"Package Height\": \"24.5 cm\",\n    \"Package Length\": \"6.4 cm\",\n    \"Package Width\": \"6.4 cm\"\n}"
    },
    {
        "product_name": "Bushmills Original Irish Whiskey 40% 1L",
        "brand_name": "Bushmills",
        "brand_url": "https://shop.frankfurt-airport.com/en-US/brand/bushmills",
        "retailer_name": "Frankfurt Duty Free",
        "retailer_url": "https://shop.frankfurt-airport.com/en-US/retailer/heinemann",
        "price": "",
        "price_per_quantity": "\u20ac19.90 / 1  l",
        "description": "Bushmills\u00ae Original is the cornerstone of the Bushmills family and is a gentle blend of our own triple-distilled malt whiskey with a lighter Irish grain whiskey.Bushmills\u00ae Original is the cornerstone of the Bushmills family and is a gentle blend of our own triple-distilled malt whiskey with a lighter Irish grain whiskey.",
        "additional_information": "{\n    \"Order Amount\": \"1 l\",\n    \"Calories\": \"919 kJ\",\n    \"Fat\": \" / \",\n    \"thereof \": \"0 g\",\n    \"Saturated Fatty Acids\": \"0 g\",\n    \"Carbonate\": \"0 g\",\n    \"Sugar\": \"0 g\",\n    \"Protein\": \"0 g\",\n    \"Salt\": \"0 g\",\n    \"made in\": \"United Kingdom\",\n    \"With Colorant\": \"Yes\",\n    \"GMO Free\": \"Yes\",\n    \"Warning Hints\": \"Please drink responsibly\",\n    \"Item Number\": \"11920\",\n    \"Net Weight\": \"1 kg\",\n    \"Package Height\": \"29.5 cm\",\n    \"Package Length\": \"7.5 cm\",\n    \"Package Width\": \"7.5 cm\"\n}"
    },
    {
        "product_name": "Burberry Hero Eau de Parfum 50 ml",
        "brand_name": "Burberry",
        "brand_url": "https://shop.frankfurt-airport.com/en-US/brand/burberry",
        "retailer_name": "Frankfurt Duty Free",
        "retailer_url": "https://shop.frankfurt-airport.com/en-US/retailer/heinemann",
        "price": "\u20ac69.99",
        "price_per_quantity": "\u20ac139.98 / 100  ml",
        "description": "Burberry Hero Eau de Parfum explores an enticing new side of heroism: the courage to embrace who you truly are. The fragrance features a trio of warm cedarwood oils as its signature base, culminating in a fresh and luminous crescendo. The vibrant opening of pine needle blends with benzoin and incense, creating an intense fusion of profound sensuality.Burberry Hero Eau de Parfum explores an enticing new side of heroism: the courage to embrace who you truly are. The fragrance features a trio of warm cedarwood oils as its signature base, culminating in a fresh and luminous crescendo. The vibrant opening of pine needle blends with benzoin and incense, creating an intense fusion of profound sensuality.",
        "additional_information": "{\n    \"Order Amount\": \"50 ml\",\n    \"Target Gender\": \"Male\",\n    \"made in\": \"Spain\",\n    \"Type of Fragrance\": \"Eau De Parfum\",\n    \"Warning Hints\": \"Avoid eye contact. Keep away from direct heat and sunlight.\",\n    \"Item Number\": \"1526239\",\n    \"Product Series\": \"Hero\",\n    \"Net Weight\": \"0.05 kg\",\n    \"Package Height\": \"10.7 cm\",\n    \"Package Length\": \"6.8 cm\",\n    \"Package Width\": \"4.1 cm\"\n}"
    },
    {
        "product_name": "Burberry Hero Eau de Parfum 100 ml",
        "brand_name": "Burberry",
        "brand_url": "https://shop.frankfurt-airport.com/en-US/brand/burberry",
        "retailer_name": "Frankfurt Duty Free",
        "retailer_url": "https://shop.frankfurt-airport.com/en-US/retailer/heinemann",
        "price": "\u20ac99.99",
        "price_per_quantity": "\u20ac99.99 / 100  ml",
        "description": "Burberry Hero Eau de Parfum explores an enticing new side of heroism: the courage to embrace who you truly are. The fragrance features a trio of warm cedarwood oils as its signature base, culminating in a fresh and luminous crescendo. The vibrant opening of pine needle blends with benzoin and incense, creating an intense fusion of profound sensuality.Burberry Hero Eau de Parfum explores an enticing new side of heroism: the courage to embrace who you truly are. The fragrance features a trio of warm cedarwood oils as its signature base, culminating in a fresh and luminous crescendo. The vibrant opening of pine needle blends with benzoin and incense, creating an intense fusion of profound sensuality.",
        "additional_information": "{\n    \"Order Amount\": \"100 ml\",\n    \"Target Gender\": \"Male\",\n    \"made in\": \"Spain\",\n    \"Type of Fragrance\": \"Eau De Parfum\",\n    \"Warning Hints\": \"Avoid eye contact. Keep away from direct heat and sunlight.\",\n    \"Item Number\": \"1526238\",\n    \"Product Series\": \"Hero\",\n    \"Net Weight\": \"0.1 kg\",\n    \"Package Height\": \"12.3 cm\",\n    \"Package Length\": \"8.3 cm\",\n    \"Package Width\": \"4.8 cm\"\n}"
    },
    {
        "product_name": "Burberry Goddess Eau de Parfum 100 ml",
        "brand_name": "Burberry",
        "brand_url": "https://shop.frankfurt-airport.com/en-US/brand/burberry",
        "retailer_name": "Frankfurt Duty Free",
        "retailer_url": "https://shop.frankfurt-airport.com/en-US/retailer/heinemann",
        "price": "\u20ac119.99",
        "price_per_quantity": "\u20ac119.99 / 100  ml",
        "description": "The power within. Burberry Goddess Eau de Parfum is a story of self-discovery, found through confidence, strength and kindness. An elegant design, Burberry Goddess Eau de Parfum is the first refillable perfume by Burberry. This scent is a unique gourmand aromatic fragrance led by a powerful trio of vanillas, enriched with luminous lavender. Refill sold separately.The power within. Burberry Goddess Eau de Parfum is a story of self-discovery, found through confidence, strength and kindness. An elegant design, Burberry Goddess Eau de Parfum is the first refillable perfume by Burberry. This scent is a unique gourmand aromatic fragrance led by a powerful trio of vanillas, enriched with luminous lavender. Refill sold separately.",
        "additional_information": "{\n    \"Order Amount\": \"100 ml\",\n    \"Target Gender\": \"Female\",\n    \"made in\": \"Spain\",\n    \"Type of Fragrance\": \"Eau De Parfum\",\n    \"Warning Hints\": \"Avoid eye contact. Keep away from direct heat and sunlight.\",\n    \"Item Number\": \"1564274\",\n    \"Product Series\": \"Goddess\",\n    \"Net Weight\": \"0.1 kg\",\n    \"Package Height\": \"12.1 cm\",\n    \"Package Length\": \"4.5 cm\",\n    \"Package Width\": \"8 cm\"\n}"
    },
    {
        "product_name": "Burberry Goddess Eau de Parfum 50 ml",
        "brand_name": "Burberry",
        "brand_url": "https://shop.frankfurt-airport.com/en-US/brand/burberry",
        "retailer_name": "Frankfurt Duty Free",
        "retailer_url": "https://shop.frankfurt-airport.com/en-US/retailer/heinemann",
        "price": "\u20ac84.99",
        "price_per_quantity": "\u20ac169.98 / 100  ml",
        "description": "The power within. Burberry Goddess Eau de Parfum is a story of self-discovery, found through confidence, strength and kindness. An elegant design, Burberry Goddess Eau de Parfum is the first refillable perfume by Burberry. This scent is a unique gourmand aromatic fragrance led by a powerful trio of vanillas, enriched with luminous lavender. Refill sold separately.The power within. Burberry Goddess Eau de Parfum is a story of self-discovery, found through confidence, strength and kindness. An elegant design, Burberry Goddess Eau de Parfum is the first refillable perfume by Burberry. This scent is a unique gourmand aromatic fragrance led by a powerful trio of vanillas, enriched with luminous lavender. Refill sold separately.",
        "additional_information": "{\n    \"Order Amount\": \"50 ml\",\n    \"Target Gender\": \"Female\",\n    \"made in\": \"Spain\",\n    \"Type of Fragrance\": \"Eau De Parfum\",\n    \"Warning Hints\": \"Avoid eye contact. Keep away from direct heat and sunlight.\",\n    \"Item Number\": \"1564275\",\n    \"Product Series\": \"Goddess\",\n    \"Net Weight\": \"0.05 kg\",\n    \"Package Height\": \"10.5 cm\",\n    \"Package Length\": \"6.4 cm\",\n    \"Package Width\": \"4 cm\"\n}"
    },
    {
        "product_name": "Burberry Hero Deodorant Stift 75 ml",
        "brand_name": "Burberry",
        "brand_url": "https://shop.frankfurt-airport.com/en-US/brand/burberry",
        "retailer_name": "Frankfurt Duty Free",
        "retailer_url": "https://shop.frankfurt-airport.com/en-US/retailer/heinemann",
        "price": "\u20ac37.99",
        "price_per_quantity": "\u20ac50.65 / 100  ml",
        "description": "A new man, A new hero. Discover Hero the new Burberry masculine spirit, exploring freedom as a modern heroism. The vibrant freshness of bergamot is invigorated with juniper and black pepper, deepened with a heart of cedarwood.A new man, A new hero. Discover Hero the new Burberry masculine spirit, exploring freedom as a modern heroism. The vibrant freshness of bergamot is invigorated with juniper and black pepper, deepened with a heart of cedarwood.",
        "additional_information": "{\n    \"Order Amount\": \"75 ml\",\n    \"Target Gender\": \"Male\",\n    \"made in\": \"France\",\n    \"Warning Hints\": \"Avoid eye contact. Keep away from direct heat and sunlight.\",\n    \"Item Number\": \"1517741\",\n    \"Product Series\": \"Hero\",\n    \"Net Weight\": \"0.075 kg\",\n    \"Package Height\": \"10.7 cm\",\n    \"Package Length\": \"5.2 cm\",\n    \"Package Width\": \"5.1 cm\"\n}"
    },
    {
        "product_name": "Burberry Hero Parfum Intense 50 ml",
        "brand_name": "Burberry",
        "brand_url": "https://shop.frankfurt-airport.com/en-US/brand/burberry",
        "retailer_name": "Frankfurt Duty Free",
        "retailer_url": "https://shop.frankfurt-airport.com/en-US/retailer/heinemann",
        "price": "\u20ac109.99",
        "price_per_quantity": "\u20ac219.98 / 100  ml",
        "description": "Burberry Hero Parfum Intense is the latest fragrance in the Hero family. The power and sensuality of Hero is further intensified with a new, stronger scent, enriched by the addition of a deep leather note. Intense and deep, the scent is led by a signature trio of cedarwood oils. On top, notes of black pepper enliven the aroma, while a new deep leather note at the base amplifies the strength  of the scent. Housed in a deep-brown bottle, its angular shape is an abstract reinterpretation of a horse\u2019s hoof detailed with the Burberry logo. Powerful and courageous, Burberry Hero Parfum Intense.Burberry Hero Parfum Intense is the latest fragrance in the Hero family. The power and sensuality of Hero is further intensified with a new, stronger scent, enriched by the addition of a deep leather note. Intense and deep, the scent is led by a signature trio of cedarwood oils. On top, notes of black pepper enliven the aroma, while a new deep leather note at the base amplifies the strength  of the scent. Housed in a deep-brown bottle, its angular shape is an abstract reinterpretation of a horse\u2019s hoof detailed with the Burberry logo. Powerful and courageous, Burberry Hero Parfum Intense.",
        "additional_information": "{\n    \"Order Amount\": \"50 ml\",\n    \"Target Gender\": \"Male\",\n    \"made in\": \"Spain\",\n    \"Type of Fragrance\": \"Parfum\",\n    \"Warning Hints\": \"Avoid eye contact. Keep away from direct heat and sunlight.\",\n    \"Item Number\": \"1679818\",\n    \"Product Series\": \"Hero\",\n    \"Net Weight\": \"0.05 kg\",\n    \"Package Height\": \"10.7 cm\",\n    \"Package Length\": \"6.8 cm\",\n    \"Package Width\": \"4.1 cm\"\n}"
    },
    {
        "product_name": "Burberry Hero Parfum 50 ml",
        "brand_name": "Burberry",
        "brand_url": "https://shop.frankfurt-airport.com/en-US/brand/burberry",
        "retailer_name": "Frankfurt Duty Free",
        "retailer_url": "https://shop.frankfurt-airport.com/en-US/retailer/heinemann",
        "price": "\u20ac87.99",
        "price_per_quantity": "\u20ac175.98 / 100  ml",
        "description": "Burberry Hero Parfum portrays a modern man. Sincere yet courageous, he constantly surpasses himself in every challenge. No longer held back by preconceptions, he connects with his inner self to embrace the extraordinary within. Hero Parfum is the latest Burberry  fragrance for men. Intense and powerful, the scent is led by a base of warm cedarwood oils. On top, notes of Amyris and Cypriol oil  enliven the aroma for a deep woody finish. Housed in an angular glass bottle detailed with the Burberry logo. Intense and powerful, Burberry HeroBurberry Hero Parfum portrays a modern man. Sincere yet courageous, he constantly surpasses himself in every challenge. No longer held back by preconceptions, he connects with his inner self to embrace the extraordinary within. Hero Parfum is the latest Burberry  fragrance for men. Intense and powerful, the scent is led by a base of warm cedarwood oils. On top, notes of Amyris and Cypriol oil  enliven the aroma for a deep woody finish. Housed in an angular glass bottle detailed with the Burberry logo. Intense and powerful, Burberry Hero",
        "additional_information": "{\n    \"Order Amount\": \"50 ml\",\n    \"Target Gender\": \"Male\",\n    \"made in\": \"Spain\",\n    \"Type of Fragrance\": \"Parfum\",\n    \"Warning Hints\": \"Avoid eye contact. Keep away from direct heat and sunlight.\",\n    \"Item Number\": \"1594896\",\n    \"Product Series\": \"Hero\",\n    \"Net Weight\": \"0.05 kg\",\n    \"Package Height\": \"10.7 cm\",\n    \"Package Length\": \"6.8 cm\",\n    \"Package Width\": \"4.1 cm\"\n}"
    },
    {
        "product_name": "Burberry Hero Parfum 100 ml",
        "brand_name": "Burberry",
        "brand_url": "https://shop.frankfurt-airport.com/en-US/brand/burberry",
        "retailer_name": "Frankfurt Duty Free",
        "retailer_url": "https://shop.frankfurt-airport.com/en-US/retailer/heinemann",
        "price": "\u20ac119.99",
        "price_per_quantity": "\u20ac119.99 / 100  ml",
        "description": "Burberry Hero Parfum portrays a modern man. Sincere yet courageous, he constantly surpasses himself in every challenge. No longer held back by preconceptions, he connects with his inner self to embrace the extraordinary within. Hero Parfum is the latest Burberry  fragrance for men. Intense and powerful, the scent is led by a base of warm cedarwood oils. On top, notes of Amyris and Cypriol oil  enliven the aroma for a deep woody finish. Housed in an angular glass bottle detailed with the Burberry logo. Intense and powerful, Burberry HeroBurberry Hero Parfum portrays a modern man. Sincere yet courageous, he constantly surpasses himself in every challenge. No longer held back by preconceptions, he connects with his inner self to embrace the extraordinary within. Hero Parfum is the latest Burberry  fragrance for men. Intense and powerful, the scent is led by a base of warm cedarwood oils. On top, notes of Amyris and Cypriol oil  enliven the aroma for a deep woody finish. Housed in an angular glass bottle detailed with the Burberry logo. Intense and powerful, Burberry Hero",
        "additional_information": "{\n    \"Order Amount\": \"100 ml\",\n    \"Target Gender\": \"Male\",\n    \"made in\": \"Spain\",\n    \"Type of Fragrance\": \"Parfum\",\n    \"Warning Hints\": \"Avoid eye contact. Keep away from direct heat and sunlight.\",\n    \"Item Number\": \"1594895\",\n    \"Product Series\": \"Hero\",\n    \"Net Weight\": \"0.1 kg\",\n    \"Package Height\": \"12.5 cm\",\n    \"Package Length\": \"8.3 cm\",\n    \"Package Width\": \"5 cm\"\n}"
    },
    {
        "product_name": "Burberry Brit for Her Eau de Toilette 100ml",
        "brand_name": "Burberry",
        "brand_url": "https://shop.frankfurt-airport.com/en-US/brand/burberry",
        "retailer_name": "Frankfurt Duty Free",
        "retailer_url": "https://shop.frankfurt-airport.com/en-US/retailer/heinemann",
        "price": "\u20ac49.90",
        "price_per_quantity": "\u20ac49.90 / 100  ml",
        "description": "Burberry Brit for Her Eau de Parfum, a candied floral fragrance, sensual and addictive. Crisp, icy pear, sugared almond and intense vanilla.Burberry Brit for Her Eau de Parfum, a candied floral fragrance, sensual and addictive. Crisp, icy pear, sugared almond and intense vanilla.",
        "additional_information": "{\n    \"Order Amount\": \"100 ml\",\n    \"Target Gender\": \"Female\",\n    \"made in\": \"Germany\",\n    \"Type of Fragrance\": \"Eau De Toilette\",\n    \"Item Number\": \"1051600\",\n    \"Product Series\": \"Brit\",\n    \"Net Weight\": \"0.1 kg\",\n    \"Package Height\": \"14 cm\",\n    \"Package Length\": \"7.3 cm\",\n    \"Package Width\": \"3.6 cm\"\n}"
    },
    {
        "product_name": "Burberry, Women's sunglasses",
        "brand_name": "Burberry",
        "brand_url": "https://shop.frankfurt-airport.com/en-US/brand/burberry",
        "retailer_name": "Frankfurt Duty Free",
        "retailer_url": "https://shop.frankfurt-airport.com/en-US/retailer/heinemann",
        "price": "\u20ac275.90",
        "price_per_quantity": "",
        "description": "",
        "additional_information": "{\n    \"made in\": \"Italy\",\n    \"Item Number\": \"1669490\",\n    \"Net Weight\": \"0.252 kg\",\n    \"Package Height\": \"6.5 cm\",\n    \"Package Length\": \"19.5 cm\",\n    \"Package Width\": \"9.5 cm\"\n}"
    },
    {
        "product_name": "Burberry, women's sunglasses",
        "brand_name": "Burberry",
        "brand_url": "https://shop.frankfurt-airport.com/en-US/brand/burberry",
        "retailer_name": "Frankfurt Duty Free",
        "retailer_url": "https://shop.frankfurt-airport.com/en-US/retailer/heinemann",
        "price": "\u20ac275.90",
        "price_per_quantity": "",
        "description": "THE WORLD OF CHECKTHE WORLD OF CHECK",
        "additional_information": "{\n    \"made in\": \"Italy\",\n    \"Item Number\": \"1669482\",\n    \"Net Weight\": \"0.305 kg\",\n    \"Package Height\": \"8 cm\",\n    \"Package Length\": \"18.5 cm\",\n    \"Package Width\": \"10.5 cm\"\n}"
    },
    {
        "product_name": "Burberry, men's sunglasses",
        "brand_name": "Burberry",
        "brand_url": "https://shop.frankfurt-airport.com/en-US/brand/burberry",
        "retailer_name": "Frankfurt Duty Free",
        "retailer_url": "https://shop.frankfurt-airport.com/en-US/retailer/heinemann",
        "price": "\u20ac335.90",
        "price_per_quantity": "",
        "description": "Elevating the round shape to new heights, Burberry BE4439 sunglasses are crafted in polished blue color. The solid dark blue lenses provide a unique touch and add a touch of mystery to the overall design. Featuring an iconic round frame crafted from premium quality materials, these shades embrace both tradition and modernity for an unmistakable look that exudes sophistication and timeless appeal.Elevating the round shape to new heights, Burberry BE4439 sunglasses are crafted in polished blue color. The solid dark blue lenses provide a unique touch and add a touch of mystery to the overall design. Featuring an iconic round frame crafted from premium quality materials, these shades embrace both tradition and modernity for an unmistakable look that exudes sophistication and timeless appeal.",
        "additional_information": "{\n    \"made in\": \"Italy\",\n    \"Item Number\": \"1669239\",\n    \"Net Weight\": \"0.3 kg\",\n    \"Package Height\": \"7.5 cm\",\n    \"Package Length\": \"21 cm\",\n    \"Package Width\": \"11 cm\"\n}"
    },
    {
        "product_name": "Burberry, Women's sunglasses",
        "brand_name": "Burberry",
        "brand_url": "https://shop.frankfurt-airport.com/en-US/brand/burberry",
        "retailer_name": "Frankfurt Duty Free",
        "retailer_url": "https://shop.frankfurt-airport.com/en-US/retailer/heinemann",
        "price": "\u20ac275.90",
        "price_per_quantity": "",
        "description": "",
        "additional_information": "{\n    \"made in\": \"Italy\",\n    \"Item Number\": \"1669163\",\n    \"Net Weight\": \"0.251 kg\",\n    \"Package Height\": \"6.5 cm\",\n    \"Package Length\": \"19.5 cm\",\n    \"Package Width\": \"9.5 cm\"\n}"
    },
    {
        "product_name": "Burberry Hero Set",
        "brand_name": "Burberry",
        "brand_url": "https://shop.frankfurt-airport.com/en-US/brand/burberry",
        "retailer_name": "Frankfurt Duty Free",
        "retailer_url": "https://shop.frankfurt-airport.com/en-US/retailer/heinemann",
        "price": "\u20ac99.99",
        "price_per_quantity": "",
        "description": "Celebrate love with a Burberry Hero gift set\u2014a powerful woody scent infused with fresh bergamot essence and intensified by a symphony of cedarwood at its heart. Mark the occasion with your loved one with a Hero gift set with unique packaging to celebrate love. This Burberry Hero gift set contains: - Burberry Hero Eau de Toilette, 100ml (3.3oz) - Burberry Hero Deodorant, 75ml (2.5oz)Celebrate love with a Burberry Hero gift set\u2014a powerful woody scent infused with fresh bergamot essence and intensified by a symphony of cedarwood at its heart. Mark the occasion with your loved one with a Hero gift set with unique packaging to celebrate love. This Burberry Hero gift set contains: - Burberry Hero Eau de Toilette, 100ml (3.3oz) - Burberry Hero Deodorant, 75ml (2.5oz)",
        "additional_information": "{\n    \"Target Gender\": \"Male\",\n    \"made in\": \"Spain\",\n    \"Warning Hints\": \"Avoid eye contact. Keep away from direct heat and sunlight.\",\n    \"Item Number\": \"1672504\",\n    \"Product Series\": \"Hero\",\n    \"Net Weight\": \"0.175 kg\",\n    \"Package Height\": \"12.3 cm\",\n    \"Package Length\": \"5.5 cm\",\n    \"Package Width\": \"12.5 cm\"\n}"
    },
    {
        "product_name": "Burberry, Women's sunglasses",
        "brand_name": "Burberry",
        "brand_url": "https://shop.frankfurt-airport.com/en-US/brand/burberry",
        "retailer_name": "Frankfurt Duty Free",
        "retailer_url": "https://shop.frankfurt-airport.com/en-US/retailer/heinemann",
        "price": "\u20ac199.90",
        "price_per_quantity": "",
        "description": "",
        "additional_information": "{\n    \"made in\": \"Italy\",\n    \"Item Number\": \"1669483\",\n    \"Net Weight\": \"0.292 kg\",\n    \"Package Height\": \"7.5 cm\",\n    \"Package Length\": \"21 cm\",\n    \"Package Width\": \"11 cm\"\n}"
    },
    {
        "product_name": "Burberry Hero Eau de Toilette 100 ml",
        "brand_name": "Burberry",
        "brand_url": "https://shop.frankfurt-airport.com/en-US/brand/burberry",
        "retailer_name": "Frankfurt Duty Free",
        "retailer_url": "https://shop.frankfurt-airport.com/en-US/retailer/heinemann",
        "price": "\u20ac84.99",
        "price_per_quantity": "\u20ac84.99 / 100  ml",
        "description": "Burberry introduces Hero, Riccardo Tisci\u2019s first scent for Burberry. A new masculine spirit exploring the house codes of duality, contradiction and the power of the animal kingdom. A man in search of transformation and metamorphosis as a new modern heroism. Burberry\u2019s vision of modern heroism is challenging the traditional stereotypes of masculinity and empowering man to transform. Featuring a positive and heroic lead, man and horse mirror each other in their movements, pushing their physical limits to transform  into a mythical creature, as a metaphor for personal transformation. A new man. A Hero. Enigmatic and adventurous, Burberry Hero embraces duality: strength and subtlety, power and compassion, athleticism and creativity. Burberry Hero Fragrance is an enthralling  marriage of strength and freshness, signifying the modern man\u2019s duality of power and sensibility. Fresh, luminous and bold, the scent is brightened with sparkling bergamot and invigorated with juniper and black pepper. Juniper, a classic British ingredient of the perfumer\u2019s palette, brings a vibrant freshness to the scent, and is deepened by a trio of warm cedarwood oils from three distinct mountain ranges; Virginia\u2019s Apalacian, the Atlas Mountains in Africa, and the Himalayas in Asia. Burberry Hero bottle is a modern reimagination of Burberry Fragrance by Riccardo Tisci \u2013 featuring the TB embossed monogram for the first time. Strong and modern, like the fragrance it carries. Its angular shape is an abstract reinterpretation of a horse\u2019s hoof, engraved with the curved Burberry logo.Burberry introduces Hero, Riccardo Tisci\u2019s first scent for Burberry. A new masculine spirit exploring the house codes of duality, contradiction and the power of the animal kingdom. A man in search of transformation and metamorphosis as a new modern heroism. Burberry\u2019s vision of modern heroism is challenging the traditional stereotypes of masculinity and empowering man to transform. Featuring a positive and heroic lead, man and horse mirror each other in their movements, pushing their physical limits to transform  into a mythical creature, as a metaphor for personal transformation. A new man. A Hero. Enigmatic and adventurous, Burberry Hero embraces duality: strength and subtlety, power and compassion, athleticism and creativity. Burberry Hero Fragrance is an enthralling  marriage of strength and freshness, signifying the modern man\u2019s duality of power and sensibility. Fresh, luminous and bold, the scent is brightened with sparkling bergamot and invigorated with juniper and black pepper. Juniper, a classic British ingredient of the perfumer\u2019s palette, brings a vibrant freshness to the scent, and is deepened by a trio of warm cedarwood oils from three distinct mountain ranges; Virginia\u2019s Apalacian, the Atlas Mountains in Africa, and the Himalayas in Asia. Burberry Hero bottle is a modern reimagination of Burberry Fragrance by Riccardo Tisci \u2013 featuring the TB embossed monogram for the first time. Strong and modern, like the fragrance it carries. Its angular shape is an abstract reinterpretation of a horse\u2019s hoof, engraved with the curved Burberry logo.",
        "additional_information": "{\n    \"Order Amount\": \"100 ml\",\n    \"Target Gender\": \"Male\",\n    \"made in\": \"Spain\",\n    \"Type of Fragrance\": \"Eau De Toilette\",\n    \"Warning Hints\": \"Avoid eye contact. Keep away from direct heat and sunlight.\",\n    \"Item Number\": \"1482018\",\n    \"Product Series\": \"Hero\",\n    \"Net Weight\": \"0.1 kg\",\n    \"Package Height\": \"12.3 cm\",\n    \"Package Length\": \"8.3 cm\",\n    \"Package Width\": \"4.8 cm\"\n}"
    },
    {
        "product_name": "Burberry Goddess Eau de Parfum Intense 50 ml",
        "brand_name": "Burberry",
        "brand_url": "https://shop.frankfurt-airport.com/en-US/brand/burberry",
        "retailer_name": "Frankfurt Duty Free",
        "retailer_url": "https://shop.frankfurt-airport.com/en-US/retailer/heinemann",
        "price": "\u20ac84.99",
        "price_per_quantity": "\u20ac169.98 / 100  ml",
        "description": "The power within. Burberry Goddess is a story of self-discovery found through confidence, strength and kindness. Inspired by the colours at sunset, Burberry Goddess Eau de Parfum Intense is housed in a square bottle filled with a light ambery fragrance. The signature trio of vanillas from Goddess Eau de Parfum is amplified with a fourth vanilla wood (vanilla SFE) that has a smoky character. When combined with luminous lavender essence, it intensifies the scent with a vibrant woody aroma. Refill sold separately .The power within. Burberry Goddess is a story of self-discovery found through confidence, strength and kindness. Inspired by the colours at sunset, Burberry Goddess Eau de Parfum Intense is housed in a square bottle filled with a light ambery fragrance. The signature trio of vanillas from Goddess Eau de Parfum is amplified with a fourth vanilla wood (vanilla SFE) that has a smoky character. When combined with luminous lavender essence, it intensifies the scent with a vibrant woody aroma. Refill sold separately .",
        "additional_information": "{\n    \"Order Amount\": \"50 ml\",\n    \"Target Gender\": \"Female\",\n    \"made in\": \"Spain\",\n    \"Type of Fragrance\": \"Eau De Parfum\",\n    \"Warning Hints\": \"Avoid eye contact. Keep away from direct heat and sunlight.\",\n    \"Item Number\": \"1621389\",\n    \"Product Series\": \"Goddess\",\n    \"Net Weight\": \"0.05 kg\",\n    \"Package Height\": \"10.4 cm\",\n    \"Package Length\": \"4.1 cm\",\n    \"Package Width\": \"6.5 cm\"\n}"
    },
    {
        "product_name": "Burberry, Women's sunglasses",
        "brand_name": "Burberry",
        "brand_url": "https://shop.frankfurt-airport.com/en-US/brand/burberry",
        "retailer_name": "Frankfurt Duty Free",
        "retailer_url": "https://shop.frankfurt-airport.com/en-US/retailer/heinemann",
        "price": "\u20ac275.90",
        "price_per_quantity": "",
        "description": "",
        "additional_information": "{\n    \"made in\": \"Italy\",\n    \"Item Number\": \"1669491\",\n    \"Net Weight\": \"0.254 kg\",\n    \"Package Height\": \"7 cm\",\n    \"Package Length\": \"19.5 cm\",\n    \"Package Width\": \"10 cm\"\n}"
    },
    {
        "product_name": "Burberry Hero Set",
        "brand_name": "Burberry",
        "brand_url": "https://shop.frankfurt-airport.com/en-US/brand/burberry",
        "retailer_name": "Frankfurt Duty Free",
        "retailer_url": "https://shop.frankfurt-airport.com/en-US/retailer/heinemann",
        "price": "\u20ac119.99",
        "price_per_quantity": "",
        "description": "Treat a loved one to a double-scented treat: a Burberry fragrance gift set containing two bottles of Burberry Her Eau de Parfum for women. The set includes a large 100ml (3.3oz) and small 10ml (0.33oz) Burberry Her Eau de Parfum, the house\u2019s very first oriental gourmand perfume for women, a captivating scent infused with uniquely British aromas. A lovely present for special occasions, watch as she explores the medley of red and dark berry notes, elevated by the luminous woody undertones of white jasmine and violet, and leaving behind a trail of delightful fruity gourmand aromas in its wake. This Burberry Her gift set is encased in a unique limited-edition box embellished with a floral motif, marking the joyful arrival of spring. This gift set contains: - Burberry Her Eau de Parfum, 100ml (3.3oz) - Burberry Her Eau de Parfum, 10ml (0.33oz)Treat a loved one to a double-scented treat: a Burberry fragrance gift set containing two bottles of Burberry Her Eau de Parfum for women. The set includes a large 100ml (3.3oz) and small 10ml (0.33oz) Burberry Her Eau de Parfum, the house\u2019s very first oriental gourmand perfume for women, a captivating scent infused with uniquely British aromas. A lovely present for special occasions, watch as she explores the medley of red and dark berry notes, elevated by the luminous woody undertones of white jasmine and violet, and leaving behind a trail of delightful fruity gourmand aromas in its wake. This Burberry Her gift set is encased in a unique limited-edition box embellished with a floral motif, marking the joyful arrival of spring. This gift set contains: - Burberry Her Eau de Parfum, 100ml (3.3oz) - Burberry Her Eau de Parfum, 10ml (0.33oz)",
        "additional_information": "{\n    \"Target Gender\": \"Male\",\n    \"made in\": \"Spain\",\n    \"Warning Hints\": \"Avoid eye contact. Keep away from direct heat and sunlight.\",\n    \"Item Number\": \"1619984\",\n    \"Product Series\": \"Hero\",\n    \"Net Weight\": \"0.11 kg\",\n    \"Package Height\": \"18 cm\",\n    \"Package Length\": \"5.5 cm\",\n    \"Package Width\": \"19.5 cm\"\n}"
    },
    {
        "product_name": "Burberry, Men's sunglasses",
        "brand_name": "Burberry",
        "brand_url": "https://shop.frankfurt-airport.com/en-US/brand/burberry",
        "retailer_name": "Frankfurt Duty Free",
        "retailer_url": "https://shop.frankfurt-airport.com/en-US/retailer/heinemann",
        "price": "\u20ac255.90",
        "price_per_quantity": "",
        "description": "",
        "additional_information": "{\n    \"made in\": \"Italy\",\n    \"Item Number\": \"1629558\",\n    \"Net Weight\": \"0.309 kg\",\n    \"Package Height\": \"8 cm\",\n    \"Package Length\": \"18.5 cm\",\n    \"Package Width\": \"10.5 cm\"\n}"
    },
    {
        "product_name": "Burberry Her Her Elixir Eau de Parfum 100 ml",
        "brand_name": "Burberry",
        "brand_url": "https://shop.frankfurt-airport.com/en-US/brand/burberry",
        "retailer_name": "Frankfurt Duty Free",
        "retailer_url": "https://shop.frankfurt-airport.com/en-US/retailer/heinemann",
        "price": "\u20ac144.99",
        "price_per_quantity": "\u20ac144.99 / 100  ml",
        "description": "Burberry Her Elixir de Parfum: a bold and sensual fragrance for women.A newly intense addition to the Burberry Her family, Her Elixir de Parfum offers signature fruity gourmand notes alongside a daring burst of dark red berries with jasmine, rounded with sensual and addictive vanilla and amber.Burberry Her Elixir de Parfum: a bold and sensual fragrance for women.A newly intense addition to the Burberry Her family, Her Elixir de Parfum offers signature fruity gourmand notes alongside a daring burst of dark red berries with jasmine, rounded with sensual and addictive vanilla and amber.",
        "additional_information": "{\n    \"Order Amount\": \"100 ml\",\n    \"Target Gender\": \"Female\",\n    \"made in\": \"Spain\",\n    \"Type of Fragrance\": \"Eau De Parfum\",\n    \"Warning Hints\": \"Avoid eye contact. Keep away from direct heat and sunlight.\",\n    \"Item Number\": \"1537237\",\n    \"Product Series\": \"Her\",\n    \"Net Weight\": \"0.1 kg\",\n    \"Package Height\": \"12.9 cm\",\n    \"Package Length\": \"7.9 cm\",\n    \"Package Width\": \"3.9 cm\"\n}"
    },
    {
        "product_name": "Burberry Her Her Elixir Eau de Parfum 50 ml",
        "brand_name": "Burberry",
        "brand_url": "https://shop.frankfurt-airport.com/en-US/brand/burberry",
        "retailer_name": "Frankfurt Duty Free",
        "retailer_url": "https://shop.frankfurt-airport.com/en-US/retailer/heinemann",
        "price": "\u20ac99.99",
        "price_per_quantity": "\u20ac199.98 / 100  ml",
        "description": "Burberry Her Elixir de Parfum: a bold and sensual fragrance for women.A newly intense addition to the Burberry Her family, Her Elixir de Parfum offers signature fruity gourmand notes alongside a daring burst of dark red berries with jasmine, rounded with sensual and addictive vanilla and amber.Burberry Her Elixir de Parfum: a bold and sensual fragrance for women.A newly intense addition to the Burberry Her family, Her Elixir de Parfum offers signature fruity gourmand notes alongside a daring burst of dark red berries with jasmine, rounded with sensual and addictive vanilla and amber.",
        "additional_information": "{\n    \"Order Amount\": \"50 ml\",\n    \"Target Gender\": \"Female\",\n    \"made in\": \"Spain\",\n    \"Type of Fragrance\": \"Eau De Parfum\",\n    \"Warning Hints\": \"Avoid eye contact. Keep away from direct heat and sunlight.\",\n    \"Item Number\": \"1537236\",\n    \"Product Series\": \"Her\",\n    \"Net Weight\": \"0.05 kg\",\n    \"Package Height\": \"12.5 cm\",\n    \"Package Length\": \"3.5 cm\",\n    \"Package Width\": \"6.8 cm\"\n}"
    },
    {
        "product_name": "Burberry Hero Eau de Toilette 50 ml",
        "brand_name": "Burberry",
        "brand_url": "https://shop.frankfurt-airport.com/en-US/brand/burberry",
        "retailer_name": "Frankfurt Duty Free",
        "retailer_url": "https://shop.frankfurt-airport.com/en-US/retailer/heinemann",
        "price": "\u20ac59.99",
        "price_per_quantity": "\u20ac119.98 / 100  ml",
        "description": "Burberry introduces Hero, Riccardo Tisci\u2019s first scent for Burberry. A new masculine spirit exploring the house codes of duality, contradiction and the power of the animal kingdom. A man in search of transformation and metamorphosis as a new modern heroism. Burberry\u2019s vision of modern heroism is challenging the traditional stereotypes of masculinity and empowering man to transform. Featuring a positive and heroic lead, man and horse mirror each other in their movements, pushing their physical limits to transform  into a mythical creature, as a metaphor for personal transformation. A new man. A Hero. Enigmatic and adventurous, Burberry Hero embraces duality: strength and subtlety, power and compassion, athleticism and creativity. Burberry Hero Fragrance is an enthralling  marriage of strength and freshness, signifying the modern man\u2019s duality of power and sensibility. Fresh, luminous and bold, the scent is brightened with sparkling bergamot and invigorated with juniper and black pepper. Juniper, a classic British ingredient of the perfumer\u2019s palette, brings a vibrant freshness to the scent, and is deepened by a trio of warm cedarwood oils from three distinct mountain ranges; Virginia\u2019s Apalacian, the Atlas Mountains in Africa, and the Himalayas in Asia. Burberry Hero bottle is a modern reimagination of Burberry Fragrance by Riccardo Tisci \u2013 featuring the TB embossed monogram for the first time. Strong and modern, like the fragrance it carries. Its angular shape is an abstract reinterpretation of a horse\u2019s hoof, engraved with the curved Burberry logo.Burberry introduces Hero, Riccardo Tisci\u2019s first scent for Burberry. A new masculine spirit exploring the house codes of duality, contradiction and the power of the animal kingdom. A man in search of transformation and metamorphosis as a new modern heroism. Burberry\u2019s vision of modern heroism is challenging the traditional stereotypes of masculinity and empowering man to transform. Featuring a positive and heroic lead, man and horse mirror each other in their movements, pushing their physical limits to transform  into a mythical creature, as a metaphor for personal transformation. A new man. A Hero. Enigmatic and adventurous, Burberry Hero embraces duality: strength and subtlety, power and compassion, athleticism and creativity. Burberry Hero Fragrance is an enthralling  marriage of strength and freshness, signifying the modern man\u2019s duality of power and sensibility. Fresh, luminous and bold, the scent is brightened with sparkling bergamot and invigorated with juniper and black pepper. Juniper, a classic British ingredient of the perfumer\u2019s palette, brings a vibrant freshness to the scent, and is deepened by a trio of warm cedarwood oils from three distinct mountain ranges; Virginia\u2019s Apalacian, the Atlas Mountains in Africa, and the Himalayas in Asia. Burberry Hero bottle is a modern reimagination of Burberry Fragrance by Riccardo Tisci \u2013 featuring the TB embossed monogram for the first time. Strong and modern, like the fragrance it carries. Its angular shape is an abstract reinterpretation of a horse\u2019s hoof, engraved with the curved Burberry logo.",
        "additional_information": "{\n    \"Order Amount\": \"50 ml\",\n    \"Target Gender\": \"Male\",\n    \"made in\": \"Spain\",\n    \"Type of Fragrance\": \"Eau De Toilette\",\n    \"Warning Hints\": \"Avoid eye contact. Keep away from direct heat and sunlight.\",\n    \"Item Number\": \"1482017\",\n    \"Product Series\": \"Hero\",\n    \"Net Weight\": \"0.05 kg\",\n    \"Package Height\": \"10.7 cm\",\n    \"Package Length\": \"6.8 cm\",\n    \"Package Width\": \"4.1 cm\"\n}"
    },
    {
        "product_name": "Burberry Goddess Eau de Parfum Intense 100 ml",
        "brand_name": "Burberry",
        "brand_url": "https://shop.frankfurt-airport.com/en-US/brand/burberry",
        "retailer_name": "Frankfurt Duty Free",
        "retailer_url": "https://shop.frankfurt-airport.com/en-US/retailer/heinemann",
        "price": "\u20ac119.99",
        "price_per_quantity": "\u20ac119.99 / 100  ml",
        "description": "The power within. Burberry Goddess is a story of self-discovery found through confidence, strength and kindness. Inspired by the colours at sunset, Burberry Goddess Eau de Parfum Intense is housed in a square bottle filled with a light ambery fragrance. The signature trio of vanillas from Goddess Eau de Parfum is amplified with a fourth vanilla wood (vanilla SFE) that has a smoky character. When combined with luminous lavender essence, it intensifies the scent with a vibrant woody aroma. Refill sold separately .The power within. Burberry Goddess is a story of self-discovery found through confidence, strength and kindness. Inspired by the colours at sunset, Burberry Goddess Eau de Parfum Intense is housed in a square bottle filled with a light ambery fragrance. The signature trio of vanillas from Goddess Eau de Parfum is amplified with a fourth vanilla wood (vanilla SFE) that has a smoky character. When combined with luminous lavender essence, it intensifies the scent with a vibrant woody aroma. Refill sold separately .",
        "additional_information": "{\n    \"Order Amount\": \"100 ml\",\n    \"Target Gender\": \"Female\",\n    \"made in\": \"Spain\",\n    \"Type of Fragrance\": \"Eau De Parfum\",\n    \"Warning Hints\": \"Avoid eye contact. Keep away from direct heat and sunlight.\",\n    \"Item Number\": \"1621390\",\n    \"Product Series\": \"Goddess\",\n    \"Net Weight\": \"0.1 kg\",\n    \"Package Height\": \"12.1 cm\",\n    \"Package Length\": \"7.7 cm\",\n    \"Package Width\": \"4.5 cm\"\n}"
    },
    {
        "product_name": "Burberry Her Eau de Parfum Intense 50 ml",
        "brand_name": "Burberry",
        "brand_url": "https://shop.frankfurt-airport.com/en-US/brand/burberry",
        "retailer_name": "Frankfurt Duty Free",
        "retailer_url": "https://shop.frankfurt-airport.com/en-US/retailer/heinemann",
        "price": "\u20ac99.99",
        "price_per_quantity": "\u20ac199.98 / 100  ml",
        "description": "Burberry Her Eau de Parfum Intense is a vibrant, gourmand fragrance for women. A new addition to the Burberry Her family, Her Eau de  Parfum Intense amplifies Her\u2019s signature scent with fruity notes of wild strawberry and orange blossom, rounded with warm ambery wood.Burberry Her Eau de Parfum Intense is a vibrant, gourmand fragrance for women. A new addition to the Burberry Her family, Her Eau de  Parfum Intense amplifies Her\u2019s signature scent with fruity notes of wild strawberry and orange blossom, rounded with warm ambery wood.",
        "additional_information": "{\n    \"Order Amount\": \"50 ml\",\n    \"Target Gender\": \"Female\",\n    \"made in\": \"Spain\",\n    \"Type of Fragrance\": \"Eau De Parfum\",\n    \"Warning Hints\": \"Avoid eye contact. Keep away from direct heat and sunlight.\",\n    \"Item Number\": \"1653778\",\n    \"Product Series\": \"Her\",\n    \"Net Weight\": \"0.05 kg\",\n    \"Package Height\": \"10.95 cm\",\n    \"Package Length\": \"6.7 cm\",\n    \"Package Width\": \"3.5 cm\"\n}"
    },
    {
        "product_name": "Burberry Her Garden Party 100 ml",
        "brand_name": "Burberry",
        "brand_url": "https://shop.frankfurt-airport.com/en-US/brand/burberry",
        "retailer_name": "Frankfurt Duty Free",
        "retailer_url": "https://shop.frankfurt-airport.com/en-US/retailer/heinemann",
        "price": "\u20ac119.99",
        "price_per_quantity": "\u20ac119.99 / 100  ml",
        "description": "Introducing Her Eau de Toilette for women, the free-spirited Burberry scent for the modern woman. A blooming peony fragrance, blended with joyful and juicy green pear top notes enhanced with honeysuckle and rose, softened by an addictive woody base.Introducing Her Eau de Toilette for women, the free-spirited Burberry scent for the modern woman. A blooming peony fragrance, blended with joyful and juicy green pear top notes enhanced with honeysuckle and rose, softened by an addictive woody base.",
        "additional_information": "{\n    \"Order Amount\": \"100 ml\",\n    \"Target Gender\": \"Female\",\n    \"made in\": \"Spain\",\n    \"Type of Fragrance\": \"Eau De Toilette\",\n    \"Warning Hints\": \"Avoid eye contact. Keep away from direct heat and sunlight.\",\n    \"Item Number\": \"1490683\",\n    \"Product Series\": \"Her\",\n    \"Net Weight\": \"0.1 kg\",\n    \"Package Height\": \"13.5 cm\",\n    \"Package Length\": \"8 cm\",\n    \"Package Width\": \"4 cm\"\n}"
    },
    {
        "product_name": "Burberry Her Garden Party 50 ml",
        "brand_name": "Burberry",
        "brand_url": "https://shop.frankfurt-airport.com/en-US/brand/burberry",
        "retailer_name": "Frankfurt Duty Free",
        "retailer_url": "https://shop.frankfurt-airport.com/en-US/retailer/heinemann",
        "price": "\u20ac87.99",
        "price_per_quantity": "\u20ac175.98 / 100  ml",
        "description": "Introducing Her Eau de Toilette for women, the free-spirited Burberry scent for the modern woman. A blooming peony fragrance, blended with joyful and juicy green pear top notes enhanced with honeysuckle and rose, softened by an addictive woody base.Introducing Her Eau de Toilette for women, the free-spirited Burberry scent for the modern woman. A blooming peony fragrance, blended with joyful and juicy green pear top notes enhanced with honeysuckle and rose, softened by an addictive woody base.",
        "additional_information": "{\n    \"Order Amount\": \"50 ml\",\n    \"Target Gender\": \"Female\",\n    \"made in\": \"Spain\",\n    \"Type of Fragrance\": \"Eau De Toilette\",\n    \"Warning Hints\": \"Avoid eye contact. Keep away from direct heat and sunlight.\",\n    \"Item Number\": \"1490682\",\n    \"Product Series\": \"Her\",\n    \"Net Weight\": \"0.05 kg\",\n    \"Package Height\": \"11 cm\",\n    \"Package Length\": \"6.5 cm\",\n    \"Package Width\": \"3.2 cm\"\n}"
    },
    {
        "product_name": "Burberry Her Eau de Parfum Intense 100 ml",
        "brand_name": "Burberry",
        "brand_url": "https://shop.frankfurt-airport.com/en-US/brand/burberry",
        "retailer_name": "Frankfurt Duty Free",
        "retailer_url": "https://shop.frankfurt-airport.com/en-US/retailer/heinemann",
        "price": "\u20ac149.99",
        "price_per_quantity": "\u20ac149.99 / 100  ml",
        "description": "Burberry Her Eau de Parfum Intense is a vibrant, gourmand fragrance for women. A new addition to the Burberry Her family, Her Eau de  Parfum Intense amplifies Her\u2019s signature scent with fruity notes of wild strawberry and orange blossom, rounded with warm ambery wood.Burberry Her Eau de Parfum Intense is a vibrant, gourmand fragrance for women. A new addition to the Burberry Her family, Her Eau de  Parfum Intense amplifies Her\u2019s signature scent with fruity notes of wild strawberry and orange blossom, rounded with warm ambery wood.",
        "additional_information": "{\n    \"Order Amount\": \"100 ml\",\n    \"Target Gender\": \"Female\",\n    \"made in\": \"Spain\",\n    \"Type of Fragrance\": \"Eau De Parfum\",\n    \"Warning Hints\": \"Avoid eye contact. Keep away from direct heat and sunlight.\",\n    \"Item Number\": \"1653779\",\n    \"Product Series\": \"Her\",\n    \"Net Weight\": \"0.1 kg\",\n    \"Package Height\": \"13.2 cm\",\n    \"Package Length\": \"7.7 cm\",\n    \"Package Width\": \"3.9 cm\"\n}"
    },
    {
        "product_name": "Burberry Her Petals Eau de Parfum 88 ml",
        "brand_name": "Burberry",
        "brand_url": "https://shop.frankfurt-airport.com/en-US/brand/burberry",
        "retailer_name": "Frankfurt Duty Free",
        "retailer_url": "https://shop.frankfurt-airport.com/en-US/retailer/heinemann",
        "price": "\u20ac139.99",
        "price_per_quantity": "\u20ac159.08 / 100  ml",
        "description": "Introducing Burberry Her Eau de Parfum Petals Limited Edition. A gourmand and fruity vegan perfume accentuated by the uplifting and feminine aromas of crushed berries and floral notes of violet and jasmine. Thanks to its wood and creamy amber base note, this Eau de Parfum for women leaves behind a rich and mesmerising trail in its wake. This olfactory creation sees the Burberry fragrance housed in an archive-inspired glass bottle with floating pink petals*. *The petals used in the bottle of this women\u2019s Eau de Parfum are decorative.Introducing Burberry Her Eau de Parfum Petals Limited Edition. A gourmand and fruity vegan perfume accentuated by the uplifting and feminine aromas of crushed berries and floral notes of violet and jasmine. Thanks to its wood and creamy amber base note, this Eau de Parfum for women leaves behind a rich and mesmerising trail in its wake. This olfactory creation sees the Burberry fragrance housed in an archive-inspired glass bottle with floating pink petals*. *The petals used in the bottle of this women\u2019s Eau de Parfum are decorative.",
        "additional_information": "{\n    \"Order Amount\": \"88 ml\",\n    \"Target Gender\": \"Female\",\n    \"made in\": \"Italy\",\n    \"Type of Fragrance\": \"Eau De Parfum\",\n    \"Warning Hints\": \"Avoid eye contact. Keep away from direct heat and sunlight.\",\n    \"Item Number\": \"1594847\",\n    \"Product Series\": \"Her\",\n    \"Net Weight\": \"0.088 kg\",\n    \"Package Height\": \"13.5 cm\",\n    \"Package Length\": \"7.6 cm\",\n    \"Package Width\": \"3.7 cm\"\n}"
    },
    {
        "product_name": "Burberry Goddess Eau de Parfum 10 ml",
        "brand_name": "Burberry",
        "brand_url": "https://shop.frankfurt-airport.com/en-US/brand/burberry",
        "retailer_name": "Frankfurt Duty Free",
        "retailer_url": "https://shop.frankfurt-airport.com/en-US/retailer/heinemann",
        "price": "\u20ac27.99",
        "price_per_quantity": "\u20ac279.90 / 100  ml",
        "description": "The power within. Burberry Goddess Eau de Parfum is a story of self-discovery, found through confidence, strength and kindness. An elegant design, Burberry Goddess Eau de Parfum is the first refillable perfume by Burberry. This scent is a unique gourmand aromatic fragrance led by a powerful trio of vanillas, enriched with luminous lavender. Refill sold separately.The power within. Burberry Goddess Eau de Parfum is a story of self-discovery, found through confidence, strength and kindness. An elegant design, Burberry Goddess Eau de Parfum is the first refillable perfume by Burberry. This scent is a unique gourmand aromatic fragrance led by a powerful trio of vanillas, enriched with luminous lavender. Refill sold separately.",
        "additional_information": "{\n    \"Order Amount\": \"10 ml\",\n    \"Target Gender\": \"Female\",\n    \"made in\": \"Spain\",\n    \"Type of Fragrance\": \"Eau De Parfum\",\n    \"Warning Hints\": \"Avoid eye contact. Keep away from direct heat and sunlight.\",\n    \"Item Number\": \"1576259\",\n    \"Product Series\": \"Goddess\",\n    \"Net Weight\": \"0.01 kg\",\n    \"Package Height\": \"12.7 cm\",\n    \"Package Length\": \"1.7 cm\",\n    \"Package Width\": \"1.8 cm\"\n}"
    },
    {
        "product_name": "Burberry My Burberry Black Eau de Parfum 50 ml",
        "brand_name": "Burberry",
        "brand_url": "https://shop.frankfurt-airport.com/en-US/brand/burberry",
        "retailer_name": "Frankfurt Duty Free",
        "retailer_url": "https://shop.frankfurt-airport.com/en-US/retailer/heinemann",
        "price": "\u20ac99.99",
        "price_per_quantity": "\u20ac199.98 / 100  ml",
        "description": "Introducing My Burberry Black. A new fragrance joining the My Burberry collection, it follows the same codes of craftsmanship, innovation and appreciation of the iconic Heritage Trench Coat. A floral oriental reinterpretation by renowned perfumer Francis Kurkdjian and Christopher Bailey, My Burberry Black travels back to a London garden amidst a gathering storm, heavy rain contrasting with the warm and captivating flora.",
        "additional_information": "{\n    \"Order Amount\": \"50 ml\",\n    \"Target Gender\": \"Female\",\n    \"made in\": \"Germany\",\n    \"Type of Fragrance\": \"Eau De Parfum\",\n    \"Warning Hints\": \"Avoid eye contact. Keep away from direct heat and sunlight.\",\n    \"Item Number\": \"1199765\",\n    \"Product Series\": \"My Burberry\",\n    \"Net Weight\": \"0.05 kg\",\n    \"Package Height\": \"9.65 cm\",\n    \"Package Length\": \"7.1 cm\",\n    \"Package Width\": \"5.95 cm\"\n}"
    },
    {
        "product_name": "Burberry, Marianne, women's sunglasses",
        "brand_name": "Burberry",
        "brand_url": "https://shop.frankfurt-airport.com/en-US/brand/burberry",
        "retailer_name": "Frankfurt Duty Free",
        "retailer_url": "https://shop.frankfurt-airport.com/en-US/retailer/heinemann",
        "price": "\u20ac239.90",
        "price_per_quantity": "",
        "description": "CLASSIC RELOADEDCLASSIC RELOADED",
        "additional_information": "{\n    \"made in\": \"Italy\",\n    \"Item Number\": \"1550905\",\n    \"Net Weight\": \"0.306 kg\",\n    \"Package Height\": \"8 cm\",\n    \"Package Length\": \"18.5 cm\",\n    \"Package Width\": \"10.5 cm\"\n}"
    },
    {
        "product_name": "Burberry Weekend for Women Eau de Parfum 50 ml",
        "brand_name": "Burberry",
        "brand_url": "https://shop.frankfurt-airport.com/en-US/brand/burberry",
        "retailer_name": "Frankfurt Duty Free",
        "retailer_url": "https://shop.frankfurt-airport.com/en-US/retailer/heinemann",
        "price": "\u20ac29.90",
        "price_per_quantity": "\u20ac59.80 / 100  ml",
        "description": "Burberry Weekend Eau de Parfum 50ml, a casual and sparkling floral, fruity scent. Burberry Weekend has a relaxed personality found in the outdoor spirit of the Burberry brand. With its handwritten logo style, Burberry weekend expresses the spontaneous attitude of  the fragrance. The sparkling floral, fruity fragrance is enhanced by the unique combination of Peach Flower, Nectarine and Hyacinth . Designed by Federico Restrepo, the glass bottle in a simple shape is adorned with a white logo and check trim. The cap is brushed silver engraved with the Burberry logo. The packaging is yellow, with a classic check bordering the base.Burberry Weekend Eau de Parfum 50ml, a casual and sparkling floral, fruity scent. Burberry Weekend has a relaxed personality found in the outdoor spirit of the Burberry brand. With its handwritten logo style, Burberry weekend expresses the spontaneous attitude of  the fragrance. The sparkling floral, fruity fragrance is enhanced by the unique combination of Peach Flower, Nectarine and Hyacinth . Designed by Federico Restrepo, the glass bottle in a simple shape is adorned with a white logo and check trim. The cap is brushed silver engraved with the Burberry logo. The packaging is yellow, with a classic check bordering the base.",
        "additional_information": "{\n    \"Order Amount\": \"50 ml\",\n    \"Target Gender\": \"Female\",\n    \"made in\": \"Germany\",\n    \"Type of Fragrance\": \"Eau De Parfum\",\n    \"Warning Hints\": \"Avoid eye contact. Keep away from direct heat and sunlight.\",\n    \"Item Number\": \"1416364\",\n    \"Product Series\": \"Weekend\",\n    \"Net Weight\": \"0.05 kg\",\n    \"Package Height\": \"4.8 cm\",\n    \"Package Length\": \"4.8 cm\",\n    \"Package Width\": \"9.8 cm\"\n}"
    },
    {
        "product_name": "Burberry, Women's sunglasses",
        "brand_name": "Burberry",
        "brand_url": "https://shop.frankfurt-airport.com/en-US/brand/burberry",
        "retailer_name": "Frankfurt Duty Free",
        "retailer_url": "https://shop.frankfurt-airport.com/en-US/retailer/heinemann",
        "price": "\u20ac255.90",
        "price_per_quantity": "",
        "description": "Elevating the iconic cat eye shape to new heights, Burberry BE4436U sunglasses showcase their unmistakable charm in a sophisticated dark grey color. The solid lenses with a high cut and a perfect fit provide optimal protection against UV rays and ensure excellent vision. The exquisite craftsmanship and material quality of these shades add an extra touch of luxury to your look, making them an ideal choice for those who want to make a statement without saying much.Elevating the iconic cat eye shape to new heights, Burberry BE4436U sunglasses showcase their unmistakable charm in a sophisticated dark grey color. The solid lenses with a high cut and a perfect fit provide optimal protection against UV rays and ensure excellent vision. The exquisite craftsmanship and material quality of these shades add an extra touch of luxury to your look, making them an ideal choice for those who want to make a statement without saying much.",
        "additional_information": "{\n    \"made in\": \"Italy\",\n    \"Item Number\": \"1669238\",\n    \"Net Weight\": \"0.297 kg\",\n    \"Package Height\": \"8 cm\",\n    \"Package Length\": \"21 cm\",\n    \"Package Width\": \"11 cm\"\n}"
    },
    {
        "product_name": "Burberry Hero Parfum Intense 100 ml",
        "brand_name": "Burberry",
        "brand_url": "https://shop.frankfurt-airport.com/en-US/brand/burberry",
        "retailer_name": "Frankfurt Duty Free",
        "retailer_url": "https://shop.frankfurt-airport.com/en-US/retailer/heinemann",
        "price": "\u20ac144.99",
        "price_per_quantity": "\u20ac144.99 / 100  ml",
        "description": "Burberry Hero Parfum Intense is the latest fragrance in the Hero family. The power and sensuality of Hero is further intensified with a new, stronger scent, enriched by the addition of a deep leather note. Intense and deep, the scent is led by a signature trio of cedarwood oils. On top, notes of black pepper enliven the aroma, while a new deep leather note at the base amplifies the strength  of the scent. Housed in a deep-brown refillable bottle, its angular shape is an abstract reinterpretation of a horse\u2019s hoof detailed with the Burberry logo. Refill sold separately. Powerful and courageous, Burberry Hero Parfum Intense.Burberry Hero Parfum Intense is the latest fragrance in the Hero family. The power and sensuality of Hero is further intensified with a new, stronger scent, enriched by the addition of a deep leather note. Intense and deep, the scent is led by a signature trio of cedarwood oils. On top, notes of black pepper enliven the aroma, while a new deep leather note at the base amplifies the strength  of the scent. Housed in a deep-brown refillable bottle, its angular shape is an abstract reinterpretation of a horse\u2019s hoof detailed with the Burberry logo. Refill sold separately. Powerful and courageous, Burberry Hero Parfum Intense.",
        "additional_information": "{\n    \"Order Amount\": \"100 ml\",\n    \"Target Gender\": \"Male\",\n    \"made in\": \"Spain\",\n    \"Type of Fragrance\": \"Parfum\",\n    \"Warning Hints\": \"Avoid eye contact. Keep away from direct heat and sunlight.\",\n    \"Item Number\": \"1679961\",\n    \"Product Series\": \"Hero\",\n    \"Net Weight\": \"0.1 kg\",\n    \"Package Height\": \"12.3 cm\",\n    \"Package Length\": \"8.3 cm\",\n    \"Package Width\": \"4.8 cm\"\n}"
    },
    {
        "product_name": "Burberry My Burberry Blush Eau de Parfum 50 ml",
        "brand_name": "Burberry",
        "brand_url": "https://shop.frankfurt-airport.com/en-US/brand/burberry",
        "retailer_name": "Frankfurt Duty Free",
        "retailer_url": "https://shop.frankfurt-airport.com/en-US/retailer/heinemann",
        "price": "\u20ac99.99",
        "price_per_quantity": "\u20ac199.98 / 100  ml",
        "description": "Introducing My Burberry Blush, a fruity floral Eau de Parfum with a sparkling twist. Stepping back into a London garden awakening in  the first light of day, My Burberry Blush captures the senses as blossoming flowers pop with spirited energy. Created by perfumer Francis Kurkdjian, the fragrance opens with glazed pomegranate and vibrant lemon. Delicate rose petal notes are lifted with crisp apple, while a base of jasmine and wisteria round off the scent for an intensely feminine touch.Introducing My Burberry Blush, a fruity floral Eau de Parfum with a sparkling twist. Stepping back into a London garden awakening in  the first light of day, My Burberry Blush captures the senses as blossoming flowers pop with spirited energy. Created by perfumer Francis Kurkdjian, the fragrance opens with glazed pomegranate and vibrant lemon. Delicate rose petal notes are lifted with crisp apple, while a base of jasmine and wisteria round off the scent for an intensely feminine touch.",
        "additional_information": "{\n    \"Order Amount\": \"50 ml\",\n    \"Target Gender\": \"Female\",\n    \"made in\": \"Germany\",\n    \"Type of Fragrance\": \"Eau De Parfum\",\n    \"Warning Hints\": \"Avoid eye contact. Keep away from direct heat and sunlight.\",\n    \"Item Number\": \"1272217\",\n    \"Product Series\": \"My Burberry\",\n    \"Net Weight\": \"0.05 kg\",\n    \"Package Height\": \"6 cm\",\n    \"Package Length\": \"7.1 cm\",\n    \"Package Width\": \"9.7 cm\"\n}"
    },
    {
        "product_name": "Burberry Coffret",
        "brand_name": "Burberry",
        "brand_url": "https://shop.frankfurt-airport.com/en-US/brand/burberry",
        "retailer_name": "Frankfurt Duty Free",
        "retailer_url": "https://shop.frankfurt-airport.com/en-US/retailer/heinemann",
        "price": "\u20ac59.99",
        "price_per_quantity": "",
        "description": "Celebrate love with a Burberry travel-size Eau de Parfum gift set for women and let them experience the ambery gourmand aromas of the Burberry Her Eau de Parfum and the distinctive and opulent Goddess Eau de Parfum filled with ambery and aromatic notes harmoniously guided by a trio of vanillas and enhanced by radiant lavender. Mark the occasion with your loved one with unique packaging to celebrate love with Burberry scents. This Burberry fragrance gift set contains: - 2x Burberry Her Eau de Parfum - 2x Burberry Goddess Eau de ParfumCelebrate love with a Burberry travel-size Eau de Parfum gift set for women and let them experience the ambery gourmand aromas of the Burberry Her Eau de Parfum and the distinctive and opulent Goddess Eau de Parfum filled with ambery and aromatic notes harmoniously guided by a trio of vanillas and enhanced by radiant lavender. Mark the occasion with your loved one with unique packaging to celebrate love with Burberry scents. This Burberry fragrance gift set contains: - 2x Burberry Her Eau de Parfum - 2x Burberry Goddess Eau de Parfum",
        "additional_information": "{\n    \"Target Gender\": \"Female\",\n    \"made in\": \"Spain\",\n    \"Warning Hints\": \"Avoid eye contact. Keep away from direct heat and sunlight.\",\n    \"Item Number\": \"1672503\",\n    \"Product Series\": \"Coffret\",\n    \"Net Weight\": \"0.02 kg\",\n    \"Package Height\": \"8.2 cm\",\n    \"Package Length\": \"19.8 cm\",\n    \"Package Width\": \"4.2 cm\"\n}"
    },
    {
        "product_name": "Burberry Her, Eau de Parfum For Women 100ml",
        "brand_name": "Burberry",
        "brand_url": "https://shop.frankfurt-airport.com/en-US/brand/burberry",
        "retailer_name": "Frankfurt Duty Free",
        "retailer_url": "https://shop.frankfurt-airport.com/en-US/retailer/heinemann",
        "price": "\u20ac139.99",
        "price_per_quantity": "\u20ac139.99 / 100  ml",
        "description": "The first Gourmand with a British twist by Burberry. A burst of red and dark berry notes lightened by a luminous, white woody accord .",
        "additional_information": "{\n    \"Order Amount\": \"100 ml\",\n    \"Target Gender\": \"Female\",\n    \"made in\": \"France\",\n    \"Type of Fragrance\": \"Eau De Parfum\",\n    \"Item Number\": \"1329679\",\n    \"Product Series\": \"Her\",\n    \"Net Weight\": \"0.1 kg\",\n    \"Package Height\": \"13.5 cm\",\n    \"Package Length\": \"3.8 cm\",\n    \"Package Width\": \"7.8 cm\"\n}"
    },
    {
        "product_name": "Burberry Weekend Eau de Toilette 50 ml",
        "brand_name": "Burberry",
        "brand_url": "https://shop.frankfurt-airport.com/en-US/brand/burberry",
        "retailer_name": "Frankfurt Duty Free",
        "retailer_url": "https://shop.frankfurt-airport.com/en-US/retailer/heinemann",
        "price": "\u20ac29.90",
        "price_per_quantity": "\u20ac59.80 / 100  ml",
        "description": "Burberry Weekend Eau de Toilette 50ml, a natural, fresh, citrus fragrance. Burberry Weekend has a relaxed personality found in the outdoor spirit of the Burberry brand. With its handwritten logo style, Burberry weekend reflects the spontaneous attitude of the fragrance. A fresh citrus fragrance where the burst of Lemon and Grapefruit is softened by a subtle radiance coming from Amber and Honey.Burberry Weekend Eau de Toilette 50ml, a natural, fresh, citrus fragrance. Burberry Weekend has a relaxed personality found in the outdoor spirit of the Burberry brand. With its handwritten logo style, Burberry weekend reflects the spontaneous attitude of the fragrance. A fresh citrus fragrance where the burst of Lemon and Grapefruit is softened by a subtle radiance coming from Amber and Honey.",
        "additional_information": "{\n    \"Order Amount\": \"50 ml\",\n    \"Target Gender\": \"Male\",\n    \"made in\": \"Spain\",\n    \"Type of Fragrance\": \"Eau De Toilette\",\n    \"Warning Hints\": \"Avoid eye contact. Keep away from direct heat and sunlight.\",\n    \"Item Number\": \"1542184\",\n    \"Product Series\": \"Weekend\",\n    \"Net Weight\": \"0.05 kg\",\n    \"Package Height\": \"10 cm\",\n    \"Package Length\": \"4.9 cm\",\n    \"Package Width\": \"4.9 cm\"\n}"
    },
    {
        "product_name": "Mr. Burberry Eau de Parfum 100ml",
        "brand_name": "Burberry",
        "brand_url": "https://shop.frankfurt-airport.com/en-US/brand/burberry",
        "retailer_name": "Frankfurt Duty Free",
        "retailer_url": "https://shop.frankfurt-airport.com/en-US/retailer/heinemann",
        "price": "\u20ac129.99",
        "price_per_quantity": "\u20ac129.99 / 100  ml",
        "description": "An intense interpretation of the original Mr. Burberry, the Eau de Parfum captures the essence and anticipation of London at nighttime. A warm, sensual and woody scent with fresh and aromatic top notes.An intense interpretation of the original Mr. Burberry, the Eau de Parfum captures the essence and anticipation of London at nighttime. A warm, sensual and woody scent with fresh and aromatic top notes.",
        "additional_information": "{\n    \"Order Amount\": \"100 ml\",\n    \"Target Gender\": \"Male\",\n    \"made in\": \"Germany\",\n    \"Type of Fragrance\": \"Eau De Parfum\",\n    \"Warning Hints\": \"Avoid eye contact. Keep away from direct heat and sunlight.\",\n    \"Item Number\": \"1252944\",\n    \"Product Series\": \"Mr Burberry\",\n    \"Net Weight\": \"0.1 kg\",\n    \"Package Height\": \"14.5 cm\",\n    \"Package Length\": \"6 cm\",\n    \"Package Width\": \"6.5 cm\"\n}"
    },
    {
        "product_name": "Burberry London Eau de Parfum 50 ml",
        "brand_name": "Burberry",
        "brand_url": "https://shop.frankfurt-airport.com/en-US/brand/burberry",
        "retailer_name": "Frankfurt Duty Free",
        "retailer_url": "https://shop.frankfurt-airport.com/en-US/retailer/heinemann",
        "price": "\u20ac69.99",
        "price_per_quantity": "\u20ac139.98 / 100  ml",
        "description": "An elegant and sophisticated floral fragrance Classic without conformity, elegant without effort. The Burberry London Woman defines the elegant and modern spirit of Burberry brand. She leads a cosmopolitan lifestyle and her sophisticated and naturally glamorous British style can adapt to any occasion. Eau de Parfum Natural SprayAn elegant and sophisticated floral fragrance Classic without conformity, elegant without effort. The Burberry London Woman defines the elegant and modern spirit of Burberry brand. She leads a cosmopolitan lifestyle and her sophisticated and naturally glamorous British style can adapt to any occasion. Eau de Parfum Natural Spray",
        "additional_information": "{\n    \"Order Amount\": \"50 ml\",\n    \"Target Gender\": \"Female\",\n    \"made in\": \"Germany\",\n    \"Type of Fragrance\": \"Eau De Parfum\",\n    \"Item Number\": \"1051517\",\n    \"Product Series\": \"London Woman\",\n    \"Net Weight\": \"0.05 kg\",\n    \"Package Height\": \"11 cm\",\n    \"Package Length\": \"6.5 cm\",\n    \"Package Width\": \"3.3 cm\"\n}"
    },
    {
        "product_name": "Burberry My Burberry Blush Eau de Parfum 90 ml",
        "brand_name": "Burberry",
        "brand_url": "https://shop.frankfurt-airport.com/en-US/brand/burberry",
        "retailer_name": "Frankfurt Duty Free",
        "retailer_url": "https://shop.frankfurt-airport.com/en-US/retailer/heinemann",
        "price": "\u20ac129.99",
        "price_per_quantity": "\u20ac144.43 / 100  ml",
        "description": "Introducing Mr. Burberry Eau de Parfum. An intense interpretation of the original Mr. Burberry, the fragrance captures the essence and anticipation of London at nighttime. A warm, sensual, and woody scent with fresh and aromatic top notes of tarragon and comforting, spicy cinnamon, layered delicately on rich patchouli with a base of amber and smoky vetiver.Introducing Mr. Burberry Eau de Parfum. An intense interpretation of the original Mr. Burberry, the fragrance captures the essence and anticipation of London at nighttime. A warm, sensual, and woody scent with fresh and aromatic top notes of tarragon and comforting, spicy cinnamon, layered delicately on rich patchouli with a base of amber and smoky vetiver.",
        "additional_information": "{\n    \"Order Amount\": \"90 ml\",\n    \"Target Gender\": \"Female\",\n    \"made in\": \"Germany\",\n    \"Type of Fragrance\": \"Eau De Parfum\",\n    \"Warning Hints\": \"Avoid eye contact. Keep away from direct heat and sunlight.\",\n    \"Item Number\": \"1272216\",\n    \"Product Series\": \"My Burberry\",\n    \"Net Weight\": \"0.09 kg\",\n    \"Package Height\": \"11.2 cm\",\n    \"Package Length\": \"9 cm\",\n    \"Package Width\": \"5.9 cm\"\n}"
    },
    {
        "product_name": "Burberry London Eau de Toilette 100ml",
        "brand_name": "Burberry",
        "brand_url": "https://shop.frankfurt-airport.com/en-US/brand/burberry",
        "retailer_name": "Frankfurt Duty Free",
        "retailer_url": "https://shop.frankfurt-airport.com/en-US/retailer/heinemann",
        "price": "\u20ac84.99",
        "price_per_quantity": "\u20ac84.99 / 100  ml",
        "description": "A sophisticated scent with top notes of bergamot, lavender and warm cinnamon. Artfully balanced heart notes of mimosa flower and rich leather. Lower tones combine heady tobacco leaves and dense oak moss to complete this distinctive and refined fragranceA sophisticated scent with top notes of bergamot, lavender and warm cinnamon. Artfully balanced heart notes of mimosa flower and rich leather. Lower tones combine heady tobacco leaves and dense oak moss to complete this distinctive and refined fragrance",
        "additional_information": "{\n    \"Order Amount\": \"100 ml\",\n    \"Target Gender\": \"Male\",\n    \"made in\": \"Germany\",\n    \"Type of Fragrance\": \"Eau De Toilette\",\n    \"Item Number\": \"1051614\",\n    \"Product Series\": \"London Men\",\n    \"Net Weight\": \"0.1 kg\",\n    \"Package Height\": \"14 cm\",\n    \"Package Length\": \"4 cm\",\n    \"Package Width\": \"7.5 cm\"\n}"
    },
    {
        "product_name": "Burberry Her, Eau de Parfum For Women 50ml",
        "brand_name": "Burberry",
        "brand_url": "https://shop.frankfurt-airport.com/en-US/brand/burberry",
        "retailer_name": "Frankfurt Duty Free",
        "retailer_url": "https://shop.frankfurt-airport.com/en-US/retailer/heinemann",
        "price": "\u20ac99.99",
        "price_per_quantity": "\u20ac199.98 / 100  ml",
        "description": "The first Gourmand with a British twist by Burberry. A burst of red and dark berry notes lightened by a luminous, white woody accord .",
        "additional_information": "{\n    \"Order Amount\": \"50 ml\",\n    \"Target Gender\": \"Female\",\n    \"made in\": \"Spain\",\n    \"Type of Fragrance\": \"Eau De Parfum\",\n    \"Item Number\": \"1329700\",\n    \"Product Series\": \"Her\",\n    \"Net Weight\": \"0.05 kg\",\n    \"Package Height\": \"11.5 cm\",\n    \"Package Length\": \"3.8 cm\",\n    \"Package Width\": \"7.6 cm\"\n}"
    },
    {
        "product_name": "My Burberry Eau de Parfum 90ml",
        "brand_name": "Burberry",
        "brand_url": "https://shop.frankfurt-airport.com/en-US/brand/burberry",
        "retailer_name": "Frankfurt Duty Free",
        "retailer_url": "https://shop.frankfurt-airport.com/en-US/retailer/heinemann",
        "price": "\u20ac134.99",
        "price_per_quantity": "\u20ac149.99 / 100  ml",
        "description": "My Burberry Eau de Parfum captures the scent of a London garden after the rain, as the sun warms wet gravel.",
        "additional_information": "{\n    \"Order Amount\": \"90 ml\",\n    \"Target Gender\": \"Female\",\n    \"made in\": \"Germany\",\n    \"Type of Fragrance\": \"Eau De Parfum\",\n    \"Warning Hints\": \"Keep away from direct heat and sunlight.\",\n    \"Item Number\": \"1091288\",\n    \"Product Series\": \"My Burberry\",\n    \"Net Weight\": \"0.09 kg\",\n    \"Package Height\": \"11.3 cm\",\n    \"Package Length\": \"6 cm\",\n    \"Package Width\": \"9 cm\"\n}"
    },
    {
        "product_name": "Burberry, women's sunglasses",
        "brand_name": "Burberry",
        "brand_url": "https://shop.frankfurt-airport.com/en-US/brand/burberry",
        "retailer_name": "Frankfurt Duty Free",
        "retailer_url": "https://shop.frankfurt-airport.com/en-US/retailer/heinemann",
        "price": "\u20ac219.90",
        "price_per_quantity": "",
        "description": "Introducing Burberry Daisy, a new era of iconic sunglasses. The square frame shape has been reimagined in black acetate with dark grey lenses. Crafted from exquisite materials and featuring the exclusive Burberry Daisy pattern on the temples, these sunglasses are a stylish embodiment of timeless elegance and contemporary design. Elevating any look to iconic status, these shades will be your new favorite accessory.Introducing Burberry Daisy, a new era of iconic sunglasses. The square frame shape has been reimagined in black acetate with dark grey lenses. Crafted from exquisite materials and featuring the exclusive Burberry Daisy pattern on the temples, these sunglasses are a stylish embodiment of timeless elegance and contemporary design. Elevating any look to iconic status, these shades will be your new favorite accessory.",
        "additional_information": "{\n    \"made in\": \"Italy\",\n    \"Item Number\": \"1497136\",\n    \"Net Weight\": \"0.312 kg\",\n    \"Package Height\": \"8 cm\",\n    \"Package Length\": \"18.5 cm\",\n    \"Package Width\": \"10.5 cm\"\n}"
    },
    {
        "product_name": "Burberry, men's sunglasses",
        "brand_name": "Burberry",
        "brand_url": "https://shop.frankfurt-airport.com/en-US/brand/burberry",
        "retailer_name": "Frankfurt Duty Free",
        "retailer_url": "https://shop.frankfurt-airport.com/en-US/retailer/heinemann",
        "price": "\u20ac189.90",
        "price_per_quantity": "",
        "description": "Brand: Burberry",
        "additional_information": "{\n    \"made in\": \"Italy\",\n    \"Item Number\": \"1570847\",\n    \"Net Weight\": \"0.295 kg\",\n    \"Package Height\": \"8 cm\",\n    \"Package Length\": \"18.5 cm\",\n    \"Package Width\": \"10.5 cm\"\n}"
    },
    {
        "product_name": "BURBERRY, Margot, women's sunglasses",
        "brand_name": "Burberry",
        "brand_url": "https://shop.frankfurt-airport.com/en-US/brand/burberry",
        "retailer_name": "Frankfurt Duty Free",
        "retailer_url": "https://shop.frankfurt-airport.com/en-US/retailer/heinemann",
        "price": "\u20ac239.90",
        "price_per_quantity": "",
        "description": "Brand: Burberry",
        "additional_information": "{\n    \"made in\": \"Italy\",\n    \"Item Number\": \"1543123\",\n    \"Net Weight\": \"0.042 kg\",\n    \"Package Height\": \"8 cm\",\n    \"Package Length\": \"18.5 cm\",\n    \"Package Width\": \"11 cm\"\n}"
    },
    {
        "product_name": "LINEA BURBERRY, women's sunglasses",
        "brand_name": "Burberry",
        "brand_url": "https://shop.frankfurt-airport.com/en-US/brand/burberry",
        "retailer_name": "Frankfurt Duty Free",
        "retailer_url": "https://shop.frankfurt-airport.com/en-US/retailer/heinemann",
        "price": "\u20ac219.90",
        "price_per_quantity": "",
        "description": "B. LOGO WOMANB. LOGO WOMAN",
        "additional_information": "{\n    \"made in\": \"Italy\",\n    \"Item Number\": \"1609625\",\n    \"Net Weight\": \"0.282 kg\",\n    \"Package Height\": \"8 cm\",\n    \"Package Length\": \"18.5 cm\",\n    \"Package Width\": \"10.5 cm\"\n}"
    },
    {
        "product_name": "Burberry, men's sunglasses",
        "brand_name": "Burberry",
        "brand_url": "https://shop.frankfurt-airport.com/en-US/brand/burberry",
        "retailer_name": "Frankfurt Duty Free",
        "retailer_url": "https://shop.frankfurt-airport.com/en-US/retailer/heinemann",
        "price": "\u20ac182.90",
        "price_per_quantity": "",
        "description": "NN",
        "additional_information": "{\n    \"made in\": \"Italy\",\n    \"Item Number\": \"1609624\",\n    \"Net Weight\": \"0.29 kg\",\n    \"Package Height\": \"8 cm\",\n    \"Package Length\": \"18.5 cm\",\n    \"Package Width\": \"10.5 cm\"\n}"
    },
    {
        "product_name": "Burberry, Women's sunglasses",
        "brand_name": "Burberry",
        "brand_url": "https://shop.frankfurt-airport.com/en-US/brand/burberry",
        "retailer_name": "Frankfurt Duty Free",
        "retailer_url": "https://shop.frankfurt-airport.com/en-US/retailer/heinemann",
        "price": "\u20ac355.90",
        "price_per_quantity": "",
        "description": "",
        "additional_information": "{\n    \"made in\": \"Italy\",\n    \"Item Number\": \"1630460\",\n    \"Net Weight\": \"0.327 kg\",\n    \"Package Height\": \"8 cm\",\n    \"Package Length\": \"21 cm\",\n    \"Package Width\": \"11 cm\"\n}"
    },
    {
        "product_name": "Burberry, Women's sunglasses",
        "brand_name": "Burberry",
        "brand_url": "https://shop.frankfurt-airport.com/en-US/brand/burberry",
        "retailer_name": "Frankfurt Duty Free",
        "retailer_url": "https://shop.frankfurt-airport.com/en-US/retailer/heinemann",
        "price": "\u20ac239.90",
        "price_per_quantity": "",
        "description": "",
        "additional_information": "{\n    \"made in\": \"Italy\",\n    \"Item Number\": \"1630441\",\n    \"Net Weight\": \"0.287 kg\",\n    \"Package Height\": \"8 cm\",\n    \"Package Length\": \"19 cm\",\n    \"Package Width\": \"11 cm\"\n}"
    },
    {
        "product_name": "Bottega, Gold Cru Prosecco, Venetien, DOC, Extra Brut, white 0.75L",
        "brand_name": "Bottega",
        "brand_url": "https://shop.frankfurt-airport.com/en-US/brand/bottega",
        "retailer_name": "Frankfurt Duty Free",
        "retailer_url": "https://shop.frankfurt-airport.com/en-US/retailer/heinemann",
        "price": "\u20ac29.99",
        "price_per_quantity": "\u20ac39.99 / 1  l",
        "description": "Bottega Gold Cru is a premium Extra Brut sparkling wine which is part of a project to enhance Prosecco that Bottega began developing more than ten years ago.",
        "additional_information": "{\n    \"Order Amount\": \"0.75 l\",\n    \"Type of Sparkling Wine\": \"Prosecco\",\n    \"Calories\": \"280 kJ\",\n    \"Fat\": \" / \",\n    \"thereof \": \"0.6 g\",\n    \"Saturated Fatty Acids\": \"0 g\",\n    \"Carbonate\": \"0 g\",\n    \"Sugar\": \"0.6 g\",\n    \"Protein\": \"0 g\",\n    \"Origin of Wine \\u2013 Still\": \"Italy \\u2013 Veneto\",\n    \"made in\": \"Italy\",\n    \"Sweetness of Sparkling Wine\": \"Extra Brut\",\n    \"Sweetness of Still Wine\": \"Dry\",\n    \"With Colorant\": \"No\",\n    \"Storage Conditions\": \"Store in a cool and dry place\",\n    \"Warning Hints\": \"Drink responsibly.\",\n    \"Item Number\": \"1685430\",\n    \"Net Weight\": \"0.75 kg\",\n    \"Package Height\": \"27 cm\",\n    \"Package Length\": \"9 cm\",\n    \"Package Width\": \"9 cm\"\n}"
    },
    {
        "product_name": "Bottega, Gold Diamond Prosecco, Venetien, DOC, Extra Brut, white 0.75L",
        "brand_name": "Bottega",
        "brand_url": "https://shop.frankfurt-airport.com/en-US/brand/bottega",
        "retailer_name": "Frankfurt Duty Free",
        "retailer_url": "https://shop.frankfurt-airport.com/en-US/retailer/heinemann",
        "price": "\u20ac49.99",
        "price_per_quantity": "\u20ac66.65 / 1  l",
        "description": "Glera, Chardonnay and Pinot grapes are harvested by hand. This special wine is vintage 2022. Following fermentation, the wine is left in contact with the lees for at least 9 months: this process enhances the body, the structure and the aroma of the wine. The result is a wine of remarkable persistence and elegance where the distinctive bouquet of apple and white flowers is made more complex by slightly intense notes of bread crust.",
        "additional_information": "{\n    \"Order Amount\": \"0.75 l\",\n    \"Type of Sparkling Wine\": \"Prosecco\",\n    \"Calories\": \"280 kJ\",\n    \"Fat\": \" / \",\n    \"thereof \": \"0.6 g\",\n    \"Saturated Fatty Acids\": \"0 g\",\n    \"Carbonate\": \"0 g\",\n    \"Sugar\": \"0.6 g\",\n    \"Protein\": \"0 g\",\n    \"Origin of Wine \\u2013 Still\": \"Italy \\u2013 Veneto\",\n    \"made in\": \"Italy\",\n    \"Sweetness of Sparkling Wine\": \"Extra Brut\",\n    \"Sweetness of Still Wine\": \"Dry\",\n    \"With Colorant\": \"No\",\n    \"Storage Conditions\": \"Store in a cool and dry place\",\n    \"Warning Hints\": \"Drink responsibly.\",\n    \"Item Number\": \"1685431\",\n    \"Net Weight\": \"0.75 kg\",\n    \"Package Height\": \"33 cm\",\n    \"Package Length\": \"10 cm\",\n    \"Package Width\": \"10 cm\"\n}"
    },
    {
        "product_name": "Bottega Bacr Gin Miniature Set 40% 3x0.05L",
        "brand_name": "Bottega",
        "brand_url": "https://shop.frankfurt-airport.com/en-US/brand/bottega",
        "retailer_name": "Frankfurt Duty Free",
        "retailer_url": "https://shop.frankfurt-airport.com/en-US/retailer/heinemann",
        "price": "\u20ac19.99",
        "price_per_quantity": "\u20ac133.27 / 1  l",
        "description": "Gin is a strong and aromatic distillate. Its origin is linked to a Dutch medicine and physics professor, Franciscus De La Boe, who studied the properties of juniper essential oils obtained by re-distilling an infusion of berries macerated in pure alcohol.The small format makes Gin Bacur Mignonette the perfect solution, quick and easy to use. It is the perfect size fro single use both to be enjoyed pure or in main cocktails, such as Gin Tonic. Furthermore, Gin Bacur Mignonette is ideal as collection piece for gin lovers.Gin is a strong and aromatic distillate. Its origin is linked to a Dutch medicine and physics professor, Franciscus De La Boe, who studied the properties of juniper essential oils obtained by re-distilling an infusion of berries macerated in pure alcohol.The small format makes Gin Bacur Mignonette the perfect solution, quick and easy to use. It is the perfect size fro single use both to be enjoyed pure or in main cocktails, such as Gin Tonic. Furthermore, Gin Bacur Mignonette is ideal as collection piece for gin lovers.",
        "additional_information": "{\n    \"Order Amount\": \"0.15 l\",\n    \"Calories\": \"924 kJ\",\n    \"made in\": \" / \",\n    \"With Colorant\": \"221 kcal\",\n    \"Storage Conditions\": \"Italy\",\n    \"Warning Hints\": \"No\",\n    \"Item Number\": \"Store in a cool and dry place.\",\n    \"Net Weight\": \"Drink responsibly.\",\n    \"Package Height\": \"1563613\",\n    \"Package Length\": \"0.15 kg\",\n    \"Package Width\": \"10.5 cm\"\n}"
    },
    {
        "product_name": "Bottega Bacr Gin 40% 1L",
        "brand_name": "Bottega",
        "brand_url": "https://shop.frankfurt-airport.com/en-US/brand/bottega",
        "retailer_name": "Frankfurt Duty Free",
        "retailer_url": "https://shop.frankfurt-airport.com/en-US/retailer/heinemann",
        "price": "\u20ac44.99",
        "price_per_quantity": "\u20ac44.99 / 1  l",
        "description": "Distilled Dry Gin Bacur is accurately mixed in Bottega\u2019s traditional family distillery. Its unique character is obtained by botanicals like juniper, berries, sage and lemon zest. Its quality and complexity depend not only on the quantity of plants, but also on the conditions in which aromatic compounds are extracted from each of them.Perfect when enjoyed pure, as well as in cocktails and long drinks.Distilled Dry Gin Bacur is accurately mixed in Bottega\u2019s traditional family distillery. Its unique character is obtained by botanicals like juniper, berries, sage and lemon zest. Its quality and complexity depend not only on the quantity of plants, but also on the conditions in which aromatic compounds are extracted from each of them.Perfect when enjoyed pure, as well as in cocktails and long drinks.",
        "additional_information": "{\n    \"Order Amount\": \"1 l\",\n    \"Calories\": \"293 kJ\",\n    \"made in\": \" / \",\n    \"With Colorant\": \"70 kcal\",\n    \"Warning Hints\": \"Italy\",\n    \"Item Number\": \"No\",\n    \"Net Weight\": \"Drink responsibly.\",\n    \"Package Height\": \"1303610\",\n    \"Package Length\": \"1 kg\",\n    \"Package Width\": \"28.5 cm\"\n}"
    },
    {
        "product_name": "Burberry, Women's sunglasses",
        "brand_name": "Burberry",
        "brand_url": "https://shop.frankfurt-airport.com/en-US/brand/burberry",
        "retailer_name": "Frankfurt Duty Free",
        "retailer_url": "https://shop.frankfurt-airport.com/en-US/retailer/heinemann",
        "price": "\u20ac239.90",
        "price_per_quantity": "",
        "description": "",
        "additional_information": "{\n    \"made in\": \"Italy\",\n    \"Item Number\": \"1630442\",\n    \"Net Weight\": \"0.25 kg\",\n    \"Package Height\": \"6.5 cm\",\n    \"Package Length\": \"19.3 cm\",\n    \"Package Width\": \"10 cm\"\n}"
    },
    {
        "product_name": "Bottega Lemon Spritz 5.4% 0.75L",
        "brand_name": "Bottega",
        "brand_url": "https://shop.frankfurt-airport.com/en-US/brand/bottega",
        "retailer_name": "Frankfurt Duty Free",
        "retailer_url": "https://shop.frankfurt-airport.com/en-US/retailer/heinemann",
        "price": "\u20ac9.99",
        "price_per_quantity": "\u20ac13.32 / 1  l",
        "description": "The Spritz is a traditional Italian cocktail with a long history. To create Lemon Spritz Bottega got inspired by his Spritz, a cocktail based on sparkling wine, Limoncino- Lemon liqueur- and mint leaves. Lemon Spritz is a ready-to-drink, low-alcohol cocktail with a pleasantly refreshing taste that makes it an original and interesting version of the classic Spritz. Perfect for leisure time spent with friends.",
        "additional_information": "{\n    \"Order Amount\": \"0.75 l\",\n    \"Color of Wine\": \"White\",\n    \"Calories\": \"308 kJ\",\n    \"Fat\": \" / \",\n    \"thereof \": \"11 g\",\n    \"Saturated Fatty Acids\": \"0.1 g\",\n    \"Carbonate\": \"0 g\",\n    \"Sugar\": \"11 g\",\n    \"Protein\": \"0.1 g\",\n    \"Salt\": \"0 g\",\n    \"Origin of Wine \\u2013 Still\": \"Italy \\u2013 Veneto\",\n    \"made in\": \"Italy\",\n    \"With Colorant\": \"No\",\n    \"Storage Conditions\": \"Store in a cool dry place; once opened, it is advisable to consume within few days.\",\n    \"Item Number\": \"1621271\",\n    \"Net Weight\": \"0.75 kg\",\n    \"Package Height\": \"31.7 cm\",\n    \"Package Length\": \"8.5 cm\",\n    \"Package Width\": \"8.5 cm\"\n}"
    },
    {
        "product_name": "Bottega Limoncino Liqueur 30% 0.5L",
        "brand_name": "Bottega",
        "brand_url": "https://shop.frankfurt-airport.com/en-US/brand/bottega",
        "retailer_name": "Frankfurt Duty Free",
        "retailer_url": "https://shop.frankfurt-airport.com/en-US/retailer/heinemann",
        "price": "\u20ac15.99",
        "price_per_quantity": "\u20ac31.98 / 1  l",
        "description": "Limoncino Bottega is produced exclusively with lemon from Sicily of the selected cultivar Femminello Siracusano. The attractive packaging completes the profile of the product.Limoncino Bottega is produced exclusively with lemon from Sicily of the selected cultivar Femminello Siracusano. The attractive packaging completes the profile of the product.",
        "additional_information": "{\n    \"Order Amount\": \"0.5 l\",\n    \"Calories\": \"733 kJ\",\n    \"Fat\": \" / \",\n    \"Carbonate\": \"175 kcal\",\n    \"thereof \": \"0.1 g\",\n    \"Sugar\": \"25 g\",\n    \"Protein\": \"25 g\",\n    \"made in\": \"0.1 g\",\n    \"With Colorant\": \"Italy\",\n    \"GMO Free\": \"Yes\",\n    \"Warning Hints\": \"Yes\",\n    \"Item Number\": \"Please drink responsibly.\",\n    \"Net Weight\": \"749353\",\n    \"Package Height\": \"0.5 kg\",\n    \"Package Length\": \"30 cm\",\n    \"Package Width\": \"5 cm\"\n}"
    },
    {
        "product_name": "Bott Rose Gold 0.2L",
        "brand_name": "Bottega",
        "brand_url": "https://shop.frankfurt-airport.com/en-US/brand/bottega",
        "retailer_name": "Frankfurt Duty Free",
        "retailer_url": "https://shop.frankfurt-airport.com/en-US/retailer/heinemann",
        "price": "\u20ac6.49",
        "price_per_quantity": "\u20ac32.45 / 1  l",
        "description": "Bottega Rose Gold is a pure Pinot Noir sparkling wine.",
        "additional_information": "{\n    \"Order Amount\": \"0.2 l\",\n    \"Type of Sparkling Wine\": \"Prosecco\",\n    \"Grape Variety\": \"Pinot Noir\",\n    \"Calories\": \"290 kJ\",\n    \"Fat\": \" / \",\n    \"Carbonate\": \"70 kcal\",\n    \"thereof \": \"0.1 g\",\n    \"Sugar\": \"1.2 g\",\n    \"Protein\": \"1.1 g\",\n    \"made in\": \"0.1 g\",\n    \"Sweetness of Sparkling Wine\": \"Italy\",\n    \"Sweetness of Still Wine\": \"Brut\",\n    \"With Colorant\": \"Dry\",\n    \"GMO Free\": \"No\",\n    \"Warning Hints\": \"Yes\",\n    \"Item Number\": \"Drink responsibly.\",\n    \"Net Weight\": \"1091026\",\n    \"Package Height\": \"0.2 kg\",\n    \"Package Length\": \"20.5 cm\",\n    \"Package Width\": \"5.5 cm\"\n}"
    },
    {
        "product_name": "Bottega, Ros Gold, brut, ros, 0.75L",
        "brand_name": "Bottega",
        "brand_url": "https://shop.frankfurt-airport.com/en-US/brand/bottega",
        "retailer_name": "Frankfurt Duty Free",
        "retailer_url": "https://shop.frankfurt-airport.com/en-US/retailer/heinemann",
        "price": "\u20ac21.99",
        "price_per_quantity": "\u20ac29.32 / 1  l",
        "description": "Bottega Rose Gold is a pure Pinot Noir sparkling wine. The original packaging really characterises this bottle, transforming it a prestigious gift.",
        "additional_information": "{\n    \"Order Amount\": \"0.75 l\",\n    \"Type of Sparkling Wine\": \"Prosecco\",\n    \"Calories\": \"280.4 kJ\",\n    \"Fat\": \" / \",\n    \"Carbonate\": \"67 kcal\",\n    \"thereof \": \"0.1 g\",\n    \"Sugar\": \"1.2 g\",\n    \"Protein\": \"1.1 g\",\n    \"made in\": \"0.1 g\",\n    \"Sweetness of Sparkling Wine\": \"Italy\",\n    \"Sweetness of Still Wine\": \"Brut\",\n    \"With Colorant\": \"Dry\",\n    \"GMO Free\": \"No\",\n    \"Warning Hints\": \"Yes\",\n    \"Item Number\": \"Please drink responsibly\",\n    \"Net Weight\": \"1066680\",\n    \"Package Height\": \"0.75 kg\",\n    \"Package Length\": \"31.5 cm\",\n    \"Package Width\": \"10 cm\"\n}"
    },
    {
        "product_name": "Bott  Prosecco Gold 0.2L",
        "brand_name": "Bottega",
        "brand_url": "https://shop.frankfurt-airport.com/en-US/brand/bottega",
        "retailer_name": "Frankfurt Duty Free",
        "retailer_url": "https://shop.frankfurt-airport.com/en-US/retailer/heinemann",
        "price": "\u20ac6.49",
        "price_per_quantity": "\u20ac32.45 / 1  l",
        "description": "Bottega Gold contains Prosecco \u2013 Italy's most popular sparkling wine \u2013 coming from the Valdobbiadene hills (close to the Venetian Pre-Alps), as region with a long history of wine-growing with a climate that is ideal for this native grape variety. The outstanding  golden bottle packaging not only has a strong emotional effect, making it a really prestigious gift, but also protects the wine from any source of light, preserving its extraordinary aroma and freshness.",
        "additional_information": "{\n    \"Order Amount\": \"0.2 l\",\n    \"Type of Sparkling Wine\": \"Prosecco\",\n    \"Grape Variety\": \"Glera\",\n    \"Calories\": \"290 kJ\",\n    \"Fat\": \" / \",\n    \"Carbonate\": \"70 kcal\",\n    \"thereof \": \"0.1 g\",\n    \"Sugar\": \"1.2 g\",\n    \"Protein\": \"0.9 g\",\n    \"Origin of Wine \\u2013 Still\": \"0.1 g\",\n    \"made in\": \"Italy \\u2013 Veneto\",\n    \"Sweetness of Sparkling Wine\": \"Italy\",\n    \"Sweetness of Still Wine\": \"Brut\",\n    \"With Colorant\": \"Dry\",\n    \"GMO Free\": \"No\",\n    \"Warning Hints\": \"Yes\",\n    \"Item Number\": \"Drink responsibly\",\n    \"Net Weight\": \"522330\",\n    \"Package Height\": \"0.2 kg\",\n    \"Package Length\": \"20.5 cm\",\n    \"Package Width\": \"5.4 cm\"\n}"
    },
    {
        "product_name": "Bottega Nero Liqueur 15% 0.5L",
        "brand_name": "Bottega",
        "brand_url": "https://shop.frankfurt-airport.com/en-US/brand/bottega",
        "retailer_name": "Frankfurt Duty Free",
        "retailer_url": "https://shop.frankfurt-airport.com/en-US/retailer/heinemann",
        "price": "\u20ac17.99",
        "price_per_quantity": "\u20ac35.98 / 1  l",
        "description": "It is a liquor made with dark chocolate and grappa. It is characterized by moderate alcohol content and an all- encompassing taste of pure chocolate. The penetrating aroma stimulates the nose, its softness satisfies the palate. The addition of grappa from Veneto gives to this liquor an undisputed personality. The elegant packaging of the bottle completes the product profile.It is a liquor made with dark chocolate and grappa. It is characterized by moderate alcohol content and an all- encompassing taste of pure chocolate. The penetrating aroma stimulates the nose, its softness satisfies the palate. The addition of grappa from Veneto gives to this liquor an undisputed personality. The elegant packaging of the bottle completes the product profile.",
        "additional_information": "{\n    \"Order Amount\": \"0.5 l\",\n    \"Calories\": \"712 kJ\",\n    \"Fat\": \" / \",\n    \"Carbonate\": \"170 kcal\",\n    \"thereof \": \"0.1 g\",\n    \"Sugar\": \"25 g\",\n    \"Protein\": \"25 g\",\n    \"made in\": \"0.1 g\",\n    \"With Colorant\": \"Italy\",\n    \"GMO Free\": \"Yes\",\n    \"Warning Hints\": \"Yes\",\n    \"Item Number\": \"Please drink responsibly.\",\n    \"Net Weight\": \"543492\",\n    \"Package Height\": \"0.5 kg\",\n    \"Package Length\": \"24 cm\",\n    \"Package Width\": \"10 cm\"\n}"
    },
    {
        "product_name": "Bottega, Amarone della Valpolicella Classico, DOCG, dry, red, 0.75L",
        "brand_name": "Bottega",
        "brand_url": "https://shop.frankfurt-airport.com/en-US/brand/bottega",
        "retailer_name": "Frankfurt Duty Free",
        "retailer_url": "https://shop.frankfurt-airport.com/en-US/retailer/heinemann",
        "price": "\u20ac37.99",
        "price_per_quantity": "\u20ac50.65 / 1  l",
        "description": "Amarone is a full-bodied, balanced, pleasant wine. The carefully selected harvest, drying on trellises and ageing in small oak casks  make it \"Il vino degli Dei\" (the Wine of the Gods). The grapes are hand-picked in cases and taken directly to the drying room where , at a controlled temperature and ventilation, they are left to dry out from the end of October to February. They are then fermented with daily pump-overs and left to age for two years. The resultant wine is very structured and rich.",
        "additional_information": "{\n    \"Order Amount\": \"0.75 l\",\n    \"Color of Wine\": \"Red\",\n    \"Grape Variety\": \"Corvina/Rondinella\",\n    \"Calories\": \"384.92 kJ\",\n    \"Fat\": \" / \",\n    \"thereof \": \"0 g\",\n    \"Saturated Fatty Acids\": \"0.1 g\",\n    \"Carbonate\": \"0 g\",\n    \"Sugar\": \"0 g\",\n    \"Protein\": \"0.1 g\",\n    \"Salt\": \"0 g\",\n    \"Origin of Wine \\u2013 Still\": \"Italy \\u2013 Veneto\",\n    \"made in\": \"Italy\",\n    \"Sweetness of Still Wine\": \"Dry\",\n    \"With Colorant\": \"No\",\n    \"GMO Free\": \"Yes\",\n    \"Warning Hints\": \"Please drink responsibly\",\n    \"Item Number\": \"115733\",\n    \"Net Weight\": \"0.75 kg\",\n    \"Package Height\": \"33 cm\",\n    \"Package Length\": \"7 cm\",\n    \"Package Width\": \"7 cm\"\n}"
    },
    {
        "product_name": "Bottega, Petalo, Vino dell'Amore, sweet, white, 0.75L",
        "brand_name": "Bottega",
        "brand_url": "https://shop.frankfurt-airport.com/en-US/brand/bottega",
        "retailer_name": "Frankfurt Duty Free",
        "retailer_url": "https://shop.frankfurt-airport.com/en-US/retailer/heinemann",
        "price": "\u20ac11.99",
        "price_per_quantity": "\u20ac15.99 / 1  l",
        "description": "It is a sparkling wine made from juicy Moscato grapes from the Euganean Hills, an area in central Veneto with a famous vine-growing tradition. In this thriving rose-growing area bees, when roses are flowering, carry their subtle perfume to the nearby vineyards. One of the characteristics of this wine is therefore an unmistakable hint of roses, evoking the image of the petals depicted on the label. Low alcohol content, serve at 5\u20136\u00b0C, any time of the day.",
        "additional_information": "{\n    \"Order Amount\": \"0.75 l\",\n    \"Type of Sparkling Wine\": \"Prosecco\",\n    \"Grape Variety\": \"Moscato\",\n    \"Calories\": \"301 kJ\",\n    \"Fat\": \" / \",\n    \"Carbonate\": \"72 kcal\",\n    \"thereof \": \"0.1 g\",\n    \"Sugar\": \"90 g\",\n    \"Protein\": \"5.9 g\",\n    \"made in\": \"0.1 g\",\n    \"Sweetness of Sparkling Wine\": \"Italy\",\n    \"Sweetness of Still Wine\": \"Sweet\",\n    \"With Colorant\": \"Sweet\",\n    \"GMO Free\": \"No\",\n    \"Warning Hints\": \"Yes\",\n    \"Item Number\": \"Please drink responsibly\",\n    \"Net Weight\": \"702234\",\n    \"Package Height\": \"0.75 kg\",\n    \"Package Length\": \"31.5 cm\",\n    \"Package Width\": \"9.4 cm\"\n}"
    },
    {
        "product_name": "Bottega, Il Vino dei Poeti, Prosecco Spumante, DOC, brut, white 0.75L",
        "brand_name": "Bottega",
        "brand_url": "https://shop.frankfurt-airport.com/en-US/brand/bottega",
        "retailer_name": "Frankfurt Duty Free",
        "retailer_url": "https://shop.frankfurt-airport.com/en-US/retailer/heinemann",
        "price": "\u20ac13.49",
        "price_per_quantity": "\u20ac17.99 / 1  l",
        "description": "Bottega Prosecco DOC is a Brut sparkling wine, obtained by Glera grapes grown according to classic, traditional techniques in the province of Treviso.",
        "additional_information": "{\n    \"Order Amount\": \"0.75 l\",\n    \"Type of Sparkling Wine\": \"Prosecco\",\n    \"Grape Variety\": \"Glera\",\n    \"Calories\": \"272 kJ\",\n    \"Fat\": \" / \",\n    \"Carbonate\": \"65 kcal\",\n    \"thereof \": \"0.1 g\",\n    \"Sugar\": \"1.2 g\",\n    \"Protein\": \"1 g\",\n    \"Salt\": \"0.1 g\",\n    \"Origin of Wine \\u2013 Still\": \"0 g\",\n    \"made in\": \"Italy \\u2013 Veneto\",\n    \"Sweetness of Sparkling Wine\": \"Italy\",\n    \"Sweetness of Still Wine\": \"Extra Brut\",\n    \"With Colorant\": \"Dry\",\n    \"GMO Free\": \"No\",\n    \"Warning Hints\": \"Yes\",\n    \"Item Number\": \"Drink responsibly\",\n    \"Net Weight\": \"499381\",\n    \"Package Height\": \"0.75 kg\",\n    \"Package Length\": \"32.2 cm\",\n    \"Package Width\": \"8.5 cm\"\n}"
    },
    {
        "product_name": "Bottega Raspberry Liqueur 15% 0.5L",
        "brand_name": "Bottega",
        "brand_url": "https://shop.frankfurt-airport.com/en-US/brand/bottega",
        "retailer_name": "Frankfurt Duty Free",
        "retailer_url": "https://shop.frankfurt-airport.com/en-US/retailer/heinemann",
        "price": "\u20ac17.99",
        "price_per_quantity": "\u20ac35.98 / 1  l",
        "description": "It is a raspberry, white chocolate and grappa-based creamy liquor. It is characterized by a moderate alcohol content that makes it very soft in the palate and by the unmistakeable flavour of raspberries that gives very pleasant taste sensations . The elegant packaging of the bottle completes the product profile.It is a raspberry, white chocolate and grappa-based creamy liquor. It is characterized by a moderate alcohol content that makes it very soft in the palate and by the unmistakeable flavour of raspberries that gives very pleasant taste sensations . The elegant packaging of the bottle completes the product profile.",
        "additional_information": "{\n    \"Order Amount\": \"0.5 l\",\n    \"Calories\": \"1,059 kJ\",\n    \"Fat\": \" / \",\n    \"Carbonate\": \"253 kcal\",\n    \"thereof \": \"7 g\",\n    \"Sugar\": \"25 g\",\n    \"Protein\": \"25 g\",\n    \"made in\": \"2.2 g\",\n    \"With Colorant\": \"Italy\",\n    \"GMO Free\": \"Yes\",\n    \"Warning Hints\": \"Yes\",\n    \"Item Number\": \"Please drink responsibly.\",\n    \"Net Weight\": \"1014811\",\n    \"Package Height\": \"0.5 kg\",\n    \"Package Length\": \"31.5 cm\",\n    \"Package Width\": \"11 cm\"\n}"
    },
    {
        "product_name": "Bottega Sparkling Zero Ros 0.75L",
        "brand_name": "Bottega",
        "brand_url": "https://shop.frankfurt-airport.com/en-US/brand/bottega",
        "retailer_name": "Frankfurt Duty Free",
        "retailer_url": "https://shop.frankfurt-airport.com/en-US/retailer/heinemann",
        "price": "\u20ac9.49",
        "price_per_quantity": "\u20ac12.65 / 1  l",
        "description": "Sparkling Zero Ros\u00e9 Bottega is a non-alcoholic drink, that evokes the great tradition of sparkling wines, keeping the freshness, liveliness, and charm of the bubbles, thanks to the skilful dosage of carbon dioxide, despite the zero-alcohol content. A product that is the result of research and innovation, a non-alcoholic alternative for those who do not want to consume alcohol but still want to toast to happy moments without sacrificing flavour.Sparkling Zero Ros\u00e9 Bottega is a non-alcoholic drink, that evokes the great tradition of sparkling wines, keeping the freshness, liveliness, and charm of the bubbles, thanks to the skilful dosage of carbon dioxide, despite the zero-alcohol content. A product that is the result of research and innovation, a non-alcoholic alternative for those who do not want to consume alcohol but still want to toast to happy moments without sacrificing flavour.",
        "additional_information": "{\n    \"Order Amount\": \"0.75 l\",\n    \"Calories\": \"200.83 kJ\",\n    \"Fat\": \" / \",\n    \"thereof \": \"120 g\",\n    \"Saturated Fatty Acids\": \"0 g\",\n    \"Carbonate\": \"0 g\",\n    \"Sugar\": \"120 g\",\n    \"Protein\": \"0 g\",\n    \"Salt\": \"0 g\",\n    \"made in\": \"Italy\",\n    \"With Colorant\": \"No\",\n    \"Storage Conditions\": \"Store in a cool and dry place. Once opened, it is advisable to consume within few days.\",\n    \"Item Number\": \"1496369\",\n    \"Net Weight\": \"0.75 kg\",\n    \"Package Height\": \"31.5 cm\",\n    \"Package Length\": \"9.4 cm\",\n    \"Package Width\": \"9.4 cm\"\n}"
    },
    {
        "product_name": "Bottega Crema di Limoncino Liqueur 15% 0.5L",
        "brand_name": "Bottega",
        "brand_url": "https://shop.frankfurt-airport.com/en-US/brand/bottega",
        "retailer_name": "Frankfurt Duty Free",
        "retailer_url": "https://shop.frankfurt-airport.com/en-US/retailer/heinemann",
        "price": "\u20ac17.99",
        "price_per_quantity": "\u20ac35.98 / 1  l",
        "description": "Creamy and pleasantly sweet, this liquor comes from the soft blending of fresh Sicilian lemons and the smoothness of cream. The addition of grappa enriches its fragrance.Creamy and pleasantly sweet, this liquor comes from the soft blending of fresh Sicilian lemons and the smoothness of cream. The addition of grappa enriches its fragrance.",
        "additional_information": "{\n    \"Order Amount\": \"0.5 l\",\n    \"Calories\": \"1,110 kJ\",\n    \"Fat\": \" / \",\n    \"Carbonate\": \"265 kcal\",\n    \"thereof \": \"100 g\",\n    \"Sugar\": \"25 g\",\n    \"Protein\": \"25 g\",\n    \"made in\": \"2.8 g\",\n    \"With Colorant\": \"Italy\",\n    \"GMO Free\": \"Yes\",\n    \"Warning Hints\": \"Yes\",\n    \"Item Number\": \"Please drink responsibly.\",\n    \"Net Weight\": \"1054104\",\n    \"Package Height\": \"0.5 kg\",\n    \"Package Length\": \"31.5 cm\",\n    \"Package Width\": \"4.4 cm\"\n}"
    },
    {
        "product_name": "Bottega, Gold, Prosecco Spumante, DOC, brut, white, 0.75L",
        "brand_name": "Bottega",
        "brand_url": "https://shop.frankfurt-airport.com/en-US/brand/bottega",
        "retailer_name": "Frankfurt Duty Free",
        "retailer_url": "https://shop.frankfurt-airport.com/en-US/retailer/heinemann",
        "price": "\u20ac21.99",
        "price_per_quantity": "\u20ac29.32 / 1  l",
        "description": "Bottega Gold contains Prosecco \u2013 Italy's most popular sparkling wine \u2013 coming from the Valdobbiadene hills (close to the Venetian Pre-Alps), as region with a long history of wine-growing with a climate that is ideal for this native grape variety. The outstanding  golden bottle packaging not only has a strong emotional effect, making it a really prestigious gift, but also protects the wine from any source of light, preserving its extraordinary aroma and freshness.",
        "additional_information": "{\n    \"Order Amount\": \"0.75 l\",\n    \"Type of Sparkling Wine\": \"Prosecco\",\n    \"Grape Variety\": \"Glera\",\n    \"Calories\": \"272 kJ\",\n    \"Fat\": \" / \",\n    \"Carbonate\": \"65 kcal\",\n    \"thereof \": \"0.1 g\",\n    \"Sugar\": \"1.2 g\",\n    \"Protein\": \"0.9 g\",\n    \"Origin of Wine \\u2013 Still\": \"0.1 g\",\n    \"made in\": \"Italy \\u2013 Veneto\",\n    \"Sweetness of Sparkling Wine\": \"Italy\",\n    \"Sweetness of Still Wine\": \"Brut\",\n    \"With Colorant\": \"Dry\",\n    \"GMO Free\": \"No\",\n    \"Warning Hints\": \"Yes\",\n    \"Item Number\": \"Please drink responsibly\",\n    \"Net Weight\": \"115090\",\n    \"Package Height\": \"0.75 kg\",\n    \"Package Length\": \"31.4 cm\",\n    \"Package Width\": \"8 cm\"\n}"
    },
    {
        "product_name": "Bowmore Single Cask Edition 22y Islay Single Malt Scotch Whisky Sherry Cask 51.1% 0.7L",
        "brand_name": "Bowmore",
        "brand_url": "https://shop.frankfurt-airport.com/en-US/brand/bowmore",
        "retailer_name": "Frankfurt Duty Free",
        "retailer_url": "https://shop.frankfurt-airport.com/en-US/retailer/heinemann",
        "price": "\u20ac599.00",
        "price_per_quantity": "\u20ac855.71 / 1  l",
        "description": "This 22 year old single malt Scotch Whisky takes the unique character of Bowmore's balanced spirit and marries it perfectly with Spanish flair. We have selected some of our rarest Bowmores and matured them in casks that once held rich Pedro Ximenez sherry where they have an exquisite flavour and individual character.",
        "additional_information": "{\n    \"Order Amount\": \"0.7 l\",\n    \"Calories\": \"1,163 kJ\",\n    \"made in\": \" / \",\n    \"With Colorant\": \"278 kcal\",\n    \"Warning Hints\": \"United Kingdom\",\n    \"Item Number\": \"No\",\n    \"Net Weight\": \"Drink responsibly.\",\n    \"Package Height\": \"1575481\",\n    \"Package Length\": \"0.7 kg\",\n    \"Package Width\": \"35.3 cm\"\n}"
    },
    {
        "product_name": "Bottega Latte Macchiato Liqueur 15% 0.5L",
        "brand_name": "Bottega",
        "brand_url": "https://shop.frankfurt-airport.com/en-US/brand/bottega",
        "retailer_name": "Frankfurt Duty Free",
        "retailer_url": "https://shop.frankfurt-airport.com/en-US/retailer/heinemann",
        "price": "\u20ac17.99",
        "price_per_quantity": "\u20ac35.98 / 1  l",
        "description": "It is a creamy liquor, characterized by its taste of milk and coffee. The elegant packaging of the bottle adds a unique touch to the product.It is a creamy liquor, characterized by its taste of milk and coffee. The elegant packaging of the bottle adds a unique touch to the product.",
        "additional_information": "{\n    \"Order Amount\": \"0.5 l\",\n    \"Calories\": \"1,110 kJ\",\n    \"Fat\": \" / \",\n    \"Carbonate\": \"265 kcal\",\n    \"thereof \": \"100 g\",\n    \"Sugar\": \"25 g\",\n    \"Protein\": \"25 g\",\n    \"made in\": \"2.8 g\",\n    \"With Colorant\": \"Italy\",\n    \"GMO Free\": \"Yes\",\n    \"Warning Hints\": \"Yes\",\n    \"Item Number\": \"Please drink responsibly.\",\n    \"Net Weight\": \"115076\",\n    \"Package Height\": \"0.5 kg\",\n    \"Package Length\": \"31.5 cm\",\n    \"Package Width\": \"4.5 cm\"\n}"
    },
    {
        "product_name": "Bowmore 22y Islay Single Malt Scotch Whisky 48% 0.7L",
        "brand_name": "Bowmore",
        "brand_url": "https://shop.frankfurt-airport.com/en-US/brand/bowmore",
        "retailer_name": "Frankfurt Duty Free",
        "retailer_url": "https://shop.frankfurt-airport.com/en-US/retailer/heinemann",
        "price": "\u20ac449.99",
        "price_per_quantity": "\u20ac642.84 / 1  l",
        "description": "Bowmore 22-year-old Sauternes Cask is a lusciously sweet and surprisingly fruity Bowmore single malt whisky matured in American Oak ex-Bourbon casks and finished in French Oak Sauternes wine barriques for unprecedented dimensions of character.Bowmore 22-year-old Sauternes Cask is a lusciously sweet and surprisingly fruity Bowmore single malt whisky matured in American Oak ex-Bourbon casks and finished in French Oak Sauternes wine barriques for unprecedented dimensions of character.",
        "additional_information": "{\n    \"Order Amount\": \"0.7 l\",\n    \"Calories\": \"992 kJ\",\n    \"made in\": \" / \",\n    \"With Colorant\": \"237 kcal\",\n    \"Warning Hints\": \"United Kingdom\",\n    \"Item Number\": \"Yes\",\n    \"Net Weight\": \"drink responsibly\",\n    \"Package Height\": \"1679148\",\n    \"Package Length\": \"0.7 kg\",\n    \"Package Width\": \"35 cm\"\n}"
    },
    {
        "product_name": "Bowmore 14y Islay Single Malt Scotch Whisky 43% 0.7L",
        "brand_name": "Bowmore",
        "brand_url": "https://shop.frankfurt-airport.com/en-US/brand/bowmore",
        "retailer_name": "Frankfurt Duty Free",
        "retailer_url": "https://shop.frankfurt-airport.com/en-US/retailer/heinemann",
        "price": "\u20ac59.99",
        "price_per_quantity": "\u20ac85.70 / 1  l",
        "description": "Bowmore 14-year-old Bordeaux Cask is a vibrant and fruity Bowmore single malt whisky matured in American Oak ex-Bourbon casks and finished in red wine barriques from Bordeaux.Bowmore 14-year-old Bordeaux Cask is a vibrant and fruity Bowmore single malt whisky matured in American Oak ex-Bourbon casks and finished in red wine barriques from Bordeaux.",
        "additional_information": "{\n    \"Order Amount\": \"0.7 l\",\n    \"made in\": \"United Kingdom\",\n    \"With Colorant\": \"Yes\",\n    \"Warning Hints\": \"drink responsibly\",\n    \"Item Number\": \"1679211\",\n    \"Net Weight\": \"0.7 kg\",\n    \"Package Height\": \"31.5 cm\",\n    \"Package Length\": \"8.5 cm\",\n    \"Package Width\": \"8.5 cm\"\n}"
    },
    {
        "product_name": "Bowmore Frank Quitely 36yo 45.2% 700ml",
        "brand_name": "Bowmore",
        "brand_url": "https://shop.frankfurt-airport.com/en-US/brand/bowmore",
        "retailer_name": "Frankfurt Duty Free",
        "retailer_url": "https://shop.frankfurt-airport.com/en-US/retailer/heinemann",
        "price": "\u20ac3,999.00",
        "price_per_quantity": "\u20ac5,712.86 / 1  l",
        "description": "This second Bowmore Frank Quitely release 33yo single malt has been matured in port casks since birth, resulting in a distinctive and powerful character, inspired by the legendary story of The Changeling and continuing the lasting legacy of Islay.This second Bowmore Frank Quitely release 33yo single malt has been matured in port casks since birth, resulting in a distinctive and powerful character, inspired by the legendary story of The Changeling and continuing the lasting legacy of Islay.",
        "additional_information": "{\n    \"Order Amount\": \"0.7 l\",\n    \"made in\": \"United Kingdom\",\n    \"With Colorant\": \"Yes\",\n    \"Warning Hints\": \"Drink responsibly.\",\n    \"Item Number\": \"1606840\",\n    \"Net Weight\": \"0.7 kg\",\n    \"Package Height\": \"36 cm\",\n    \"Package Length\": \"14 cm\",\n    \"Package Width\": \"42 cm\"\n}"
    },
    {
        "product_name": "Bowmore 15y Islay Single Malt Scotch Whisky 43% 1L gift pack",
        "brand_name": "Bowmore",
        "brand_url": "https://shop.frankfurt-airport.com/en-US/brand/bowmore",
        "retailer_name": "Frankfurt Duty Free",
        "retailer_url": "https://shop.frankfurt-airport.com/en-US/retailer/heinemann",
        "price": "\u20ac87.99",
        "price_per_quantity": "\u20ac87.99 / 1  l",
        "description": "Golden & Elegant. Bowmore\u2019s 15 years old marriage of 1st fill bourbon casks and hogsheads has a refreshing, inspired and uplifting character. Harmonised through maturation, let its layers of perfect silk citrus and salty-sweet vanilla glide over the palate, finishing with peat smoke, sweet almond and lemon.Golden & Elegant. Bowmore\u2019s 15 years old marriage of 1st fill bourbon casks and hogsheads has a refreshing, inspired and uplifting character. Harmonised through maturation, let its layers of perfect silk citrus and salty-sweet vanilla glide over the palate, finishing with peat smoke, sweet almond and lemon.",
        "additional_information": "{\n    \"Order Amount\": \"1 l\",\n    \"Calories\": \"1,083 kJ\",\n    \"Fat\": \" / \",\n    \"thereof \": \"0 g\",\n    \"Saturated Fatty Acids\": \"0 g\",\n    \"Carbonate\": \"0 g\",\n    \"Sugar\": \"0 g\",\n    \"Protein\": \"0 g\",\n    \"Salt\": \"0 g\",\n    \"made in\": \"United Kingdom\",\n    \"With Colorant\": \"Yes\",\n    \"GMO Free\": \"Yes\",\n    \"Warning Hints\": \"Drink responsibly.\",\n    \"Item Number\": \"1260310\",\n    \"Net Weight\": \"1 kg\",\n    \"Package Height\": \"34.3 cm\",\n    \"Package Length\": \"9.1 cm\",\n    \"Package Width\": \"9.1 cm\"\n}"
    },
    {
        "product_name": "Bowmore 16y Islay Single Malt Scotch Whisky 43% 0.7L",
        "brand_name": "Bowmore",
        "brand_url": "https://shop.frankfurt-airport.com/en-US/brand/bowmore",
        "retailer_name": "Frankfurt Duty Free",
        "retailer_url": "https://shop.frankfurt-airport.com/en-US/retailer/heinemann",
        "price": "\u20ac97.99",
        "price_per_quantity": "\u20ac139.99 / 1  l",
        "description": "Bowmore 16-year-old Ruby Port Cask is an enchantingly rich and complex Bowmore single malt whisky matured in American Oak ex-Bourbon casks and European Oak Sherry casks, and finished in Ruby Port casks for a unique layer of flavour.Bowmore 16-year-old Ruby Port Cask is an enchantingly rich and complex Bowmore single malt whisky matured in American Oak ex-Bourbon casks and European Oak Sherry casks, and finished in Ruby Port casks for a unique layer of flavour.",
        "additional_information": "{\n    \"Order Amount\": \"0.7 l\",\n    \"Calories\": \"992 kJ\",\n    \"made in\": \" / \",\n    \"With Colorant\": \"237 kcal\",\n    \"Warning Hints\": \"United Kingdom\",\n    \"Item Number\": \"Yes\",\n    \"Net Weight\": \"drink responsibly\",\n    \"Package Height\": \"1679210\",\n    \"Package Length\": \"0.7 kg\",\n    \"Package Width\": \"31.5 cm\"\n}"
    },
    {
        "product_name": "Bowmore 14y Islay Single Malt Scotch Whisky 43% 0.7L",
        "brand_name": "Bowmore",
        "brand_url": "https://shop.frankfurt-airport.com/en-US/brand/bowmore",
        "retailer_name": "Frankfurt Duty Free",
        "retailer_url": "https://shop.frankfurt-airport.com/en-US/retailer/heinemann",
        "price": "\u20ac59.99",
        "price_per_quantity": "\u20ac85.70 / 1  l",
        "description": "Bowmore 14-year-old Bordeaux Cask is a vibrant and fruity Bowmore single malt whisky matured in American Oak ex-Bourbon casks and finished in red wine barriques from Bordeaux.Bowmore 14-year-old Bordeaux Cask is a vibrant and fruity Bowmore single malt whisky matured in American Oak ex-Bourbon casks and finished in red wine barriques from Bordeaux.",
        "additional_information": "{\n    \"Order Amount\": \"0.7 l\",\n    \"made in\": \"United Kingdom\",\n    \"With Colorant\": \"Yes\",\n    \"Warning Hints\": \"drink responsibly\",\n    \"Item Number\": \"1661642\",\n    \"Net Weight\": \"0.7 kg\",\n    \"Package Height\": \"296 cm\",\n    \"Package Length\": \"81 cm\",\n    \"Package Width\": \"81 cm\"\n}"
    },
    {
        "product_name": "Bowmore 18y Islay Single Malt Scotch Whisky 43% 0.7L gift pack",
        "brand_name": "Bowmore",
        "brand_url": "https://shop.frankfurt-airport.com/en-US/brand/bowmore",
        "retailer_name": "Frankfurt Duty Free",
        "retailer_url": "https://shop.frankfurt-airport.com/en-US/retailer/heinemann",
        "price": "\u20ac144.99",
        "price_per_quantity": "\u20ac207.13 / 1  l",
        "description": "Deep & Complex. Bowmore\u2019s 18 years old is perfectly balanced, with a dignified maturity through time well spent in the depths of the  finest Oloroso and Pedro Xim\u00e9nez Sherry casks. Let layers of rich chocolate, peat smoke, treacle toffee, dates, fruit oils and aromatic roasted coffee envelop your soul.Deep & Complex. Bowmore\u2019s 18 years old is perfectly balanced, with a dignified maturity through time well spent in the depths of the  finest Oloroso and Pedro Xim\u00e9nez Sherry casks. Let layers of rich chocolate, peat smoke, treacle toffee, dates, fruit oils and aromatic roasted coffee envelop your soul.",
        "additional_information": "{\n    \"Order Amount\": \"0.7 l\",\n    \"Calories\": \"1,083 kJ\",\n    \"Fat\": \" / \",\n    \"thereof \": \"0 g\",\n    \"Saturated Fatty Acids\": \"0 g\",\n    \"Carbonate\": \"0 g\",\n    \"Sugar\": \"0 g\",\n    \"Protein\": \"0 g\",\n    \"Salt\": \"0 g\",\n    \"made in\": \"United Kingdom\",\n    \"With Colorant\": \"No\",\n    \"GMO Free\": \"Yes\",\n    \"Warning Hints\": \"Drink responsibly.\",\n    \"Item Number\": \"1251563\",\n    \"Net Weight\": \"0.7 kg\",\n    \"Package Height\": \"30.6 cm\",\n    \"Package Length\": \"8.3 cm\",\n    \"Package Width\": \"8.3 cm\"\n}"
    },
    {
        "product_name": "Bowmore 10y Islay Single Malt Scotch Whisky 40% 1L gift pack",
        "brand_name": "Bowmore",
        "brand_url": "https://shop.frankfurt-airport.com/en-US/brand/bowmore",
        "retailer_name": "Frankfurt Duty Free",
        "retailer_url": "https://shop.frankfurt-airport.com/en-US/retailer/heinemann",
        "price": "\u20ac57.99",
        "price_per_quantity": "\u20ac57.99 / 1  l",
        "description": "Dark & Intense. Bowmore\u2019s 10 years old pushes the boundaries with bold flavour fusions. Spanish oak sherry casks develop spicy notes  on our signature peat smoke in an intense marriage of fire and earth. Experience the layered spectrum of baked Seville orange, toasted maple, peat smoked walnuts and sherry.Dark & Intense. Bowmore\u2019s 10 years old pushes the boundaries with bold flavour fusions. Spanish oak sherry casks develop spicy notes  on our signature peat smoke in an intense marriage of fire and earth. Experience the layered spectrum of baked Seville orange, toasted maple, peat smoked walnuts and sherry.",
        "additional_information": "{\n    \"Order Amount\": \"1 l\",\n    \"Calories\": \"1,004 kJ\",\n    \"Fat\": \" / \",\n    \"thereof \": \"0 g\",\n    \"Saturated Fatty Acids\": \"0 g\",\n    \"Carbonate\": \"0 g\",\n    \"Sugar\": \"0 g\",\n    \"Protein\": \"0 g\",\n    \"Salt\": \"0 g\",\n    \"made in\": \"United Kingdom\",\n    \"With Colorant\": \"No\",\n    \"GMO Free\": \"Yes\",\n    \"Warning Hints\": \"Drink responsibly.\",\n    \"Item Number\": \"1251561\",\n    \"Net Weight\": \"1 kg\",\n    \"Package Height\": \"34.3 cm\",\n    \"Package Length\": \"9.1 cm\",\n    \"Package Width\": \"9.1 cm\"\n}"
    },
    {
        "product_name": "Bowmore 19y Islay Single Malt Scotch Whisky 43% 0.7L",
        "brand_name": "Bowmore",
        "brand_url": "https://shop.frankfurt-airport.com/en-US/brand/bowmore",
        "retailer_name": "Frankfurt Duty Free",
        "retailer_url": "https://shop.frankfurt-airport.com/en-US/retailer/heinemann",
        "price": "\u20ac189.99",
        "price_per_quantity": "\u20ac271.41 / 1  l",
        "description": "Bowmore 19-year-old Pinot Noir Cask is a delightfully smouldering and expressive Bowmore single malt whisky matured in American Oak ex-Bourbon casks and finished in French Oak Pinot Noir barriques for an elegant flourishBowmore 19-year-old Pinot Noir Cask is a delightfully smouldering and expressive Bowmore single malt whisky matured in American Oak ex-Bourbon casks and finished in French Oak Pinot Noir barriques for an elegant flourish",
        "additional_information": "{\n    \"Order Amount\": \"0.7 l\",\n    \"Calories\": \"992 kJ\",\n    \"made in\": \" / \",\n    \"With Colorant\": \"237 kcal\",\n    \"Warning Hints\": \"United Kingdom\",\n    \"Item Number\": \"Yes\",\n    \"Net Weight\": \"drink responsibly\",\n    \"Package Height\": \"1679149\",\n    \"Package Length\": \"0.7 kg\",\n    \"Package Width\": \"32 cm\"\n}"
    },
    {
        "product_name": "Woodford Reserve Baccarat Edition Kentucky Straight Bourbon Whiskey 45.2% 0.7 gift pack*",
        "brand_name": "Woodford",
        "brand_url": "https://shop.frankfurt-airport.com/en-US/brand/woodford",
        "retailer_name": "Frankfurt Duty Free",
        "retailer_url": "https://shop.frankfurt-airport.com/en-US/retailer/heinemann",
        "price": "\u20ac1,499.00",
        "price_per_quantity": "\u20ac2,141.43 / 1  l",
        "description": "History and heritage meet innovation and sophistication. Woodford Reserve Baccarat Edition is crafted by finishing the most flavorful and balanced Kentucky Bourbon in select XO Cognac casks for 3 years. The result is the best of both spirits - a balance of crisp American and French oak notes, complex fruit character, subtle spiciness and a creamy confectionary finish.History and heritage meet innovation and sophistication. Woodford Reserve Baccarat Edition is crafted by finishing the most flavorful and balanced Kentucky Bourbon in select XO Cognac casks for 3 years. The result is the best of both spirits - a balance of crisp American and French oak notes, complex fruit character, subtle spiciness and a creamy confectionary finish.",
        "additional_information": "{\n    \"Order Amount\": \"0.7 l\",\n    \"Calories\": \"1,035 kJ\",\n    \"Fat\": \" / \",\n    \"thereof \": \"0 g\",\n    \"Saturated Fatty Acids\": \"0 g\",\n    \"Carbonate\": \"0 g\",\n    \"Sugar\": \"0 g\",\n    \"Protein\": \"0 g\",\n    \"Salt\": \"0 g\",\n    \"made in\": \"Usa\",\n    \"With Colorant\": \"No\",\n    \"Warning Hints\": \"Please drink responsibly.\",\n    \"Item Number\": \"1380315\",\n    \"Net Weight\": \"0.7 kg\",\n    \"Package Height\": \"34.72 cm\",\n    \"Package Length\": \"19.556 cm\",\n    \"Package Width\": \"14.3 cm\"\n}"
    },
    {
        "product_name": "Woodford Reserve Disitllers Selection Kentucky Straight Bourbon Whiskey Holiday Edition 45.2% 1L",
        "brand_name": "Woodford",
        "brand_url": "https://shop.frankfurt-airport.com/en-US/brand/woodford",
        "retailer_name": "Frankfurt Duty Free",
        "retailer_url": "https://shop.frankfurt-airport.com/en-US/retailer/heinemann",
        "price": "\u20ac49.99",
        "price_per_quantity": "\u20ac49.99 / 1  l",
        "description": "This special edition bottle depicts a holiday scene of the Woodford Reserve Distillery. Released once a year during the holiday season, the bottle features renowned artists who bring the beauty of the distillery grounds to life during the Winter months.This special edition bottle depicts a holiday scene of the Woodford Reserve Distillery. Released once a year during the holiday season, the bottle features renowned artists who bring the beauty of the distillery grounds to life during the Winter months.",
        "additional_information": "{\n    \"Order Amount\": \"1 l\",\n    \"made in\": \"Usa\",\n    \"With Colorant\": \"No\",\n    \"Storage Conditions\": \"Store in a cool dry place.\",\n    \"Warning Hints\": \"Please drink responsibly.\",\n    \"Item Number\": \"1421756\",\n    \"Net Weight\": \"1 kg\",\n    \"Package Height\": \"26.5 cm\",\n    \"Package Length\": \"13.5 cm\",\n    \"Package Width\": \"6.5 cm\"\n}"
    },
    {
        "product_name": "Woodford Reserve Distillers Selection Kentucky Straight Rye Whiskey 45.2% 1L*",
        "brand_name": "Woodford",
        "brand_url": "https://shop.frankfurt-airport.com/en-US/brand/woodford",
        "retailer_name": "Frankfurt Duty Free",
        "retailer_url": "https://shop.frankfurt-airport.com/en-US/retailer/heinemann",
        "price": "\u20ac59.99",
        "price_per_quantity": "\u20ac59.99 / 1  l",
        "description": "The perfectly balanced taste of Woodford Reserve Rye Whiskey is distilled, matured, and bottled in Kentucky, and delivers bold and spicy character. Made with a lower amount of rye in the mash bill than most contemporary rye whiskies, Woodford Reserve Rye Whiskey is representative of a more traditional Kentucky Rye. It\u2019s bold character and emphasis on spice delivers a long and sweetly spiced finish.The perfectly balanced taste of Woodford Reserve Rye Whiskey is distilled, matured, and bottled in Kentucky, and delivers bold and spicy character. Made with a lower amount of rye in the mash bill than most contemporary rye whiskies, Woodford Reserve Rye Whiskey is representative of a more traditional Kentucky Rye. It\u2019s bold character and emphasis on spice delivers a long and sweetly spiced finish.",
        "additional_information": "{\n    \"Order Amount\": \"1 l\",\n    \"Calories\": \"1,035 kJ\",\n    \"Fat\": \" / \",\n    \"thereof \": \"0 g\",\n    \"Saturated Fatty Acids\": \"0 g\",\n    \"Carbonate\": \"0 g\",\n    \"Sugar\": \"0 g\",\n    \"Protein\": \"0 g\",\n    \"Salt\": \"0 g\",\n    \"made in\": \"Usa\",\n    \"With Colorant\": \"No\",\n    \"Warning Hints\": \"Please drink responsibly.\",\n    \"Item Number\": \"1333515\",\n    \"Net Weight\": \"1 kg\",\n    \"Package Height\": \"25.78 cm\",\n    \"Package Length\": \"6.6 cm\",\n    \"Package Width\": \"13.34 cm\"\n}"
    },
    {
        "product_name": "Winston Red 400s Deutschland",
        "brand_name": "Winston",
        "brand_url": "https://shop.frankfurt-airport.com/en-US/brand/winston",
        "retailer_name": "Frankfurt Duty Free",
        "retailer_url": "https://shop.frankfurt-airport.com/en-US/retailer/heinemann",
        "price": "\u20ac107.90",
        "price_per_quantity": "",
        "description": "Smoking kills. Due to tobacco shortages, there are currently severe delivery problems with Cuban cigars. If you use our Click & Collect service, we can therefore unfortunately not guarantee that the pre-ordered Cuban cigars are still available in the desired quantity at the time of pickup at the airport.",
        "additional_information": "{\n    \"Flight Destination Restrictions\": \"Non-EU\",\n    \"Nicotine Delivery\": \"0.4mg \\u2013 0.8mg\",\n    \"Tar Delivery\": \"8.1-12mg\",\n    \"Item Number\": \"1492210\",\n    \"Net Weight\": \"0.332 kg\",\n    \"Package Height\": \"8.9 cm\",\n    \"Package Length\": \"9.56 cm\",\n    \"Package Width\": \"28.5 cm\"\n}"
    },
    {
        "product_name": "Viktor & Rolf Good Fortune Eau de Parfum 50 ml",
        "brand_name": "Viktor & Rolf",
        "brand_url": "https://shop.frankfurt-airport.com/en-US/brand/viktor-and-rolf",
        "retailer_name": "Frankfurt Duty Free",
        "retailer_url": "https://shop.frankfurt-airport.com/en-US/retailer/heinemann",
        "price": "\u20ac99.99",
        "price_per_quantity": "\u20ac199.98 / 100  ml",
        "description": "Concocted like a magic potion, straight out from an ancient grimoire, GOOD FORTUNE is a bewitching philter to create your own destiny. A solar jasmine infused in a rich vanilla bath. Aligned with the long-term eco-conscious commitment of Viktor&Rolf, this Floral White flowers scent is a vegan fragranceConcocted like a magic potion, straight out from an ancient grimoire, GOOD FORTUNE is a bewitching philter to create your own destiny. A solar jasmine infused in a rich vanilla bath. Aligned with the long-term eco-conscious commitment of Viktor&Rolf, this Floral White flowers scent is a vegan fragrance",
        "additional_information": "{\n    \"Order Amount\": \"50 ml\",\n    \"Target Gender\": \"Female\",\n    \"made in\": \"France\",\n    \"Type of Fragrance\": \"Eau De Parfum\",\n    \"Warning Hints\": \"Avoid eye contact. Keep away from direct heat and sunlight.\",\n    \"Item Number\": \"1529849\",\n    \"Product Series\": \"Good Fortune\",\n    \"Net Weight\": \"0.05 kg\",\n    \"Package Height\": \"12.15 cm\",\n    \"Package Length\": \"6.45 cm\",\n    \"Package Width\": \"6.35 cm\"\n}"
    },
    {
        "product_name": "Veuve Clicquot, Ros, Champagne, AOC, brut, ros 0.75L",
        "brand_name": "Veuve Clicquot",
        "brand_url": "https://shop.frankfurt-airport.com/en-US/brand/veuve-clicquot",
        "retailer_name": "Frankfurt Duty Free",
        "retailer_url": "https://shop.frankfurt-airport.com/en-US/retailer/heinemann",
        "price": "\u20ac62.99",
        "price_per_quantity": "\u20ac83.99 / 1  l",
        "description": "In 1818, Veuve Clicquot made history by offering the first ever ros\u00e9 champagne. This legacy lives on today with Veuve Clicquot Ros\u00e9, a delightfully luscious, fruit-based champagne. Naturally engaging, this cuvee is the pink expression of the Veuve Clicquot style.",
        "additional_information": "{\n    \"Order Amount\": \"0.75 l\",\n    \"made in\": \"France\",\n    \"Sweetness of Sparkling Wine\": \"Brut\",\n    \"Sweetness of Still Wine\": \"Dry\",\n    \"With Colorant\": \"No\",\n    \"GMO Free\": \"Yes\",\n    \"Warning Hints\": \"Please drink responsibly\",\n    \"Item Number\": \"1509700\",\n    \"Net Weight\": \"0.75 kg\",\n    \"Package Height\": \"31.9 cm\",\n    \"Package Length\": \"8.82 cm\",\n    \"Package Width\": \"8.82 cm\"\n}"
    },
    {
        "product_name": "Veuve Clicquot, Vintage Ros 0.75L",
        "brand_name": "Veuve Clicquot",
        "brand_url": "https://shop.frankfurt-airport.com/en-US/brand/veuve-clicquot",
        "retailer_name": "Frankfurt Duty Free",
        "retailer_url": "https://shop.frankfurt-airport.com/en-US/retailer/heinemann",
        "price": "\u20ac79.99",
        "price_per_quantity": "\u20ac106.65 / 1  l",
        "description": "In 1810, Madame Clicquot broke new ground by creating the first vintage known in Champagne, a cuvee made up of grapes from a single harvest that was considered exceptionally good. The tradition lives on today, in the form of Veuve Clicquot Vintage.",
        "additional_information": "{\n    \"Order Amount\": \"0.75 l\",\n    \"made in\": \"France\",\n    \"Sweetness of Sparkling Wine\": \"Brut\",\n    \"Sweetness of Still Wine\": \"Dry\",\n    \"With Colorant\": \"No\",\n    \"GMO Free\": \"Yes\",\n    \"Warning Hints\": \"Drink responsibly\",\n    \"Item Number\": \"31251\",\n    \"Net Weight\": \"0.75 kg\",\n    \"Package Height\": \"33 cm\",\n    \"Package Length\": \"9.5 cm\",\n    \"Package Width\": \"9.1 cm\"\n}"
    },
    {
        "product_name": "The Tranquility Pillow - black",
        "brand_name": "Travel Blue",
        "brand_url": "https://shop.frankfurt-airport.com/en-US/brand/travel-blue",
        "retailer_name": "Frankfurt Duty Free",
        "retailer_url": "https://shop.frankfurt-airport.com/en-US/retailer/heinemann",
        "price": "\u20ac34.90",
        "price_per_quantity": "",
        "description": "Take your travel experience to the next level and let the pillow relieve pressure around the head, neck and shoulders. Rest comfortably with good neck support. Simply fold the pillow away and store it in the pocket inside the built-in pouch. Pillow is designed for travellers to enjoy a relaxing and restful trip.",
        "additional_information": "{\n    \"made in\": \"China\",\n    \"Item Number\": \"1482340\",\n    \"Net Weight\": \"0.264 kg\",\n    \"Package Height\": \"11 cm\",\n    \"Package Length\": \"22 cm\",\n    \"Package Width\": \"22 cm\"\n}"
    },
    {
        "product_name": "West Silver 400s Germany",
        "brand_name": "West",
        "brand_url": "https://shop.frankfurt-airport.com/en-US/brand/west",
        "retailer_name": "Frankfurt Duty Free",
        "retailer_url": "https://shop.frankfurt-airport.com/en-US/retailer/heinemann",
        "price": "\u20ac107.90",
        "price_per_quantity": "",
        "description": "Enjoy your breakfast in your favourite Paw Patrol bowl. Filled with delicious milk chocolate mini eggs.Enjoy your breakfast in your favourite Paw Patrol bowl. Filled with delicious milk chocolate mini eggs.",
        "additional_information": "{\n    \"Flight Destination Restrictions\": \"Non-EU\",\n    \"Warning Hints\": \"Warning: Choking hazard.\",\n    \"Item Number\": \" Not recommended for children under 3 years.\",\n    \"Net Weight\": \" Product contains small parts that can be Swallowed.\",\n    \"Package Height\": \" Toys only use under adult supervision.\",\n    \"Package Length\": \"1488602\",\n    \"Package Width\": \"0.432 kg\"\n}"
    },
    {
        "product_name": "Veuve Clicquot Yellow Label Brut White 1.5L",
        "brand_name": "Veuve Clicquot",
        "brand_url": "https://shop.frankfurt-airport.com/en-US/brand/veuve-clicquot",
        "retailer_name": "Frankfurt Duty Free",
        "retailer_url": "https://shop.frankfurt-airport.com/en-US/retailer/heinemann",
        "price": "\u20ac114.99",
        "price_per_quantity": "\u20ac76.66 / 1  l",
        "description": "The Brut Yellow Label reflects the superb vineyards owned by the House, as well as its consistent style. The predominance of Pinot Noir provides the structure that is so typically Clicquot, while a touch of Pinot Meunier rounds out the blend. Chardonnay adds the elegance and finesse that is essential in a perfectly balanced wine.",
        "additional_information": "{\n    \"Order Amount\": \"1.5 l\",\n    \"made in\": \"France\",\n    \"Sweetness of Sparkling Wine\": \"Brut\",\n    \"Sweetness of Still Wine\": \"Dry\",\n    \"With Colorant\": \"No\",\n    \"GMO Free\": \"Yes\",\n    \"Warning Hints\": \"Drink responsibly\",\n    \"Item Number\": \"1509698\",\n    \"Net Weight\": \"1.5 kg\",\n    \"Package Height\": \"39 cm\",\n    \"Package Length\": \"11 cm\",\n    \"Package Width\": \"11 cm\"\n}"
    },
    {
        "product_name": "The Tranquility Pillow- Pink",
        "brand_name": "Travel Blue",
        "brand_url": "https://shop.frankfurt-airport.com/en-US/brand/travel-blue",
        "retailer_name": "Frankfurt Duty Free",
        "retailer_url": "https://shop.frankfurt-airport.com/en-US/retailer/heinemann",
        "price": "\u20ac34.90",
        "price_per_quantity": "",
        "description": "Take your travel experience to the next level and let the pillow relieve pressure around the head, neck and shoulders. Rest comfortably with good neck support. Simply fold the pillow away and store it in the pocket inside the built-in pouch. Pillow is designed for travellers to enjoy a relaxing and restful trip.",
        "additional_information": "{\n    \"made in\": \"China\",\n    \"Item Number\": \"1482342\",\n    \"Net Weight\": \"0.262 kg\",\n    \"Package Height\": \"12 cm\",\n    \"Package Length\": \"24 cm\",\n    \"Package Width\": \"24 cm\"\n}"
    },
    {
        "product_name": "Travel Blue, memory foam travel neck pillow",
        "brand_name": "Travel Blue",
        "brand_url": "https://shop.frankfurt-airport.com/en-US/brand/travel-blue",
        "retailer_name": "Frankfurt Duty Free",
        "retailer_url": "https://shop.frankfurt-airport.com/en-US/retailer/heinemann",
        "price": "\u20ac29.90",
        "price_per_quantity": "",
        "description": "The classic memory foam pillow. Made of a luxury feel material and filled with high quality memory foam, you\u2019ll be floating in the clouds.The classic memory foam pillow. Made of a luxury feel material and filled with high quality memory foam, you\u2019ll be floating in the clouds.",
        "additional_information": "{\n    \"made in\": \"China\",\n    \"Item Number\": \"1071653\",\n    \"Net Weight\": \"0.289 kg\",\n    \"Package Height\": \"7 cm\",\n    \"Package Length\": \"30 cm\",\n    \"Package Width\": \"30 cm\"\n}"
    },
    {
        "product_name": "Veuve Clicquot Yellow Label Brut White 0.75L",
        "brand_name": "Veuve Clicquot",
        "brand_url": "https://shop.frankfurt-airport.com/en-US/brand/veuve-clicquot",
        "retailer_name": "Frankfurt Duty Free",
        "retailer_url": "https://shop.frankfurt-airport.com/en-US/retailer/heinemann",
        "price": "\u20ac52.99",
        "price_per_quantity": "\u20ac70.65 / 1  l",
        "description": "The Brut Yellow Label reflects the superb vineyards owned by the house, as well as its consistent style. The predominance of Pinot Noir provides the structure that is so typically Clicquot, while a touch of Pinot Meunier rounds out the blend. Chardonnay adds the elegance and finesse that is essential in a perfectly balanced wine.",
        "additional_information": "{\n    \"Order Amount\": \"0.75 l\",\n    \"made in\": \"France\",\n    \"Sweetness of Sparkling Wine\": \"Brut\",\n    \"Sweetness of Still Wine\": \"Dry\",\n    \"With Colorant\": \"No\",\n    \"GMO Free\": \"Yes\",\n    \"Warning Hints\": \"Please drink responsibly\",\n    \"Item Number\": \"1509697\",\n    \"Net Weight\": \"0.75 kg\",\n    \"Package Height\": \"31.9 cm\",\n    \"Package Length\": \"8.82 cm\",\n    \"Package Width\": \"8.82 cm\"\n}"
    },
    {
        "product_name": "Valentino Valentina Eau de Parfum 50 ml",
        "brand_name": "Valentino",
        "brand_url": "https://shop.frankfurt-airport.com/en-US/brand/valentino",
        "retailer_name": "Frankfurt Duty Free",
        "retailer_url": "https://shop.frankfurt-airport.com/en-US/retailer/heinemann",
        "price": "\u20ac49.90",
        "price_per_quantity": "\u20ac99.80 / 100  ml",
        "description": "Valentina, the fragrance for joyful, rebellious and romantic dreamers.Inspired by summer mornings in Roman gardens, and the rebirthof the Italian Renaissance, to tell a story of irreverentbeauty.A flirtatious fragrance to express your free minded femininity. A playful balance between delicious sweetness andunbridled opulence. The vivid fruitiness of Bergamot Essence and Strawberry Accord dances with the bold sensuality ofJasmine notes and Patchouli essence.Valentina, the fragrance for joyful, rebellious and romantic dreamers.Inspired by summer mornings in Roman gardens, and the rebirthof the Italian Renaissance, to tell a story of irreverentbeauty.A flirtatious fragrance to express your free minded femininity. A playful balance between delicious sweetness andunbridled opulence. The vivid fruitiness of Bergamot Essence and Strawberry Accord dances with the bold sensuality ofJasmine notes and Patchouli essence.",
        "additional_information": "{\n    \"Order Amount\": \"50 ml\",\n    \"Target Gender\": \"Female\",\n    \"made in\": \"France\",\n    \"Type of Fragrance\": \"Eau De Parfum\",\n    \"Item Number\": \"1671775\",\n    \"Product Series\": \"Valentina\",\n    \"Net Weight\": \"0.05 kg\",\n    \"Package Height\": \"9.6 cm\",\n    \"Package Length\": \"5.9 cm\",\n    \"Package Width\": \"6 cm\"\n}"
    },
    {
        "product_name": "Torres, Natureo, 0.0%, Spain, dry, red 0.75L, screw cap",
        "brand_name": "Torres",
        "brand_url": "https://shop.frankfurt-airport.com/en-US/brand/torres",
        "retailer_name": "Frankfurt Duty Free",
        "retailer_url": "https://shop.frankfurt-airport.com/en-US/retailer/heinemann",
        "price": "\u20ac7.49",
        "price_per_quantity": "\u20ac9.99 / 1  l",
        "description": "Natureo is the fruit of much research, placing us at the forefront of high-quality dealcoholized wines since 2008.",
        "additional_information": "{\n    \"Order Amount\": \"0.75 l\",\n    \"Color of Wine\": \"Red\",\n    \"Calories\": \"89 kJ\",\n    \"Fat\": \" / \",\n    \"thereof \": \"4.1 g\",\n    \"Saturated Fatty Acids\": \"0 g\",\n    \"Carbonate\": \"0 g\",\n    \"Sugar\": \"4.1 g\",\n    \"Protein\": \"0 g\",\n    \"Salt\": \"0 g\",\n    \"Origin of Wine \\u2013 Still\": \"Spain \\u2013 Catalonia\",\n    \"made in\": \"Spain\",\n    \"Sweetness of Still Wine\": \"Dry\",\n    \"With Colorant\": \"Yes\",\n    \"Item Number\": \"1496506\",\n    \"Net Weight\": \"0.75 kg\",\n    \"Package Height\": \"32.2 cm\",\n    \"Package Length\": \"7.72 cm\",\n    \"Package Width\": \"7.72 cm\"\n}"
    },
    {
        "product_name": "Torres, Grans Muralles, Conca de Barber, DO, dry, red 0.75L",
        "brand_name": "Torres",
        "brand_url": "https://shop.frankfurt-airport.com/en-US/brand/torres",
        "retailer_name": "Frankfurt Duty Free",
        "retailer_url": "https://shop.frankfurt-airport.com/en-US/retailer/heinemann",
        "price": "\u20ac87.99",
        "price_per_quantity": "\u20ac117.32 / 1  l",
        "description": "This top-of-the-range wine owes its name to the walls that protected the Poblet monastery. The distinctive identity lies not only in  the stony schist soils (Licorella), but also in the grape varieties that make up the wine. The Torres family has succeeded in reviving extinct indigenous varieties using modern viticultural techniques. Together with Garnacha Tinta, Cari\u00f1ena and Monastrell, these varieties form the spirit of this unique wine.",
        "additional_information": "{\n    \"Order Amount\": \"0.75 l\",\n    \"Color of Wine\": \"Red\",\n    \"Calories\": \"389 kJ\",\n    \"Carbonate\": \" / \",\n    \"Protein\": \"93 kcal\",\n    \"Origin of Wine \\u2013 Still\": \"2.2 g\",\n    \"made in\": \"0 g\",\n    \"Sweetness of Still Wine\": \"Spain \\u2013 Catalonia\",\n    \"With Colorant\": \"Spain\",\n    \"Storage Conditions\": \"Dry\",\n    \"Warning Hints\": \"No\",\n    \"Item Number\": \"Store in a cool dry place\",\n    \"Net Weight\": \"Drink responsibly\",\n    \"Package Height\": \"1593149\",\n    \"Package Length\": \"0.75 kg\",\n    \"Package Width\": \"31.5 cm\"\n}"
    },
    {
        "product_name": "Torres, Pazo das Bruxas, Albario, Rias Baixas, DO, dry, white , 0.75L",
        "brand_name": "Torres",
        "brand_url": "https://shop.frankfurt-airport.com/en-US/brand/torres",
        "retailer_name": "Frankfurt Duty Free",
        "retailer_url": "https://shop.frankfurt-airport.com/en-US/retailer/heinemann",
        "price": "\u20ac13.49",
        "price_per_quantity": "\u20ac17.99 / 1  l",
        "description": "Pazo das Bruxas is a tribute to the folklore and nature of Galicia, a land of vast forests inhabited by mystical and magical beings. Like \"bruxas\" Galician witches.",
        "additional_information": "{\n    \"Order Amount\": \"0.75 l\",\n    \"Color of Wine\": \"White\",\n    \"Calories\": \"306 kJ\",\n    \"Fat\": \" / \",\n    \"Carbonate\": \"73 kcal\",\n    \"Protein\": \"0 g\",\n    \"Origin of Wine \\u2013 Still\": \"0.11 g\",\n    \"made in\": \"0 g\",\n    \"Sweetness of Still Wine\": \"Spain \\u2013 Galizien\",\n    \"With Colorant\": \"Spain\",\n    \"Warning Hints\": \"Dry\",\n    \"Item Number\": \"No\",\n    \"Net Weight\": \"Drink responsibly\",\n    \"Package Height\": \"1083493\",\n    \"Package Length\": \"0.75 kg\",\n    \"Package Width\": \"30 cm\"\n}"
    },
    {
        "product_name": "Torres, Natureo, 0.0%, Spain, dry, white 0.75L",
        "brand_name": "Torres",
        "brand_url": "https://shop.frankfurt-airport.com/en-US/brand/torres",
        "retailer_name": "Frankfurt Duty Free",
        "retailer_url": "https://shop.frankfurt-airport.com/en-US/retailer/heinemann",
        "price": "\u20ac7.49",
        "price_per_quantity": "\u20ac9.99 / 1  l",
        "description": "Natureo is the fruit of much research, placing us at the forefront of high-quality dealcoholized wine in 2008. After fermentation, only the alcohol is removed from this 100% Muscat of Alexandria, thus preserving its full aroma and flavor.",
        "additional_information": "{\n    \"Order Amount\": \"0.75 l\",\n    \"Color of Wine\": \"White\",\n    \"Grape Variety\": \"Moscato\",\n    \"Calories\": \"110 kJ\",\n    \"Fat\": \" / \",\n    \"thereof \": \"4.5 g\",\n    \"Saturated Fatty Acids\": \"0 g\",\n    \"Carbonate\": \"0 g\",\n    \"Sugar\": \"4.5 g\",\n    \"Protein\": \"0 g\",\n    \"Salt\": \"0 g\",\n    \"Origin of Wine \\u2013 Still\": \"Spain \\u2013 Catalonia\",\n    \"made in\": \"Spain\",\n    \"Sweetness of Still Wine\": \"Dry\",\n    \"With Colorant\": \"No\",\n    \"Item Number\": \"1496646\",\n    \"Net Weight\": \"0.75 kg\",\n    \"Package Height\": \"32.2 cm\",\n    \"Package Length\": \"7.72 cm\",\n    \"Package Width\": \"7.72 cm\"\n}"
    },
    {
        "product_name": "Torres 10 Imperial Brandy Gran Reserva 38% 1L",
        "brand_name": "Torres",
        "brand_url": "https://shop.frankfurt-airport.com/en-US/brand/torres",
        "retailer_name": "Frankfurt Duty Free",
        "retailer_url": "https://shop.frankfurt-airport.com/en-US/retailer/heinemann",
        "price": "\u20ac23.99",
        "price_per_quantity": "\u20ac23.99 / 1  l",
        "description": "In 1946, despite a difficult and turbulent time in history, Miguel Torres Carb\u00f3 created Torres 10, Brandy Torres's flagship brand. The careful selection of grapes, distillation and prolonged aging in top-quality oak casks make Torres 10 a spirit of extraordinary flavor and aroma; characteristics that have made it the most widely sold Brandy Gran Reserva in the world. The aging process uses the Solera System, which gently blends the spirits as they age. This dynamic system allows for consistent, balanced aging, because the vintages blend continuously. Doing so maintains the freshest expression of varietal character as the newly distilled spirit blends with older brandies to acquire depth and structure. The resulting spirit is aromatic, intense, expressive, structured and voluptuous. The palate reveals silky, unctuous notes that gain structure and firmness from the tannins imparted by the wood during prolonged aging.In 1946, despite a difficult and turbulent time in history, Miguel Torres Carb\u00f3 created Torres 10, Brandy Torres's flagship brand. The careful selection of grapes, distillation and prolonged aging in top-quality oak casks make Torres 10 a spirit of extraordinary flavor and aroma; characteristics that have made it the most widely sold Brandy Gran Reserva in the world. The aging process uses the Solera System, which gently blends the spirits as they age. This dynamic system allows for consistent, balanced aging, because the vintages blend continuously. Doing so maintains the freshest expression of varietal character as the newly distilled spirit blends with older brandies to acquire depth and structure. The resulting spirit is aromatic, intense, expressive, structured and voluptuous. The palate reveals silky, unctuous notes that gain structure and firmness from the tannins imparted by the wood during prolonged aging.",
        "additional_information": "{\n    \"Order Amount\": \"1 l\",\n    \"Calories\": \"895 kJ\",\n    \"Fat\": \" / \",\n    \"Carbonate\": \"214 kcal\",\n    \"Protein\": \"0 g\",\n    \"made in\": \"1.08 g\",\n    \"With Colorant\": \"0 g\",\n    \"GMO Free\": \"Spain\",\n    \"Warning Hints\": \"Yes\",\n    \"Item Number\": \"Yes\",\n    \"Net Weight\": \"Drink responsibly.\",\n    \"Package Height\": \"1198206\",\n    \"Package Length\": \"1 kg\",\n    \"Package Width\": \"28 cm\"\n}"
    },
    {
        "product_name": "Tom Ford Ombre Leather Eau de Parfum 50 ml",
        "brand_name": "Tom Ford",
        "brand_url": "https://shop.frankfurt-airport.com/en-US/brand/tom-ford",
        "retailer_name": "Frankfurt Duty Free",
        "retailer_url": "https://shop.frankfurt-airport.com/en-US/retailer/heinemann",
        "price": "\u20ac119.99",
        "price_per_quantity": "\u20ac239.98 / 100  ml",
        "description": "Vast. Untethered.Driven. Freedom comes from within, the desert heart of the west wrapped in leather. It moves forward, untethered, through the still air of wide-open space. Dust on wind, skin on skin, Ombr\u00e9 Leather reveals itself like a landscape in layers, where stretches of rock transform into sunrise blonde low on the horizon.Vast. Untethered.Driven. Freedom comes from within, the desert heart of the west wrapped in leather. It moves forward, untethered, through the still air of wide-open space. Dust on wind, skin on skin, Ombr\u00e9 Leather reveals itself like a landscape in layers, where stretches of rock transform into sunrise blonde low on the horizon.",
        "additional_information": "{\n    \"Order Amount\": \"50 ml\",\n    \"Target Gender\": \"Female\",\n    \"made in\": \"Switzerland\",\n    \"Type of Fragrance\": \"Eau De Parfum\",\n    \"Warning Hints\": \"Avoid eye contact. Keep away from direct heat and sunlight.\",\n    \"Item Number\": \"1334548\",\n    \"Product Series\": \"Ombre Leather\",\n    \"Net Weight\": \"0.05 kg\",\n    \"Package Height\": \"9.1 cm\",\n    \"Package Length\": \"6.6 cm\",\n    \"Package Width\": \"7 cm\"\n}"
    },
    {
        "product_name": "Tom Ford Private Blend Mandarino Di Amalfi Eau de Parfum 50 ml",
        "brand_name": "Tom Ford",
        "brand_url": "https://shop.frankfurt-airport.com/en-US/brand/tom-ford",
        "retailer_name": "Frankfurt Duty Free",
        "retailer_url": "https://shop.frankfurt-airport.com/en-US/retailer/heinemann",
        "price": "\u20ac239.99",
        "price_per_quantity": "\u20ac479.98 / 100  ml",
        "description": "Effervescent. Textured. Luminous. Private Blend Mandarino Di Amalfi captures the calm idyll of the whitewashed villas dotting the cliffsides of amalfi. Citrus fruits waft their aroma with a tonic-like effect, and evening comes on with a warm breeze of night-blooming flowers; the air is scented with mint, thyme and wildflowers.Effervescent. Textured. Luminous. Private Blend Mandarino Di Amalfi captures the calm idyll of the whitewashed villas dotting the cliffsides of amalfi. Citrus fruits waft their aroma with a tonic-like effect, and evening comes on with a warm breeze of night-blooming flowers; the air is scented with mint, thyme and wildflowers.",
        "additional_information": "{\n    \"Order Amount\": \"50 ml\",\n    \"Target Gender\": \"Female\",\n    \"made in\": \"Usa\",\n    \"Type of Fragrance\": \"Eau De Parfum\",\n    \"Item Number\": \"1086331\",\n    \"Product Series\": \"Private Blend\",\n    \"Net Weight\": \"0.05 kg\",\n    \"Package Height\": \"13 cm\",\n    \"Package Length\": \"5 cm\",\n    \"Package Width\": \"5 cm\"\n}"
    },
    {
        "product_name": "The Tranquility Pillow - Navy",
        "brand_name": "Travel Blue",
        "brand_url": "https://shop.frankfurt-airport.com/en-US/brand/travel-blue",
        "retailer_name": "Frankfurt Duty Free",
        "retailer_url": "https://shop.frankfurt-airport.com/en-US/retailer/heinemann",
        "price": "\u20ac34.90",
        "price_per_quantity": "",
        "description": "Take your travel experience to the next level and let the pillow relieve pressure around the head, neck and shoulders. Rest comfortably with good neck support. Simply fold the pillow away and store it in the pocket inside the built-in pouch. Pillow is designed for travellers to enjoy a relaxing and restful trip.",
        "additional_information": "{\n    \"made in\": \"China\",\n    \"Item Number\": \"1482341\",\n    \"Net Weight\": \"0.266 kg\",\n    \"Package Height\": \"11 cm\",\n    \"Package Length\": \"22 cm\",\n    \"Package Width\": \"22 cm\"\n}"
    },
    {
        "product_name": "Tom Ford Private Blend Oud Wood Eau de Parfum 100 ml",
        "brand_name": "Tom Ford",
        "brand_url": "https://shop.frankfurt-airport.com/en-US/brand/tom-ford",
        "retailer_name": "Frankfurt Duty Free",
        "retailer_url": "https://shop.frankfurt-airport.com/en-US/retailer/heinemann",
        "price": "\u20ac319.99",
        "price_per_quantity": "\u20ac319.99 / 100  ml",
        "description": "One of the most rare, precious and expensive ingredients in a perfumer\u2019s arsenal, oud wood is often burned in incense-filled temples . Exotic rose wood and cardamom give way to a smoky blend of rare oud wood, sandalwood and vetiver. Tonka bean and amber add warmth and sensuality.One of the most rare, precious and expensive ingredients in a perfumer\u2019s arsenal, oud wood is often burned in incense-filled temples . Exotic rose wood and cardamom give way to a smoky blend of rare oud wood, sandalwood and vetiver. Tonka bean and amber add warmth and sensuality.",
        "additional_information": "{\n    \"Order Amount\": \"100 ml\",\n    \"Target Gender\": \"Male\",\n    \"made in\": \"Usa\",\n    \"Type of Fragrance\": \"Eau De Parfum\",\n    \"Item Number\": \"1073689\",\n    \"Product Series\": \"Oud Wood\",\n    \"Net Weight\": \"0.1 kg\",\n    \"Package Height\": \"14.7 cm\",\n    \"Package Length\": \"4.5 cm\",\n    \"Package Width\": \"7 cm\"\n}"
    },
    {
        "product_name": "Tom Ford Private Blend Tuscan Leather Eau de Parfum 100 ml",
        "brand_name": "Tom Ford",
        "brand_url": "https://shop.frankfurt-airport.com/en-US/brand/tom-ford",
        "retailer_name": "Frankfurt Duty Free",
        "retailer_url": "https://shop.frankfurt-airport.com/en-US/retailer/heinemann",
        "price": "\u20ac319.99",
        "price_per_quantity": "\u20ac319.99 / 100  ml",
        "description": "This ultra-sexy interpretation of leather captures its primal, animalistic scent and its smooth, voluptuous qualities. The addition of olibanum, night blooming jasmine, and black suede gives it a distinctive, modern spin that is raw yet refined, sensual yet sophisticated.This ultra-sexy interpretation of leather captures its primal, animalistic scent and its smooth, voluptuous qualities. The addition of olibanum, night blooming jasmine, and black suede gives it a distinctive, modern spin that is raw yet refined, sensual yet sophisticated.",
        "additional_information": "{\n    \"Order Amount\": \"100 ml\",\n    \"Target Gender\": \"Female\",\n    \"made in\": \"Usa\",\n    \"Type of Fragrance\": \"Eau De Parfum\",\n    \"Warning Hints\": \"Avoid eye contact. Keep away from direct heat and sunlight.\",\n    \"Item Number\": \"1265960\",\n    \"Product Series\": \"Private Blend\",\n    \"Net Weight\": \"0.1 kg\",\n    \"Package Height\": \"14.6 cm\",\n    \"Package Length\": \"6.8 cm\",\n    \"Package Width\": \"4.4 cm\"\n}"
    },
    {
        "product_name": "Tom Ford Private Blend Lost Cherry Eau de Parfum 50 ml",
        "brand_name": "Tom Ford",
        "brand_url": "https://shop.frankfurt-airport.com/en-US/brand/tom-ford",
        "retailer_name": "Frankfurt Duty Free",
        "retailer_url": "https://shop.frankfurt-airport.com/en-US/retailer/heinemann",
        "price": "\u20ac319.99",
        "price_per_quantity": "\u20ac639.98 / 100  ml",
        "description": "Luscious. Tempting. Insatiable. Tom Ford lost cherry is a full-bodied journey into the once-forbidden; a contrasting scent that reveals a tempting dichotomy of playful, candy-like gleam on the outside and luscious flesh on the inside. Innocence intersects indulgence with an opening that captures the classic perfection of the exotic cherry fruit \u2013 black cherry\u2019s ripe flesh dripping in cherry liqueur glistens with a teasing touch of bitter almond. The heart bursts forth in cherry waves of sweet and tart. Griotte syrup expresses the textured maceration of voluptuous fruits while breathtaking florals turkish rose and jasmine sambac penetrate the senses and soul.peru balsam and roasted tonka at the drydown suggest a new portrait of an iconic symbol. When blended with an unexpected m\u00e9lange of sandalwood, vetiver and cedar, the finish reaches fantasy-inspiring levels of insatiability.Luscious. Tempting. Insatiable. Tom Ford lost cherry is a full-bodied journey into the once-forbidden; a contrasting scent that reveals a tempting dichotomy of playful, candy-like gleam on the outside and luscious flesh on the inside. Innocence intersects indulgence with an opening that captures the classic perfection of the exotic cherry fruit \u2013 black cherry\u2019s ripe flesh dripping in cherry liqueur glistens with a teasing touch of bitter almond. The heart bursts forth in cherry waves of sweet and tart. Griotte syrup expresses the textured maceration of voluptuous fruits while breathtaking florals turkish rose and jasmine sambac penetrate the senses and soul.peru balsam and roasted tonka at the drydown suggest a new portrait of an iconic symbol. When blended with an unexpected m\u00e9lange of sandalwood, vetiver and cedar, the finish reaches fantasy-inspiring levels of insatiability.",
        "additional_information": "{\n    \"Order Amount\": \"50 ml\",\n    \"Target Gender\": \"Female\",\n    \"made in\": \"Switzerland\",\n    \"Type of Fragrance\": \"Eau De Parfum\",\n    \"Warning Hints\": \"Avoid eye contact. Keep away from direct heat and sunlight.\",\n    \"Item Number\": \"1345827\",\n    \"Product Series\": \"Private Blend\",\n    \"Net Weight\": \"0.05 kg\",\n    \"Package Height\": \"12.8 cm\",\n    \"Package Length\": \"4.7 cm\",\n    \"Package Width\": \"4.7 cm\"\n}"
    },
    {
        "product_name": "TY, ty beanie boos prince - husky blue",
        "brand_name": "TY",
        "brand_url": "https://shop.frankfurt-airport.com/en-US/brand/ty",
        "retailer_name": "Frankfurt Duty Free",
        "retailer_url": "https://shop.frankfurt-airport.com/en-US/retailer/heinemann",
        "price": "",
        "price_per_quantity": "",
        "description": "Beanie Boo's are the best selling and most popular plush brand. Many different designs of the coveted collectors objects with the well-known glitter eyes are available.Beanie Boo's are the best selling and most popular plush brand. Many different designs of the coveted collectors objects with the well-known glitter eyes are available.",
        "additional_information": "{\n    \"Warning Hints\": \"Not suitable for children under 3 years\",\n    \"Item Number\": \"1529701\",\n    \"Product Series\": \"Beanie Boo 15cm\",\n    \"Net Weight\": \"0.082 kg\",\n    \"Package Height\": \"8 cm\",\n    \"Package Length\": \"15 cm\",\n    \"Package Width\": \"8 cm\"\n}"
    },
    {
        "product_name": "Tom Ford Private Blend Noir de Noir Eau de Parfum 100 ml",
        "brand_name": "Tom Ford",
        "brand_url": "https://shop.frankfurt-airport.com/en-US/brand/tom-ford",
        "retailer_name": "Frankfurt Duty Free",
        "retailer_url": "https://shop.frankfurt-airport.com/en-US/retailer/heinemann",
        "price": "\u20ac319.99",
        "price_per_quantity": "\u20ac319.99 / 100  ml",
        "description": "A rich fragrance inspired by the dance of yin and yang, noir de noir marries deep, feminine florals with the masculine earthiness of black truffle. Vanilla, patchouli, oud wood and tree moss add a warm sensuality to this dark chypre oriental.A rich fragrance inspired by the dance of yin and yang, noir de noir marries deep, feminine florals with the masculine earthiness of black truffle. Vanilla, patchouli, oud wood and tree moss add a warm sensuality to this dark chypre oriental.",
        "additional_information": "{\n    \"Order Amount\": \"100 ml\",\n    \"Target Gender\": \"Female\",\n    \"made in\": \"Usa\",\n    \"Type of Fragrance\": \"Eau De Parfum\",\n    \"Warning Hints\": \"Avoid eye contact. Keep away from direct heat and sunlight.\",\n    \"Item Number\": \"1265961\",\n    \"Product Series\": \"Private Blend\",\n    \"Net Weight\": \"0.1 kg\",\n    \"Package Height\": \"14.6 cm\",\n    \"Package Length\": \"7 cm\",\n    \"Package Width\": \"4.6 cm\"\n}"
    },
    {
        "product_name": "Tom Ford Grey Vetiver Eau de Parfum 100 ml",
        "brand_name": "Tom Ford",
        "brand_url": "https://shop.frankfurt-airport.com/en-US/brand/tom-ford",
        "retailer_name": "Frankfurt Duty Free",
        "retailer_url": "https://shop.frankfurt-airport.com/en-US/retailer/heinemann",
        "price": "\u20ac199.99",
        "price_per_quantity": "\u20ac199.99 / 100  ml",
        "description": "Tom Ford Grey Vetiver captures the essence of the debonair, charismatic and provocative man. With an elegant, refined heart of natural vetiver, the scent is superbly blended with sun-drenched citrus, refined spices and prized woods.Tom Ford Grey Vetiver captures the essence of the debonair, charismatic and provocative man. With an elegant, refined heart of natural vetiver, the scent is superbly blended with sun-drenched citrus, refined spices and prized woods.",
        "additional_information": "{\n    \"Order Amount\": \"100 ml\",\n    \"Target Gender\": \"Male\",\n    \"made in\": \"Switzerland\",\n    \"Type of Fragrance\": \"Eau De Parfum\",\n    \"Item Number\": \"493054\",\n    \"Product Series\": \"Grey Vetiver\",\n    \"Net Weight\": \"0.1 kg\",\n    \"Package Height\": \"16.8 cm\",\n    \"Package Length\": \"4 cm\",\n    \"Package Width\": \"8.6 cm\"\n}"
    },
    {
        "product_name": "TY, Beanie Boos Regular 6in, GARLAND - snowman reg",
        "brand_name": "TY",
        "brand_url": "https://shop.frankfurt-airport.com/en-US/brand/ty",
        "retailer_name": "Frankfurt Duty Free",
        "retailer_url": "https://shop.frankfurt-airport.com/en-US/retailer/heinemann",
        "price": "",
        "price_per_quantity": "",
        "description": "Part of the hugely popular Ty Beanie Boo range. Plush fabric, highly tactile, brightly coloured, collectable soft toy.Part of the hugely popular Ty Beanie Boo range. Plush fabric, highly tactile, brightly coloured, collectable soft toy.",
        "additional_information": "{\n    \"Warning Hints\": \"Not suitable for children under 3 years\",\n    \"Item Number\": \"1578790\",\n    \"Product Series\": \"Beanie Boo 15cm\",\n    \"Net Weight\": \"0.086 kg\",\n    \"Package Height\": \"6 cm\",\n    \"Package Length\": \"18 cm\",\n    \"Package Width\": \"9 cm\"\n}"
    },
    {
        "product_name": "TY, Beanie Boos Regular 6in, CRUMBLE - gingerbread reg",
        "brand_name": "TY",
        "brand_url": "https://shop.frankfurt-airport.com/en-US/brand/ty",
        "retailer_name": "Frankfurt Duty Free",
        "retailer_url": "https://shop.frankfurt-airport.com/en-US/retailer/heinemann",
        "price": "",
        "price_per_quantity": "",
        "description": "Part of the hugely popular Ty Beanie Boo range. Plush fabric, highly tactile, brightly coloured, collectable soft toy.Part of the hugely popular Ty Beanie Boo range. Plush fabric, highly tactile, brightly coloured, collectable soft toy.",
        "additional_information": "{\n    \"Warning Hints\": \"Not suitable for children under 3 years\",\n    \"Item Number\": \"1578769\",\n    \"Product Series\": \"Beanie Boo 15cm\",\n    \"Net Weight\": \"0.076 kg\",\n    \"Package Height\": \"9 cm\",\n    \"Package Length\": \"16 cm\",\n    \"Package Width\": \"10 cm\"\n}"
    },
    {
        "product_name": "TY, ty squishy beanies roxie - pink fox squish 25cm",
        "brand_name": "TY",
        "brand_url": "https://shop.frankfurt-airport.com/en-US/brand/ty",
        "retailer_name": "Frankfurt Duty Free",
        "retailer_url": "https://shop.frankfurt-airport.com/en-US/retailer/heinemann",
        "price": "",
        "price_per_quantity": "",
        "description": "Part of the brand new Squish-Aboo Heron. One of the extremely popular Star Wars series - an instantly recognizable TV and movie character. A collectible plush toy made of colorful plush and with a high tactile feel. Suitable from birth.Part of the brand new Squish-Aboo Heron. One of the extremely popular Star Wars series - an instantly recognizable TV and movie character. A collectible plush toy made of colorful plush and with a high tactile feel. Suitable from birth.",
        "additional_information": "{\n    \"Warning Hints\": \"Not suitable for children under 3 years\",\n    \"Item Number\": \"1529723\",\n    \"Product Series\": \"Squish A Boo 20cm\",\n    \"Net Weight\": \"0.195 kg\",\n    \"Package Height\": \"2.5 cm\",\n    \"Package Length\": \"35 cm\",\n    \"Package Width\": \"18 cm\"\n}"
    },
    {
        "product_name": "TY, Beanie Boos Regular 6in, SLEIGHBELL - dog reg",
        "brand_name": "TY",
        "brand_url": "https://shop.frankfurt-airport.com/en-US/brand/ty",
        "retailer_name": "Frankfurt Duty Free",
        "retailer_url": "https://shop.frankfurt-airport.com/en-US/retailer/heinemann",
        "price": "",
        "price_per_quantity": "",
        "description": "Part of the hugely popular Ty Beanie Boo range. Plush fabric, highly tactile, brightly coloured, collectable soft toy.Part of the hugely popular Ty Beanie Boo range. Plush fabric, highly tactile, brightly coloured, collectable soft toy.",
        "additional_information": "{\n    \"Warning Hints\": \"Not suitable for children under 3 years\",\n    \"Item Number\": \"1578768\",\n    \"Product Series\": \"Beanie Boo 15cm\",\n    \"Net Weight\": \"0.097 kg\",\n    \"Package Height\": \"6 cm\",\n    \"Package Length\": \"18 cm\",\n    \"Package Width\": \"9 cm\"\n}"
    },
    {
        "product_name": "Ty, Squish A Boo 35Cm, bear hope",
        "brand_name": "TY",
        "brand_url": "https://shop.frankfurt-airport.com/en-US/brand/ty",
        "retailer_name": "Frankfurt Duty Free",
        "retailer_url": "https://shop.frankfurt-airport.com/en-US/retailer/heinemann",
        "price": "",
        "price_per_quantity": "",
        "description": "Part of the brand new Squish-Aboo Heron. One of the extremely popular Star Wars series - an instantly recognizable TV and movie character. A collectible plush toy made of colorful plush and with a high tactile feel. Suitable from birth.Part of the brand new Squish-Aboo Heron. One of the extremely popular Star Wars series - an instantly recognizable TV and movie character. A collectible plush toy made of colorful plush and with a high tactile feel. Suitable from birth.",
        "additional_information": "{\n    \"Warning Hints\": \"0 months and up\",\n    \"Item Number\": \"1598371\",\n    \"Product Series\": \"Squish A Boo 35cm\",\n    \"Net Weight\": \"0.528 kg\",\n    \"Package Height\": \"4 cm\",\n    \"Package Length\": \"42 cm\",\n    \"Package Width\": \"34 cm\"\n}"
    },
    {
        "product_name": "Ty, Squish A Boo 35Cm, cat emma",
        "brand_name": "TY",
        "brand_url": "https://shop.frankfurt-airport.com/en-US/brand/ty",
        "retailer_name": "Frankfurt Duty Free",
        "retailer_url": "https://shop.frankfurt-airport.com/en-US/retailer/heinemann",
        "price": "",
        "price_per_quantity": "",
        "description": "Part of the brand new Squish-Aboo Heron. One of the extremely popular Star Wars series - an instantly recognizable TV and movie character. A collectible plush toy made of colorful plush and with a high tactile feel. Suitable from birth.Part of the brand new Squish-Aboo Heron. One of the extremely popular Star Wars series - an instantly recognizable TV and movie character. A collectible plush toy made of colorful plush and with a high tactile feel. Suitable from birth.",
        "additional_information": "{\n    \"Warning Hints\": \"0 months and up\",\n    \"Item Number\": \"1598376\",\n    \"Product Series\": \"Squish A Boo 35cm\",\n    \"Net Weight\": \"0.568 kg\",\n    \"Package Height\": \"3.5 cm\",\n    \"Package Length\": \"43 cm\",\n    \"Package Width\": \"38 cm\"\n}"
    },
    {
        "product_name": "TY, Beanie Boos Regular 6in, MEADOW - orange fox reg",
        "brand_name": "TY",
        "brand_url": "https://shop.frankfurt-airport.com/en-US/brand/ty",
        "retailer_name": "Frankfurt Duty Free",
        "retailer_url": "https://shop.frankfurt-airport.com/en-US/retailer/heinemann",
        "price": "",
        "price_per_quantity": "",
        "description": "Beanie Boo's are the best selling and most popular plush brand. Many different designs of the coveted collectors objects with the well-known glitter eyes are available.Beanie Boo's are the best selling and most popular plush brand. Many different designs of the coveted collectors objects with the well-known glitter eyes are available.",
        "additional_information": "{\n    \"Warning Hints\": \"0 months and up\",\n    \"Item Number\": \"1526529\",\n    \"Product Series\": \"Beanie Boo 15cm\",\n    \"Net Weight\": \"0.085 kg\",\n    \"Package Height\": \"16 cm\",\n    \"Package Length\": \"8 cm\",\n    \"Package Width\": \"8 cm\"\n}"
    },
    {
        "product_name": "TY, Squishy Beanie, fleck snowman",
        "brand_name": "TY",
        "brand_url": "https://shop.frankfurt-airport.com/en-US/brand/ty",
        "retailer_name": "Frankfurt Duty Free",
        "retailer_url": "https://shop.frankfurt-airport.com/en-US/retailer/heinemann",
        "price": "",
        "price_per_quantity": "",
        "description": "Part of the hugely popular Ty Squishy Beanie range. Plush fabric, highly tactile, brightly coloured, collectable soft toy.Part of the hugely popular Ty Squishy Beanie range. Plush fabric, highly tactile, brightly coloured, collectable soft toy.",
        "additional_information": "{\n    \"Warning Hints\": \"Plaese remove tag before play\",\n    \"Item Number\": \"1526559\",\n    \"Product Series\": \"Squish A Boo 35cm\",\n    \"Net Weight\": \"0.568 kg\",\n    \"Package Height\": \"3 cm\",\n    \"Package Length\": \"42 cm\",\n    \"Package Width\": \"34 cm\"\n}"
    },
    {
        "product_name": "Tom Ford Signature Cafe Rose Eau de Parfum 100 ml",
        "brand_name": "Tom Ford",
        "brand_url": "https://shop.frankfurt-airport.com/en-US/brand/tom-ford",
        "retailer_name": "Frankfurt Duty Free",
        "retailer_url": "https://shop.frankfurt-airport.com/en-US/retailer/heinemann",
        "price": "\u20ac189.99",
        "price_per_quantity": "\u20ac189.99 / 100  ml",
        "description": "Essences of rose and dark coffee reveal sensual depth, while ylang ylang exudes an opulent floralcy. Coriander, patchouli and cardamom infuse a spicy warmth to incense resin and sandalwood accords.Essences of rose and dark coffee reveal sensual depth, while ylang ylang exudes an opulent floralcy. Coriander, patchouli and cardamom infuse a spicy warmth to incense resin and sandalwood accords.",
        "additional_information": "{\n    \"Order Amount\": \"100 ml\",\n    \"Target Gender\": \"Female\",\n    \"made in\": \"Switzerland\",\n    \"Type of Fragrance\": \"Eau De Parfum\",\n    \"Warning Hints\": \"Avoid eye contact. Keep away from direct heat and sunlight.\",\n    \"Item Number\": \"1582965\",\n    \"Product Series\": \"Signature\",\n    \"Net Weight\": \"0.1 kg\",\n    \"Package Height\": \"12.6 cm\",\n    \"Package Length\": \"10.3 cm\",\n    \"Package Width\": \"4.2 cm\"\n}"
    },
    {
        "product_name": "Ty, Beanie Boo 24Cm, husky prince",
        "brand_name": "TY",
        "brand_url": "https://shop.frankfurt-airport.com/en-US/brand/ty",
        "retailer_name": "Frankfurt Duty Free",
        "retailer_url": "https://shop.frankfurt-airport.com/en-US/retailer/heinemann",
        "price": "",
        "price_per_quantity": "",
        "description": "Beanie Boo's are the best selling and most popular plush brand. Many different designs of the coveted collectors objects with the well-known glitter eyes are available.Beanie Boo's are the best selling and most popular plush brand. Many different designs of the coveted collectors objects with the well-known glitter eyes are available.",
        "additional_information": "{\n    \"Warning Hints\": \"0 months and up\",\n    \"Item Number\": \"1588699\",\n    \"Product Series\": \"Beanie Boo 24cm\",\n    \"Net Weight\": \"0.196 kg\",\n    \"Package Height\": \"10 cm\",\n    \"Package Length\": \"22 cm\",\n    \"Package Width\": \"11 cm\"\n}"
    },
    {
        "product_name": "TY, bluey 20 cm",
        "brand_name": "TY",
        "brand_url": "https://shop.frankfurt-airport.com/en-US/brand/ty",
        "retailer_name": "Frankfurt Duty Free",
        "retailer_url": "https://shop.frankfurt-airport.com/en-US/retailer/heinemann",
        "price": "\u20ac11.90",
        "price_per_quantity": "",
        "description": "Part of Bluey range - an instantly recognisable television character. Plush fabric, highly tactile, brightly coloured, collectable soft toy.Part of Bluey range - an instantly recognisable television character. Plush fabric, highly tactile, brightly coloured, collectable soft toy.",
        "additional_information": "{\n    \"Warning Hints\": \"keine\",\n    \"Item Number\": \"1681513\",\n    \"Net Weight\": \"0.091 kg\",\n    \"Package Height\": \"5 cm\",\n    \"Package Length\": \"19 cm\",\n    \"Package Width\": \"10 cm\"\n}"
    },
    {
        "product_name": "Tom Ford Private Blend Tobacco Vanille Eau de Parfum 30 ml",
        "brand_name": "Tom Ford",
        "brand_url": "https://shop.frankfurt-airport.com/en-US/brand/tom-ford",
        "retailer_name": "Frankfurt Duty Free",
        "retailer_url": "https://shop.frankfurt-airport.com/en-US/retailer/heinemann",
        "price": "\u20ac149.99",
        "price_per_quantity": "\u20ac499.97 / 100  ml",
        "description": "Tom Ford\u2019s affection for London inspired this scent, reminiscent of an english gentlemen\u2019s club, redolent with spice. He reinvents a  classic fragrance genre by adding creamy tonka bean, vanilla, cocoa, dry fruit accords and sweet wood sap for a modern, opulent, and almost heady impression that\u2019s all man, unless worn by a woman.Tom Ford\u2019s affection for London inspired this scent, reminiscent of an english gentlemen\u2019s club, redolent with spice. He reinvents a  classic fragrance genre by adding creamy tonka bean, vanilla, cocoa, dry fruit accords and sweet wood sap for a modern, opulent, and almost heady impression that\u2019s all man, unless worn by a woman.",
        "additional_information": "{\n    \"Order Amount\": \"30 ml\",\n    \"Target Gender\": \"Female\",\n    \"made in\": \"Usa\",\n    \"Type of Fragrance\": \"Eau De Parfum\",\n    \"Warning Hints\": \"Avoid eye contact. Keep away from direct heat and sunlight.\",\n    \"Item Number\": \"1506788\",\n    \"Product Series\": \"Private Blend\",\n    \"Net Weight\": \"0.03 kg\",\n    \"Package Height\": \"11.4 cm\",\n    \"Package Length\": \"4.8 cm\",\n    \"Package Width\": \"4.8 cm\"\n}"
    },
    {
        "product_name": "Tom Ford Signature Eau d'Ombr Leather Eau de Toilette 100 ml",
        "brand_name": "Tom Ford",
        "brand_url": "https://shop.frankfurt-airport.com/en-US/brand/tom-ford",
        "retailer_name": "Frankfurt Duty Free",
        "retailer_url": "https://shop.frankfurt-airport.com/en-US/retailer/heinemann",
        "price": "\u20ac144.99",
        "price_per_quantity": "\u20ac144.99 / 100  ml",
        "description": "Essences of fresh ginger, coriander and cardamom ignite a bold opening trail that captures a new day rising over the American West. Vanilla tincture stokes a glowing leather accord \u2014 a sensual flame grounded in a landscape of rich amber and honeyed woods.Essences of fresh ginger, coriander and cardamom ignite a bold opening trail that captures a new day rising over the American West. Vanilla tincture stokes a glowing leather accord \u2014 a sensual flame grounded in a landscape of rich amber and honeyed woods.",
        "additional_information": "{\n    \"Order Amount\": \"100 ml\",\n    \"Target Gender\": \"Female\",\n    \"made in\": \"Switzerland\",\n    \"Type of Fragrance\": \"Eau De Toilette\",\n    \"Warning Hints\": \"Avoid eye contact. Keep away from direct heat and sunlight.\",\n    \"Item Number\": \"1648029\",\n    \"Product Series\": \"Signature\",\n    \"Net Weight\": \"0.1 kg\",\n    \"Package Height\": \"17.1 cm\",\n    \"Package Length\": \"8.7 cm\",\n    \"Package Width\": \"3.8 cm\"\n}"
    },
    {
        "product_name": "Tom Ford Noir Extreme Parfum 50 ml",
        "brand_name": "Tom Ford",
        "brand_url": "https://shop.frankfurt-airport.com/en-US/brand/tom-ford",
        "retailer_name": "Frankfurt Duty Free",
        "retailer_url": "https://shop.frankfurt-airport.com/en-US/retailer/heinemann",
        "price": "\u20ac144.99",
        "price_per_quantity": "\u20ac289.98 / 100  ml",
        "description": "A bold intensification of the original scent, NOIR EXTREME PARFUM merges amber, spices and woods, evoking the private, daring aspects of the Noir man.A bold intensification of the original scent, NOIR EXTREME PARFUM merges amber, spices and woods, evoking the private, daring aspects of the Noir man.",
        "additional_information": "{\n    \"Order Amount\": \"50 ml\",\n    \"Target Gender\": \"Male\",\n    \"made in\": \"Switzerland\",\n    \"Type of Fragrance\": \"Parfum\",\n    \"Warning Hints\": \"Avoid eye contact. Keep away from direct heat and sunlight.\",\n    \"Item Number\": \"1526121\",\n    \"Product Series\": \"Noir Extreme\",\n    \"Net Weight\": \"0.05 kg\",\n    \"Package Height\": \"8.6 cm\",\n    \"Package Length\": \"7.3 cm\",\n    \"Package Width\": \"4.2 cm\"\n}"
    },
    {
        "product_name": "TY, Squishy Beanie, minx reindeer",
        "brand_name": "TY",
        "brand_url": "https://shop.frankfurt-airport.com/en-US/brand/ty",
        "retailer_name": "Frankfurt Duty Free",
        "retailer_url": "https://shop.frankfurt-airport.com/en-US/retailer/heinemann",
        "price": "",
        "price_per_quantity": "",
        "description": "Part of the hugely popular Ty Squishy Beanie range. Plush fabric, highly tactile, brightly coloured, collectable soft toy.Part of the hugely popular Ty Squishy Beanie range. Plush fabric, highly tactile, brightly coloured, collectable soft toy.",
        "additional_information": "{\n    \"Warning Hints\": \"Plaese remove tag before play\",\n    \"Item Number\": \"1526558\",\n    \"Product Series\": \"Squish A Boo 35cm\",\n    \"Net Weight\": \"0.568 kg\",\n    \"Package Height\": \"3.5 cm\",\n    \"Package Length\": \"40 cm\",\n    \"Package Width\": \"34 cm\"\n}"
    },
    {
        "product_name": "Tom Ford Ombre Leather Juices Parfum 100 ml",
        "brand_name": "Tom Ford",
        "brand_url": "https://shop.frankfurt-airport.com/en-US/brand/tom-ford",
        "retailer_name": "Frankfurt Duty Free",
        "retailer_url": "https://shop.frankfurt-airport.com/en-US/retailer/heinemann",
        "price": "\u20ac199.99",
        "price_per_quantity": "\u20ac199.99 / 100  ml",
        "description": "A distinct floral leather, Ombr\u00e9 Leather Parfum magnifies the original fragrance, merging black leather with powerfulviolet leaf and sensual cedarwood laced with a hint of greentobaccoA distinct floral leather, Ombr\u00e9 Leather Parfum magnifies the original fragrance, merging black leather with powerfulviolet leaf and sensual cedarwood laced with a hint of greentobacco",
        "additional_information": "{\n    \"Order Amount\": \"100 ml\",\n    \"Target Gender\": \"Female\",\n    \"made in\": \"Switzerland\",\n    \"Type of Fragrance\": \"Parfum\",\n    \"Warning Hints\": \"Avoid eye contact. Keep away from direct heat and sunlight.\",\n    \"Item Number\": \"1493391\",\n    \"Product Series\": \"Ombre Leather\",\n    \"Net Weight\": \"0.1 kg\",\n    \"Package Height\": \"11.8 cm\",\n    \"Package Length\": \"7.6 cm\",\n    \"Package Width\": \"7.2 cm\"\n}"
    },
    {
        "product_name": "Tom Ford Private Blend Vanilla Sex Eau de Parfum 50 ml",
        "brand_name": "Tom Ford",
        "brand_url": "https://shop.frankfurt-airport.com/en-US/brand/tom-ford",
        "retailer_name": "Frankfurt Duty Free",
        "retailer_url": "https://shop.frankfurt-airport.com/en-US/retailer/heinemann",
        "price": "\u20ac319.99",
        "price_per_quantity": "\u20ac639.98 / 100  ml",
        "description": "Addictive by nature, glamorous by design, a captivating interplay of deep and bright vanilla notes star in VANILLA SEX. An unforgettable experience, VANILLA SEX is an icon of sensual pleasure that is far from innocent.Addictive by nature, glamorous by design, a captivating interplay of deep and bright vanilla notes star in VANILLA SEX. An unforgettable experience, VANILLA SEX is an icon of sensual pleasure that is far from innocent.",
        "additional_information": "{\n    \"Order Amount\": \"50 ml\",\n    \"Target Gender\": \"Female\",\n    \"made in\": \"Usa\",\n    \"Type of Fragrance\": \"Eau De Parfum\",\n    \"Warning Hints\": \"Avoid eye contact. Keep away from direct heat and sunlight.\",\n    \"Item Number\": \"1622365\",\n    \"Product Series\": \"Private Blend\",\n    \"Net Weight\": \"0.05 kg\",\n    \"Package Height\": \"13 cm\",\n    \"Package Length\": \"5 cm\",\n    \"Package Width\": \"5 cm\"\n}"
    },
    {
        "product_name": "Tom Ford Private Blend Myrrhe Mystre Eau de Parfum 50 ml",
        "brand_name": "Tom Ford",
        "brand_url": "https://shop.frankfurt-airport.com/en-US/brand/tom-ford",
        "retailer_name": "Frankfurt Duty Free",
        "retailer_url": "https://shop.frankfurt-airport.com/en-US/retailer/heinemann",
        "price": "\u20ac299.99",
        "price_per_quantity": "\u20ac599.98 / 100  ml",
        "description": "Myrrhe Myst\u00e8re captures a richly luminous aura, unlocking the senses through powerfully grounding myrrh essences and a modern Ultra-Vanille accord.Myrrhe Myst\u00e8re captures a richly luminous aura, unlocking the senses through powerfully grounding myrrh essences and a modern Ultra-Vanille accord.",
        "additional_information": "{\n    \"Order Amount\": \"50 ml\",\n    \"Target Gender\": \"Male\",\n    \"made in\": \"Usa\",\n    \"Type of Fragrance\": \"Eau De Parfum\",\n    \"Warning Hints\": \"Please be aware that ingredient lists may change or vary from time to time. Please refer to the ingredient list on the product package you receive for the most up to date list of ingredients.\",\n    \"Item Number\": \"1584127\",\n    \"Product Series\": \"Private Blend\",\n    \"Net Weight\": \"0.05 kg\",\n    \"Package Height\": \"13.1 cm\",\n    \"Package Length\": \"4.9 cm\",\n    \"Package Width\": \"4.9 cm\"\n}"
    },
    {
        "product_name": "Tom Ford Beauty Oud Wood Eau de Parfum Set",
        "brand_name": "Tom Ford",
        "brand_url": "https://shop.frankfurt-airport.com/en-US/brand/tom-ford",
        "retailer_name": "Frankfurt Duty Free",
        "retailer_url": "https://shop.frankfurt-airport.com/en-US/retailer/heinemann",
        "price": "\u20ac239.99",
        "price_per_quantity": "",
        "description": "Gift Oud Wood, a modern masterpiece. This amber woody scent features oud notes, woods and spice. The gift set features 50mL eau de parfum bottle and 10mL travel spray.Gift Oud Wood, a modern masterpiece. This amber woody scent features oud notes, woods and spice. The gift set features 50mL eau de parfum bottle and 10mL travel spray.",
        "additional_information": "{\n    \"Target Gender\": \"Female\",\n    \"made in\": \"Usa\",\n    \"Warning Hints\": \"Avoid eye contact. Keep away from direct heat and sunlight.\",\n    \"Item Number\": \"1658584\",\n    \"Product Series\": \"Private Blend\",\n    \"Net Weight\": \"0.06 kg\",\n    \"Package Height\": \"15.1 cm\",\n    \"Package Length\": \"5 cm\",\n    \"Package Width\": \"15.2 cm\"\n}"
    },
    {
        "product_name": "Tom Ford Rose Prick Eau de Parfum 50 ml",
        "brand_name": "Tom Ford",
        "brand_url": "https://shop.frankfurt-airport.com/en-US/brand/tom-ford",
        "retailer_name": "Frankfurt Duty Free",
        "retailer_url": "https://shop.frankfurt-airport.com/en-US/retailer/heinemann",
        "price": "\u20ac319.99",
        "price_per_quantity": "\u20ac639.98 / 100  ml",
        "description": "Flesh. Petals. Thorns Inspired by Tom Ford\u2019s private rose garden, Rose Prick is a wild bouquet of beautiful breeds of rose; Rose de Mai, Turkish and Bulgarian. Sharp and pristine, a bonding of blooms in pink perfection. A rose by any other name, wouldn\u2019t be Tom Ford.Flesh. Petals. Thorns Inspired by Tom Ford\u2019s private rose garden, Rose Prick is a wild bouquet of beautiful breeds of rose; Rose de Mai, Turkish and Bulgarian. Sharp and pristine, a bonding of blooms in pink perfection. A rose by any other name, wouldn\u2019t be Tom Ford.",
        "additional_information": "{\n    \"Order Amount\": \"50 ml\",\n    \"Target Gender\": \"Female\",\n    \"made in\": \"Usa\",\n    \"Type of Fragrance\": \"Eau De Parfum\",\n    \"Warning Hints\": \"Avoid eye contact. Keep away from direct heat and sunlight.\",\n    \"Item Number\": \"1438508\",\n    \"Product Series\": \"Private Blend\",\n    \"Net Weight\": \"0.05 kg\",\n    \"Package Height\": \"10.25 cm\",\n    \"Package Length\": \"4.5 cm\",\n    \"Package Width\": \"4.5 cm\"\n}"
    },
    {
        "product_name": "Tom Ford Grey Vetiver Parfum 100 ml",
        "brand_name": "Tom Ford",
        "brand_url": "https://shop.frankfurt-airport.com/en-US/brand/tom-ford",
        "retailer_name": "Frankfurt Duty Free",
        "retailer_url": "https://shop.frankfurt-airport.com/en-US/retailer/heinemann",
        "price": "\u20ac239.99",
        "price_per_quantity": "\u20ac239.99 / 100  ml",
        "description": "A bolder iteration of the original scent, GREY VETIVER PARFUM is inspired by Tom Ford's impeccable tailoring and styling. A trio of sustainably sourced, sunlit vetivers exudes intense radiance - as fresh orange blossom gives way to saffron, the world's most expensive spice, adding a nuanced luster.GREY VETIVER PARFUM elicits the essence of debonair masculinity, merging natural, sustainably sourced vetiver with warm orange flower and rich spices.\"If you go into our stores, grey is the color of the packaging, our carpets, and our walls; in a sense it's the Tom Ford color. The idea was to convey a cool, silvery, very refined vetiver.\" -TOM FORDA bolder iteration of the original scent, GREY VETIVER PARFUM is inspired by Tom Ford's impeccable tailoring and styling. A trio of sustainably sourced, sunlit vetivers exudes intense radiance - as fresh orange blossom gives way to saffron, the world's most expensive spice, adding a nuanced luster.GREY VETIVER PARFUM elicits the essence of debonair masculinity, merging natural, sustainably sourced vetiver with warm orange flower and rich spices.\"If you go into our stores, grey is the color of the packaging, our carpets, and our walls; in a sense it's the Tom Ford color. The idea was to convey a cool, silvery, very refined vetiver.\" -TOM FORD",
        "additional_information": "{\n    \"Order Amount\": \"100 ml\",\n    \"Target Gender\": \"Male\",\n    \"made in\": \"Switzerland\",\n    \"Type of Fragrance\": \"Parfum\",\n    \"Warning Hints\": \"Avoid eye contact. Keep away from direct heat and sunlight.\",\n    \"Item Number\": \"1573053\",\n    \"Product Series\": \"Grey Vetiver\",\n    \"Net Weight\": \"0.1 kg\",\n    \"Package Height\": \"16.9 cm\",\n    \"Package Length\": \"8.7 cm\",\n    \"Package Width\": \"3.9 cm\"\n}"
    },
    {
        "product_name": "Tom Ford White Suede Eau de Parfum 100 ml",
        "brand_name": "Tom Ford",
        "brand_url": "https://shop.frankfurt-airport.com/en-US/brand/tom-ford",
        "retailer_name": "Frankfurt Duty Free",
        "retailer_url": "https://shop.frankfurt-airport.com/en-US/retailer/heinemann",
        "price": "\u20ac349.99",
        "price_per_quantity": "\u20ac349.99 / 100  ml",
        "description": "Wild. Charming. Irresistible. To Tom Ford, leather and suede have a powerfully addictive pull. In this elegant musk-inspired fragrance, he captures the primal essence of these supple, sensual, materials, giving them beautiful new dimension with a surprising musk medley that is heightened with velvety rose and warm amber.Wild. Charming. Irresistible. To Tom Ford, leather and suede have a powerfully addictive pull. In this elegant musk-inspired fragrance, he captures the primal essence of these supple, sensual, materials, giving them beautiful new dimension with a surprising musk medley that is heightened with velvety rose and warm amber.",
        "additional_information": "{\n    \"Order Amount\": \"100 ml\",\n    \"Target Gender\": \"Female\",\n    \"made in\": \"Usa\",\n    \"Type of Fragrance\": \"Eau De Parfum\",\n    \"Warning Hints\": \"Avoid eye contact. Keep away from direct heat and sunlight.\",\n    \"Item Number\": \"1438502\",\n    \"Product Series\": \"Private Blend\",\n    \"Net Weight\": \"0.1 kg\",\n    \"Package Height\": \"14.6 cm\",\n    \"Package Length\": \"6.8 cm\",\n    \"Package Width\": \"4.4 cm\"\n}"
    },
    {
        "product_name": "Tom Ford Noir Extreme Parfum 100 ml",
        "brand_name": "Tom Ford",
        "brand_url": "https://shop.frankfurt-airport.com/en-US/brand/tom-ford",
        "retailer_name": "Frankfurt Duty Free",
        "retailer_url": "https://shop.frankfurt-airport.com/en-US/retailer/heinemann",
        "price": "\u20ac199.99",
        "price_per_quantity": "\u20ac199.99 / 100  ml",
        "description": "A bold intensification of the original scent, NOIR EXTREME PARFUM merges amber, spices and woods, evoking the private, daring aspects of the Noir man.A bold intensification of the original scent, NOIR EXTREME PARFUM merges amber, spices and woods, evoking the private, daring aspects of the Noir man.",
        "additional_information": "{\n    \"Order Amount\": \"100 ml\",\n    \"Target Gender\": \"Male\",\n    \"made in\": \"Switzerland\",\n    \"Type of Fragrance\": \"Parfum\",\n    \"Warning Hints\": \"Avoid eye contact. Keep away from direct heat and sunlight.\",\n    \"Item Number\": \"1525746\",\n    \"Product Series\": \"Noir Extreme\",\n    \"Net Weight\": \"0.1 kg\",\n    \"Package Height\": \"12.4 cm\",\n    \"Package Length\": \"7.3 cm\",\n    \"Package Width\": \"4.3 cm\"\n}"
    },
    {
        "product_name": "Tom Ford Private Blend Azure Lime Eau de Parfum 50 ml",
        "brand_name": "Tom Ford",
        "brand_url": "https://shop.frankfurt-airport.com/en-US/brand/tom-ford",
        "retailer_name": "Frankfurt Duty Free",
        "retailer_url": "https://shop.frankfurt-airport.com/en-US/retailer/heinemann",
        "price": "\u20ac239.99",
        "price_per_quantity": "\u20ac479.98 / 100  ml",
        "description": "A casually elegant scent that evolves with tasteful sophistication. This citrus chypre fragrance evokes relaxed, yet refined style with a lime water infusion accord, green aromatics, and sensual sandalwood.A casually elegant scent that evolves with tasteful sophistication. This citrus chypre fragrance evokes relaxed, yet refined style with a lime water infusion accord, green aromatics, and sensual sandalwood.",
        "additional_information": "{\n    \"Order Amount\": \"50 ml\",\n    \"Target Gender\": \"Male\",\n    \"made in\": \"Usa\",\n    \"Type of Fragrance\": \"Eau De Parfum\",\n    \"Warning Hints\": \"Avoid eye contact. Keep away from direct heat and sunlight.\",\n    \"Item Number\": \"1609508\",\n    \"Product Series\": \"Private Blend\",\n    \"Net Weight\": \"0.05 kg\",\n    \"Package Height\": \"13.2 cm\",\n    \"Package Length\": \"5 cm\",\n    \"Package Width\": \"5 cm\"\n}"
    },
    {
        "product_name": "Tom Ford Grey Vetiver Parfum 50 ml",
        "brand_name": "Tom Ford",
        "brand_url": "https://shop.frankfurt-airport.com/en-US/brand/tom-ford",
        "retailer_name": "Frankfurt Duty Free",
        "retailer_url": "https://shop.frankfurt-airport.com/en-US/retailer/heinemann",
        "price": "\u20ac169.99",
        "price_per_quantity": "\u20ac339.98 / 100  ml",
        "description": "A bolder iteration of the original scent, GREY VETIVER PARFUM is inspired by Tom Ford's impeccable tailoring and styling. A trio of sustainably sourced, sunlit vetivers exudes intense radiance - as fresh orange blossom gives way to saffron, the world's most expensive spice, adding a nuanced luster.GREY VETIVER PARFUM elicits the essence of debonair masculinity, merging natural, sustainably sourced vetiver with warm orange flower and rich spices.\"If you go into our stores, grey is the color of the packaging, our carpets, and our walls; in a sense it's the Tom Ford color. The idea was to convey a cool, silvery, very refined vetiver.\" -TOM FORDA bolder iteration of the original scent, GREY VETIVER PARFUM is inspired by Tom Ford's impeccable tailoring and styling. A trio of sustainably sourced, sunlit vetivers exudes intense radiance - as fresh orange blossom gives way to saffron, the world's most expensive spice, adding a nuanced luster.GREY VETIVER PARFUM elicits the essence of debonair masculinity, merging natural, sustainably sourced vetiver with warm orange flower and rich spices.\"If you go into our stores, grey is the color of the packaging, our carpets, and our walls; in a sense it's the Tom Ford color. The idea was to convey a cool, silvery, very refined vetiver.\" -TOM FORD",
        "additional_information": "{\n    \"Order Amount\": \"50 ml\",\n    \"Target Gender\": \"Male\",\n    \"made in\": \"Switzerland\",\n    \"Type of Fragrance\": \"Parfum\",\n    \"Warning Hints\": \"Avoid eye contact. Keep away from direct heat and sunlight.\",\n    \"Item Number\": \"1572936\",\n    \"Product Series\": \"Grey Vetiver\",\n    \"Net Weight\": \"0.05 kg\",\n    \"Package Height\": \"14.7 cm\",\n    \"Package Length\": \"7.3 cm\",\n    \"Package Width\": \"3.6 cm\"\n}"
    },
    {
        "product_name": "Tom Ford Bitter Peach Juices Eau de Parfum 50 ml",
        "brand_name": "Tom Ford",
        "brand_url": "https://shop.frankfurt-airport.com/en-US/brand/tom-ford",
        "retailer_name": "Frankfurt Duty Free",
        "retailer_url": "https://shop.frankfurt-airport.com/en-US/retailer/heinemann",
        "price": "\u20ac319.99",
        "price_per_quantity": "\u20ac639.98 / 100  ml",
        "description": "Intoxicating P\u00eache de Vigne and Sicilian Blood Orange Oil release the slick sweetness of Bitter Peach at its luscious peak. A sensual heart is revealed through rum-infused Davana Oil, while a surge of Patchouli lures senses to the furthest reaches of inner sensuality and abandon.Intoxicating P\u00eache de Vigne and Sicilian Blood Orange Oil release the slick sweetness of Bitter Peach at its luscious peak. A sensual heart is revealed through rum-infused Davana Oil, while a surge of Patchouli lures senses to the furthest reaches of inner sensuality and abandon.",
        "additional_information": "{\n    \"Order Amount\": \"50 ml\",\n    \"Target Gender\": \"Female\",\n    \"made in\": \"Usa\",\n    \"Type of Fragrance\": \"Eau De Parfum\",\n    \"Warning Hints\": \"Avoid eye contact. Keep away from direct heat and sunlight.\",\n    \"Item Number\": \"1473373\",\n    \"Product Series\": \"Private Blend\",\n    \"Net Weight\": \"0.05 kg\",\n    \"Package Height\": \"13 cm\",\n    \"Package Length\": \"5 cm\",\n    \"Package Width\": \"5 cm\"\n}"
    },
    {
        "product_name": "Tom Ford Black Orchid Eau de Toilette 100 ml",
        "brand_name": "Tom Ford",
        "brand_url": "https://shop.frankfurt-airport.com/en-US/brand/tom-ford",
        "retailer_name": "Frankfurt Duty Free",
        "retailer_url": "https://shop.frankfurt-airport.com/en-US/retailer/heinemann",
        "price": "\u20ac144.99",
        "price_per_quantity": "\u20ac144.99 / 100  ml",
        "description": "ICONIC. ELUSIVE. SPARKLING. EXPOSING ITSELF AT FIRST MOMENT, BLACK ORCHID EAU DE TOILETTE IS A DISTINCTLY DIFFERENT ENCOUNTER. EXPERIENCE THE SEDUCTIVE BREAKTHROUGH IN A NEW LIGHT WITH ITS OWN OLFACTIVE JOURNEY. LONG-LASTING WITH A MORE OPEN, IMMEDIATE EXPRESSION, THE CUSTOM-GROWN TOM FORD BLACK ORCHID INSTANTLY TAKES CENTER STAGE, INVITING YOU INSIDE IN A WAY NEVER BEFORE EXPERIENCED IN THE CLASSIC SIGNATURE FRAGRANCE. THE INITIAL IMPRESSION IS EXPLICITLY PRONOUNCED WITH THE SPARKLING, PETAL-RICH TUBEROSE REVEALING ITS FULL FLORALCY FROM THE START.ICONIC. ELUSIVE. SPARKLING. EXPOSING ITSELF AT FIRST MOMENT, BLACK ORCHID EAU DE TOILETTE IS A DISTINCTLY DIFFERENT ENCOUNTER. EXPERIENCE THE SEDUCTIVE BREAKTHROUGH IN A NEW LIGHT WITH ITS OWN OLFACTIVE JOURNEY. LONG-LASTING WITH A MORE OPEN, IMMEDIATE EXPRESSION, THE CUSTOM-GROWN TOM FORD BLACK ORCHID INSTANTLY TAKES CENTER STAGE, INVITING YOU INSIDE IN A WAY NEVER BEFORE EXPERIENCED IN THE CLASSIC SIGNATURE FRAGRANCE. THE INITIAL IMPRESSION IS EXPLICITLY PRONOUNCED WITH THE SPARKLING, PETAL-RICH TUBEROSE REVEALING ITS FULL FLORALCY FROM THE START.",
        "additional_information": "{\n    \"Order Amount\": \"100 ml\",\n    \"Target Gender\": \"Female\",\n    \"made in\": \"Switzerland\",\n    \"Type of Fragrance\": \"Eau De Toilette\",\n    \"Warning Hints\": \"Avoid eye contact. Keep away from direct heat and sunlight.\",\n    \"Item Number\": \"1565116\",\n    \"Product Series\": \"Black Orchid\",\n    \"Net Weight\": \"0.1 kg\",\n    \"Package Height\": \"17 cm\",\n    \"Package Length\": \"4.5 cm\",\n    \"Package Width\": \"9 cm\"\n}"
    },
    {
        "product_name": "Tom Ford Black Orchid Juices 100 ml",
        "brand_name": "Tom Ford",
        "brand_url": "https://shop.frankfurt-airport.com/en-US/brand/tom-ford",
        "retailer_name": "Frankfurt Duty Free",
        "retailer_url": "https://shop.frankfurt-airport.com/en-US/retailer/heinemann",
        "price": "\u20ac219.99",
        "price_per_quantity": "\u20ac219.99 / 100  ml",
        "description": "The most potent version of Black Orchid ever made, Black Orchid Parfum amplifies the iconic sensuality of the original. Its aphrodisiac effect elevates the most elusive and darkest of flowers to powerfully seductive new heights \u2013 revealing a magnified signature of potent ylang-ylang flowers dipped in golden rum.The most potent version of Black Orchid ever made, Black Orchid Parfum amplifies the iconic sensuality of the original. Its aphrodisiac effect elevates the most elusive and darkest of flowers to powerfully seductive new heights \u2013 revealing a magnified signature of potent ylang-ylang flowers dipped in golden rum.",
        "additional_information": "{\n    \"Order Amount\": \"100 ml\",\n    \"Target Gender\": \"Female\",\n    \"made in\": \"Switzerland\",\n    \"Type of Fragrance\": \"Parfum\",\n    \"Warning Hints\": \"Avoid eye contact. Keep away from direct heat and sunlight.\",\n    \"Item Number\": \"1472924\",\n    \"Product Series\": \"Black Orchid\",\n    \"Net Weight\": \"0.1 kg\",\n    \"Package Height\": \"17 cm\",\n    \"Package Length\": \"9 cm\",\n    \"Package Width\": \"4 cm\"\n}"
    },
    {
        "product_name": "Tom Ford Fabulous Eau de Parfum 100 ml",
        "brand_name": "Tom Ford",
        "brand_url": "https://shop.frankfurt-airport.com/en-US/brand/tom-ford",
        "retailer_name": "Frankfurt Duty Free",
        "retailer_url": "https://shop.frankfurt-airport.com/en-US/retailer/heinemann",
        "price": "\u20ac399.99",
        "price_per_quantity": "\u20ac399.99 / 100  ml",
        "description": "Tom Ford's iconoclastic leather scent is spicy, warm and decadent. A gourmand almond and iris heart imbue textural richness to the luscious leather, intensified by floral orris accord. The effect is so exquisitely beautiful, no other name would do.Tom Ford's iconoclastic leather scent is spicy, warm and decadent. A gourmand almond and iris heart imbue textural richness to the luscious leather, intensified by floral orris accord. The effect is so exquisitely beautiful, no other name would do.",
        "additional_information": "{\n    \"Order Amount\": \"100 ml\",\n    \"Target Gender\": \"Female\",\n    \"made in\": \"Usa\",\n    \"Type of Fragrance\": \"Eau De Parfum\",\n    \"Warning Hints\": \"Avoid eye contact. Keep away from direct heat and sunlight.\",\n    \"Item Number\": \"1438501\",\n    \"Product Series\": \"Private Blend\",\n    \"Net Weight\": \"0.1 kg\",\n    \"Package Height\": \"14.6 cm\",\n    \"Package Length\": \"6.8 cm\",\n    \"Package Width\": \"4.6 cm\"\n}"
    },
    {
        "product_name": "Tom Ford Beau De Jour Eau de Parfum 100 ml",
        "brand_name": "Tom Ford",
        "brand_url": "https://shop.frankfurt-airport.com/en-US/brand/tom-ford",
        "retailer_name": "Frankfurt Duty Free",
        "retailer_url": "https://shop.frankfurt-airport.com/en-US/retailer/heinemann",
        "price": "\u20ac169.99",
        "price_per_quantity": "\u20ac169.99 / 100  ml",
        "description": "\"Classic. Sharp. Maverick. Beau de Jour presents the perfectly groomed gentleman who considers every detail. He exhibits the best version of himself to the world, but beneath the surface is something deeper, refreshing and sublime in all its layers. A fresh, commanding entrance of Lavender from Provence introduces the clean and fervent facets of the Beau de Jour scent. The cool and refreshing open is further amplified with an infusion of an energetic hybrid of lavenders. The core beats with the herbal inflection  of African Rosemary and floral green Geranium with its subtle mint inflection, a powerful contrast to the leather-like warmth of Oakmoss and the electric green of Basil. Patchouli and Amber create an earthy foundation of radiant wood and sensual musky warmth, further elevating Beau de Jour\u2019s refreshing notion of masculinity through the finish. \"\"Classic. Sharp. Maverick. Beau de Jour presents the perfectly groomed gentleman who considers every detail. He exhibits the best version of himself to the world, but beneath the surface is something deeper, refreshing and sublime in all its layers. A fresh, commanding entrance of Lavender from Provence introduces the clean and fervent facets of the Beau de Jour scent. The cool and refreshing open is further amplified with an infusion of an energetic hybrid of lavenders. The core beats with the herbal inflection  of African Rosemary and floral green Geranium with its subtle mint inflection, a powerful contrast to the leather-like warmth of Oakmoss and the electric green of Basil. Patchouli and Amber create an earthy foundation of radiant wood and sensual musky warmth, further elevating Beau de Jour\u2019s refreshing notion of masculinity through the finish. \"",
        "additional_information": "{\n    \"Order Amount\": \"100 ml\",\n    \"Target Gender\": \"Male\",\n    \"made in\": \"Switzerland\",\n    \"Type of Fragrance\": \"Eau De Parfum\",\n    \"Warning Hints\": \"Avoid eye contact. Keep away from direct heat and sunlight.\",\n    \"Item Number\": \"1439770\",\n    \"Product Series\": \"Beau de Jour\",\n    \"Net Weight\": \"0.1 kg\",\n    \"Package Height\": \"11.4 cm\",\n    \"Package Length\": \"7.5 cm\",\n    \"Package Width\": \"7.2 cm\"\n}"
    },
    {
        "product_name": "Tom Ford Black Orchid Eau de Parfum 150 ml",
        "brand_name": "Tom Ford",
        "brand_url": "https://shop.frankfurt-airport.com/en-US/brand/tom-ford",
        "retailer_name": "Frankfurt Duty Free",
        "retailer_url": "https://shop.frankfurt-airport.com/en-US/retailer/heinemann",
        "price": "\u20ac229.99",
        "price_per_quantity": "\u20ac153.33 / 100  ml",
        "description": "Black Orchid Eau de Parfum opens with aphrodisiac black truffle and sparkling ylang ylang\u2014touched with effervescent bergamot and bitter orange. Rum-soaked black plum surrounds the black orchid accord in golden sensuality, while woody patchouli and creamy vanilla wrap the orchid in rich warmth.Black Orchid Eau de Parfum opens with aphrodisiac black truffle and sparkling ylang ylang\u2014touched with effervescent bergamot and bitter orange. Rum-soaked black plum surrounds the black orchid accord in golden sensuality, while woody patchouli and creamy vanilla wrap the orchid in rich warmth.",
        "additional_information": "{\n    \"Order Amount\": \"150 ml\",\n    \"Target Gender\": \"Female\",\n    \"made in\": \"Switzerland\",\n    \"Type of Fragrance\": \"Eau De Parfum\",\n    \"Warning Hints\": \"Please be aware that ingredient lists may change or vary from time to time. Please refer to the ingredient list on the product package you receive for the most up-to-date list of ingredients.\",\n    \"Item Number\": \"1565235\",\n    \"Product Series\": \"Black Orchid\",\n    \"Net Weight\": \"0.15 kg\",\n    \"Package Height\": \"16.5 cm\",\n    \"Package Length\": \"5.5 cm\",\n    \"Package Width\": \"5.5 cm\"\n}"
    },
    {
        "product_name": "Tom Ford Black Orchid Juices 50 ml",
        "brand_name": "Tom Ford",
        "brand_url": "https://shop.frankfurt-airport.com/en-US/brand/tom-ford",
        "retailer_name": "Frankfurt Duty Free",
        "retailer_url": "https://shop.frankfurt-airport.com/en-US/retailer/heinemann",
        "price": "\u20ac154.99",
        "price_per_quantity": "\u20ac309.98 / 100  ml",
        "description": "The most potent version of Black Orchid ever made, Black Orchid Parfum amplifies the iconic sensuality of the original. Its aphrodisiac effect elevates the most elusive and darkest of flowers to powerfully seductive new heights \u2013 revealing a magnified signature of potent ylang-ylang flowers dipped in golden rum.The most potent version of Black Orchid ever made, Black Orchid Parfum amplifies the iconic sensuality of the original. Its aphrodisiac effect elevates the most elusive and darkest of flowers to powerfully seductive new heights \u2013 revealing a magnified signature of potent ylang-ylang flowers dipped in golden rum.",
        "additional_information": "{\n    \"Order Amount\": \"50 ml\",\n    \"Target Gender\": \"Female\",\n    \"made in\": \"Switzerland\",\n    \"Type of Fragrance\": \"Parfum\",\n    \"Warning Hints\": \"Avoid eye contact. Keep away from direct heat and sunlight.\",\n    \"Item Number\": \"1472926\",\n    \"Product Series\": \"Black Orchid\",\n    \"Net Weight\": \"0.05 kg\",\n    \"Package Height\": \"15 cm\",\n    \"Package Length\": \"8 cm\",\n    \"Package Width\": \"4 cm\"\n}"
    },
    {
        "product_name": "Tom Ford Private Blend Noir de Noir Eau de Parfum 50 ml",
        "brand_name": "Tom Ford",
        "brand_url": "https://shop.frankfurt-airport.com/en-US/brand/tom-ford",
        "retailer_name": "Frankfurt Duty Free",
        "retailer_url": "https://shop.frankfurt-airport.com/en-US/retailer/heinemann",
        "price": "\u20ac239.99",
        "price_per_quantity": "\u20ac479.98 / 100  ml",
        "description": "Dark. Sexy. Indulgent. Encompassing and celebrating the yin and the yang, this rich oriental scent reveals tom ford's feminine side.  rich feminine florals and the masculine earthiness of black truffle, vanilla, patchouli, oud wood, and tree moss add a warm sensuality to this dark chypre oriental.Dark. Sexy. Indulgent. Encompassing and celebrating the yin and the yang, this rich oriental scent reveals tom ford's feminine side.  rich feminine florals and the masculine earthiness of black truffle, vanilla, patchouli, oud wood, and tree moss add a warm sensuality to this dark chypre oriental.",
        "additional_information": "{\n    \"Order Amount\": \"50 ml\",\n    \"Target Gender\": \"Female\",\n    \"made in\": \"Usa\",\n    \"Type of Fragrance\": \"Eau De Parfum\",\n    \"Item Number\": \"1056699\",\n    \"Product Series\": \"Private Blend\",\n    \"Net Weight\": \"0.05 kg\",\n    \"Package Height\": \"13 cm\",\n    \"Package Length\": \"5 cm\",\n    \"Package Width\": \"5 cm\"\n}"
    },
    {
        "product_name": "Tom Ford Costa Azzurra Juices Eau de Parfum 50 ml",
        "brand_name": "Tom Ford",
        "brand_url": "https://shop.frankfurt-airport.com/en-US/brand/tom-ford",
        "retailer_name": "Frankfurt Duty Free",
        "retailer_url": "https://shop.frankfurt-airport.com/en-US/retailer/heinemann",
        "price": "\u20ac119.99",
        "price_per_quantity": "\u20ac239.98 / 100  ml",
        "description": "Costa Azzurra captures the easy sensuality of a purely uninhibited escape. The exhilarating aroma of sea air, fresh aromatic notes, evergreens and citrus set the scene and mingle with deeper woody scents \u2014 a crisp medley of cypress, oaks and aromatics.Costa Azzurra captures the easy sensuality of a purely uninhibited escape. The exhilarating aroma of sea air, fresh aromatic notes, evergreens and citrus set the scene and mingle with deeper woody scents \u2014 a crisp medley of cypress, oaks and aromatics.",
        "additional_information": "{\n    \"Order Amount\": \"50 ml\",\n    \"Target Gender\": \"Male\",\n    \"made in\": \"Switzerland\",\n    \"Type of Fragrance\": \"Eau De Parfum\",\n    \"Warning Hints\": \"Avoid eye contact. Keep away from direct heat and sunlight.\",\n    \"Item Number\": \"1473376\",\n    \"Product Series\": \"Costa Azzurra\",\n    \"Net Weight\": \"0.05 kg\",\n    \"Package Height\": \"8.9 cm\",\n    \"Package Length\": \"6.8 cm\",\n    \"Package Width\": \"7 cm\"\n}"
    },
    {
        "product_name": "Tom Ford Noir Eau de Parfum 100 ml",
        "brand_name": "Tom Ford",
        "brand_url": "https://shop.frankfurt-airport.com/en-US/brand/tom-ford",
        "retailer_name": "Frankfurt Duty Free",
        "retailer_url": "https://shop.frankfurt-airport.com/en-US/retailer/heinemann",
        "price": "\u20ac169.99",
        "price_per_quantity": "\u20ac169.99 / 100  ml",
        "description": "Tom Ford Noir Eau de Toilette presents a dynamic new expression of noir as pure citrus oils and herbal notes come to the forefront, brightened, and heightened in their impact. An olfactory portrait of cool and unstudied confidence that hints at carnal sensuality beneath the surface, it offers a fresh and energized way to wear the Tom Ford Noir fragrance.Tom Ford Noir Eau de Toilette presents a dynamic new expression of noir as pure citrus oils and herbal notes come to the forefront, brightened, and heightened in their impact. An olfactory portrait of cool and unstudied confidence that hints at carnal sensuality beneath the surface, it offers a fresh and energized way to wear the Tom Ford Noir fragrance.",
        "additional_information": "{\n    \"Order Amount\": \"100 ml\",\n    \"Target Gender\": \"Male\",\n    \"made in\": \"Switzerland\",\n    \"Type of Fragrance\": \"Eau De Parfum\",\n    \"Item Number\": \"1001483\",\n    \"Product Series\": \"Noir\",\n    \"Net Weight\": \"0.1 kg\",\n    \"Package Height\": \"12.5 cm\",\n    \"Package Length\": \"7.5 cm\",\n    \"Package Width\": \"4.5 cm\"\n}"
    },
    {
        "product_name": "Tom Ford Eyes Micro Eyebrow Pencil N 01 Blonde",
        "brand_name": "Tom Ford",
        "brand_url": "https://shop.frankfurt-airport.com/en-US/brand/tom-ford",
        "retailer_name": "Frankfurt Duty Free",
        "retailer_url": "https://shop.frankfurt-airport.com/en-US/retailer/heinemann",
        "price": "\u20ac54.99",
        "price_per_quantity": "\u20ac10,998.00 / 100  g",
        "description": "The TOM FORD Architecture Brow Pencil enhances facial dimension by defining brows with clear-cut precision. The structured shape of the pencil tip allows for hair-like strokes that create a custom-tailored brow look.The TOM FORD Architecture Brow Pencil enhances facial dimension by defining brows with clear-cut precision. The structured shape of the pencil tip allows for hair-like strokes that create a custom-tailored brow look.",
        "additional_information": "{\n    \"Order Amount\": \"0.5 g\",\n    \"made in\": \"Korea \\u2013 Republic Of\",\n    \"Warning Hints\": \"Avoid eye contact. Keep away from direct heat and sunlight.\",\n    \"Item Number\": \"1682263\",\n    \"Manufacturer Color\": \"Blonde\",\n    \"Product Series\": \"Eyes\",\n    \"Net Weight\": \"0.001 kg\",\n    \"Package Height\": \"15 cm\",\n    \"Package Length\": \"2.2 cm\",\n    \"Package Width\": \"1.3 cm\"\n}"
    },
    {
        "product_name": "Tom Ford Eyes Micro Eyebrow Pencil N 05 Granite",
        "brand_name": "Tom Ford",
        "brand_url": "https://shop.frankfurt-airport.com/en-US/brand/tom-ford",
        "retailer_name": "Frankfurt Duty Free",
        "retailer_url": "https://shop.frankfurt-airport.com/en-US/retailer/heinemann",
        "price": "\u20ac54.99",
        "price_per_quantity": "\u20ac10,998.00 / 100  g",
        "description": "The TOM FORD Architecture Brow Pencil enhances facial dimension by defining brows with clear-cut precision. The structured shape of the pencil tip allows for hair-like strokes that create a custom-tailored brow look.The TOM FORD Architecture Brow Pencil enhances facial dimension by defining brows with clear-cut precision. The structured shape of the pencil tip allows for hair-like strokes that create a custom-tailored brow look.",
        "additional_information": "{\n    \"Order Amount\": \"0.5 g\",\n    \"made in\": \"Korea \\u2013 Republic Of\",\n    \"Warning Hints\": \"Avoid eye contact. Keep away from direct heat and sunlight.\",\n    \"Item Number\": \"1682272\",\n    \"Manufacturer Color\": \"Granite\",\n    \"Product Series\": \"Eyes\",\n    \"Net Weight\": \"0.001 kg\",\n    \"Package Height\": \"15 cm\",\n    \"Package Length\": \"2.2 cm\",\n    \"Package Width\": \"1.3 cm\"\n}"
    },
    {
        "product_name": "Tom Ford Lip Color Lipstick N 16 Scarlet Rouge",
        "brand_name": "Tom Ford",
        "brand_url": "https://shop.frankfurt-airport.com/en-US/brand/tom-ford",
        "retailer_name": "Frankfurt Duty Free",
        "retailer_url": "https://shop.frankfurt-airport.com/en-US/retailer/heinemann",
        "price": "\u20ac57.99",
        "price_per_quantity": "\u20ac1,656.86 / 100  g",
        "description": "More desirable than ever, new TOM FORD Runway Lip Color is invigorated with a blend of meadowfoam seed and tsubaki oils to hydrate and condition lips, protecting the lip barrier with their decadent emollience. With camelina and pomegranate seed oils envelops lips  in an ultra-creamy texture allowing for seamless glide. Featuring a range of inclusive shades: 01 Spanish Pink 03 Casablanca 05 Front Page 06 On Repeat 10 Cherry Lush 11 Stunner 13 Slip 14 Sable Smoke 15 Wild Ginger 16 Scarlet Rouge 17 Understated 18 Unzip 19 Runway Rose 69 Night Mauve 80 Impassioned N2 Dolce N3 West CoastMore desirable than ever, new TOM FORD Runway Lip Color is invigorated with a blend of meadowfoam seed and tsubaki oils to hydrate and condition lips, protecting the lip barrier with their decadent emollience. With camelina and pomegranate seed oils envelops lips  in an ultra-creamy texture allowing for seamless glide. Featuring a range of inclusive shades: 01 Spanish Pink 03 Casablanca 05 Front Page 06 On Repeat 10 Cherry Lush 11 Stunner 13 Slip 14 Sable Smoke 15 Wild Ginger 16 Scarlet Rouge 17 Understated 18 Unzip 19 Runway Rose 69 Night Mauve 80 Impassioned N2 Dolce N3 West Coast",
        "additional_information": "{\n    \"Order Amount\": \"3.5 g\",\n    \"made in\": \"Belgium\",\n    \"Warning Hints\": \"Avoid eye contact. Keep away from direct heat and sunlight.\",\n    \"Item Number\": \"1648013\",\n    \"Manufacturer Color\": \"No. 016 - Scarlet Rouge\",\n    \"Product Series\": \"Lip Color\",\n    \"Net Weight\": \"0.004 kg\",\n    \"Package Height\": \"7.8 cm\",\n    \"Package Length\": \"2.4 cm\",\n    \"Package Width\": \"2.6 cm\"\n}"
    },
    {
        "product_name": "Tom Ford Gloss Luxe Lip Gloss N 4 Exquise",
        "brand_name": "Tom Ford",
        "brand_url": "https://shop.frankfurt-airport.com/en-US/brand/tom-ford",
        "retailer_name": "Frankfurt Duty Free",
        "retailer_url": "https://shop.frankfurt-airport.com/en-US/retailer/heinemann",
        "price": "\u20ac57.99",
        "price_per_quantity": "\u20ac1,054.36 / 100  ml",
        "description": "Gloss Luxe delivers light-as-air, sheer-to-medium coverage with a high-shine finish. Infused with nourishing oils (including jojoba seed and avocado), the luxe gloss hydrates lips and imparts a full-looking, nearly-naked gleam.Gloss Luxe delivers light-as-air, sheer-to-medium coverage with a high-shine finish. Infused with nourishing oils (including jojoba seed and avocado), the luxe gloss hydrates lips and imparts a full-looking, nearly-naked gleam.",
        "additional_information": "{\n    \"Order Amount\": \"5.5 ml\",\n    \"made in\": \"Canada\",\n    \"Warning Hints\": \"Avoid eye contact. Keep away from direct heat and sunlight.\",\n    \"Item Number\": \"1622557\",\n    \"Manufacturer Color\": \"No. 04 - Exquise\",\n    \"Product Series\": \"Gloss Luxe\",\n    \"Net Weight\": \"0.006 kg\",\n    \"Package Height\": \"13.05 cm\",\n    \"Package Length\": \"2.35 cm\",\n    \"Package Width\": \"2.35 cm\"\n}"
    },
    {
        "product_name": "Tom Ford Eyes Micro Eyebrow Pencil N 03 Chestnut",
        "brand_name": "Tom Ford",
        "brand_url": "https://shop.frankfurt-airport.com/en-US/brand/tom-ford",
        "retailer_name": "Frankfurt Duty Free",
        "retailer_url": "https://shop.frankfurt-airport.com/en-US/retailer/heinemann",
        "price": "\u20ac54.99",
        "price_per_quantity": "\u20ac10,998.00 / 100  g",
        "description": "The TOM FORD Architecture Brow Pencil enhances facial dimension by defining brows with clear-cut precision. The structured shape of the pencil tip allows for hair-like strokes that create a custom-tailored brow look.The TOM FORD Architecture Brow Pencil enhances facial dimension by defining brows with clear-cut precision. The structured shape of the pencil tip allows for hair-like strokes that create a custom-tailored brow look.",
        "additional_information": "{\n    \"Order Amount\": \"0.5 g\",\n    \"made in\": \"Korea \\u2013 Republic Of\",\n    \"Warning Hints\": \"Avoid eye contact. Keep away from direct heat and sunlight.\",\n    \"Item Number\": \"1679990\",\n    \"Manufacturer Color\": \"Chestnut\",\n    \"Product Series\": \"Eyes\",\n    \"Net Weight\": \"0.001 kg\",\n    \"Package Height\": \"15 cm\",\n    \"Package Length\": \"2.2 cm\",\n    \"Package Width\": \"1.3 cm\"\n}"
    },
    {
        "product_name": "Tom Ford Lip Color Matte Lipstick N 45 Scarlet Rouge",
        "brand_name": "Tom Ford",
        "brand_url": "https://shop.frankfurt-airport.com/en-US/brand/tom-ford",
        "retailer_name": "Frankfurt Duty Free",
        "retailer_url": "https://shop.frankfurt-airport.com/en-US/retailer/heinemann",
        "price": "\u20ac57.99",
        "price_per_quantity": "\u20ac1,933.00 / 100  g",
        "description": "Velvet. Matte. Long-Wearing. Tom Ford Lip Color Matte creates a powerfully sophisticated look of unadulterated color. Formulated with a luxurious, velvet matte finish, the lip color matte smoothes comfortably onto the lips in a spectrum of richly pigmented hues from sensuous pink neutrals to alluring bolds.Velvet. Matte. Long-Wearing. Tom Ford Lip Color Matte creates a powerfully sophisticated look of unadulterated color. Formulated with a luxurious, velvet matte finish, the lip color matte smoothes comfortably onto the lips in a spectrum of richly pigmented hues from sensuous pink neutrals to alluring bolds.",
        "additional_information": "{\n    \"Order Amount\": \"3 g\",\n    \"made in\": \"Belgium\",\n    \"Warning Hints\": \"Avoid eye contact. Keep away from direct heat and sunlight.\",\n    \"Item Number\": \"1451868\",\n    \"Manufacturer Color\": \"No. 45 - Scarlet Rouge\",\n    \"Product Series\": \"Lip Color Matte\",\n    \"Net Weight\": \"0.003 kg\",\n    \"Package Height\": \"7.9 cm\",\n    \"Package Length\": \"2.7 cm\",\n    \"Package Width\": \"2.6 cm\"\n}"
    },
    {
        "product_name": "Tom Ford Eye Color Quad Eye Shadow Rose Topaz",
        "brand_name": "Tom Ford",
        "brand_url": "https://shop.frankfurt-airport.com/en-US/brand/tom-ford",
        "retailer_name": "Frankfurt Duty Free",
        "retailer_url": "https://shop.frankfurt-airport.com/en-US/retailer/heinemann",
        "price": "\u20ac79.99",
        "price_per_quantity": "\u20ac888.78 / 100  g",
        "description": "These creamy longwearing hues impeccably enhance eyes in one swipe. Rose Topaz offers ethereal neutrals, from gleaming cream to silver sparkle.These creamy longwearing hues impeccably enhance eyes in one swipe. Rose Topaz offers ethereal neutrals, from gleaming cream to silver sparkle.",
        "additional_information": "{\n    \"Order Amount\": \"9 g\",\n    \"made in\": \"Italy\",\n    \"Warning Hints\": \"Avoid eye contact. Keep away from direct heat and sunlight.\",\n    \"Item Number\": \"1507087\",\n    \"Manufacturer Color\": \"Rose Topaz\",\n    \"Product Series\": \"Eye Color Quad\",\n    \"Net Weight\": \"0.009 kg\",\n    \"Package Height\": \"2.3 cm\",\n    \"Package Length\": \"22.9 cm\",\n    \"Package Width\": \"16.9 cm\"\n}"
    },
    {
        "product_name": "Tom Ford Lip Color Lipstick N 03 Casablanca",
        "brand_name": "Tom Ford",
        "brand_url": "https://shop.frankfurt-airport.com/en-US/brand/tom-ford",
        "retailer_name": "Frankfurt Duty Free",
        "retailer_url": "https://shop.frankfurt-airport.com/en-US/retailer/heinemann",
        "price": "\u20ac57.99",
        "price_per_quantity": "\u20ac1,656.86 / 100  g",
        "description": "More desirable than ever, new TOM FORD Runway Lip Color is invigorated with a blend of meadowfoam seed and tsubaki oils to hydrate and condition lips, protecting the lip barrier with their decadent emollience. With camelina and pomegranate seed oils envelops lips  in an ultra-creamy texture allowing for seamless glide. Featuring a range of inclusive shades: 01 Spanish Pink 03 Casablanca 05 Front Page 06 On Repeat 10 Cherry Lush 11 Stunner 13 Slip 14 Sable Smoke 15 Wild Ginger 16 Scarlet Rouge 17 Understated 18 Unzip 19 Runway Rose 69 Night Mauve 80 Impassioned N2 Dolce N3 West CoastMore desirable than ever, new TOM FORD Runway Lip Color is invigorated with a blend of meadowfoam seed and tsubaki oils to hydrate and condition lips, protecting the lip barrier with their decadent emollience. With camelina and pomegranate seed oils envelops lips  in an ultra-creamy texture allowing for seamless glide. Featuring a range of inclusive shades: 01 Spanish Pink 03 Casablanca 05 Front Page 06 On Repeat 10 Cherry Lush 11 Stunner 13 Slip 14 Sable Smoke 15 Wild Ginger 16 Scarlet Rouge 17 Understated 18 Unzip 19 Runway Rose 69 Night Mauve 80 Impassioned N2 Dolce N3 West Coast",
        "additional_information": "{\n    \"Order Amount\": \"3.5 g\",\n    \"made in\": \"Belgium\",\n    \"Warning Hints\": \"Avoid eye contact. Keep away from direct heat and sunlight.\",\n    \"Item Number\": \"1648039\",\n    \"Manufacturer Color\": \"No. 003 - Casablanca\",\n    \"Product Series\": \"Lip Color\",\n    \"Net Weight\": \"0.004 kg\",\n    \"Package Height\": \"7.8 cm\",\n    \"Package Length\": \"2.4 cm\",\n    \"Package Width\": \"2.6 cm\"\n}"
    },
    {
        "product_name": "Tom Ford Gel Eyeliner Eye Liner N 2 Cocoa",
        "brand_name": "Tom Ford",
        "brand_url": "https://shop.frankfurt-airport.com/en-US/brand/tom-ford",
        "retailer_name": "Frankfurt Duty Free",
        "retailer_url": "https://shop.frankfurt-airport.com/en-US/retailer/heinemann",
        "price": "\u20ac39.99",
        "price_per_quantity": "\u20ac3,332.50 / 100  g",
        "description": "The new Gel Eyeliner lines eyes for enhanced definition, creating a customizable gaze.The new Gel Eyeliner lines eyes for enhanced definition, creating a customizable gaze.",
        "additional_information": "{\n    \"Order Amount\": \"1.2 g\",\n    \"made in\": \"Germany\",\n    \"Warning Hints\": \"Avoid eye contact. Keep away from direct heat and sunlight.\",\n    \"Item Number\": \"1648011\",\n    \"Manufacturer Color\": \"No. 2 - Cocoa\",\n    \"Product Series\": \"Gel Eyeliner\",\n    \"Net Weight\": \"0.001 kg\",\n    \"Package Height\": \"16.8 cm\",\n    \"Package Length\": \"2.1 cm\",\n    \"Package Width\": \"2.7 cm\"\n}"
    },
    {
        "product_name": "Tom Ford Lip Color Matte Lipstick N 47 Fascinator",
        "brand_name": "Tom Ford",
        "brand_url": "https://shop.frankfurt-airport.com/en-US/brand/tom-ford",
        "retailer_name": "Frankfurt Duty Free",
        "retailer_url": "https://shop.frankfurt-airport.com/en-US/retailer/heinemann",
        "price": "\u20ac57.99",
        "price_per_quantity": "\u20ac1,933.00 / 100  g",
        "description": "Velvet. Matte. Long-Wearing. Tom Ford Lip Color Matte creates a powerfully sophisticated look of unadulterated color. Formulated with a luxurious, velvet matte finish, the lip color matte smoothes comfortably onto the lips in a spectrum of richly pigmented hues from sensuous pink neutrals to alluring bolds.Velvet. Matte. Long-Wearing. Tom Ford Lip Color Matte creates a powerfully sophisticated look of unadulterated color. Formulated with a luxurious, velvet matte finish, the lip color matte smoothes comfortably onto the lips in a spectrum of richly pigmented hues from sensuous pink neutrals to alluring bolds.",
        "additional_information": "{\n    \"Order Amount\": \"3 g\",\n    \"made in\": \"Belgium\",\n    \"Warning Hints\": \"Avoid eye contact. Keep away from direct heat and sunlight.\",\n    \"Item Number\": \"1451866\",\n    \"Manufacturer Color\": \"No. 47 - Fascinator\",\n    \"Product Series\": \"Lip Color Matte\",\n    \"Net Weight\": \"0.003 kg\",\n    \"Package Height\": \"7.9 cm\",\n    \"Package Length\": \"2.7 cm\",\n    \"Package Width\": \"2.6 cm\"\n}"
    },
    {
        "product_name": "Tom Ford Lip Color Lipstick N 80 Impassioned",
        "brand_name": "Tom Ford",
        "brand_url": "https://shop.frankfurt-airport.com/en-US/brand/tom-ford",
        "retailer_name": "Frankfurt Duty Free",
        "retailer_url": "https://shop.frankfurt-airport.com/en-US/retailer/heinemann",
        "price": "\u20ac57.99",
        "price_per_quantity": "\u20ac1,656.86 / 100  g",
        "description": "More desirable than ever, new TOM FORD Runway Lip Color is invigorated with a blend of meadowfoam seed and tsubaki oils to hydrate and condition lips, protecting the lip barrier with their decadent emollience. With camelina and pomegranate seed oils envelops lips  in an ultra-creamy texture allowing for seamless glide. Featuring a range of inclusive shades: 01 Spanish Pink 03 Casablanca 05 Front Page 06 On Repeat 10 Cherry Lush 11 Stunner 13 Slip 14 Sable Smoke 15 Wild Ginger 16 Scarlet Rouge 17 Understated 18 Unzip 19 Runway Rose 69 Night Mauve 80 Impassioned N2 Dolce N3 West CoastMore desirable than ever, new TOM FORD Runway Lip Color is invigorated with a blend of meadowfoam seed and tsubaki oils to hydrate and condition lips, protecting the lip barrier with their decadent emollience. With camelina and pomegranate seed oils envelops lips  in an ultra-creamy texture allowing for seamless glide. Featuring a range of inclusive shades: 01 Spanish Pink 03 Casablanca 05 Front Page 06 On Repeat 10 Cherry Lush 11 Stunner 13 Slip 14 Sable Smoke 15 Wild Ginger 16 Scarlet Rouge 17 Understated 18 Unzip 19 Runway Rose 69 Night Mauve 80 Impassioned N2 Dolce N3 West Coast",
        "additional_information": "{\n    \"Order Amount\": \"3.5 g\",\n    \"made in\": \"Belgium\",\n    \"Warning Hints\": \"Avoid eye contact. Keep away from direct heat and sunlight.\",\n    \"Item Number\": \"1648049\",\n    \"Manufacturer Color\": \"No. 080 - Impassioned\",\n    \"Product Series\": \"Lip Color\",\n    \"Net Weight\": \"0.004 kg\",\n    \"Package Height\": \"7.9 cm\",\n    \"Package Length\": \"2.7 cm\",\n    \"Package Width\": \"2.6 cm\"\n}"
    },
    {
        "product_name": "Tom Ford Woods Santal Blush Eau de Parfum 50 ml",
        "brand_name": "Tom Ford",
        "brand_url": "https://shop.frankfurt-airport.com/en-US/brand/tom-ford",
        "retailer_name": "Frankfurt Duty Free",
        "retailer_url": "https://shop.frankfurt-airport.com/en-US/retailer/heinemann",
        "price": "\u20ac239.99",
        "price_per_quantity": "\u20ac479.98 / 100  ml",
        "description": "A textured fusion celebrating sandalwood, SANTAL BLUSH presents exotic spices enhanced with luxe ylang ylang, warm cinnamon, and sumptuous woods \u2013 seducing with a modern, second-skin warmth. SANTAL BLUSH is a sensual ode to intoxicating sandalwood \u2013 exuding an airy and hypnotic mood. \"SANTAL BLUSH is a textured fusion of sandalwood and spices. I am fascinated by the sensuality of the scent. \" \u2014TOM FORDA textured fusion celebrating sandalwood, SANTAL BLUSH presents exotic spices enhanced with luxe ylang ylang, warm cinnamon, and sumptuous woods \u2013 seducing with a modern, second-skin warmth. SANTAL BLUSH is a sensual ode to intoxicating sandalwood \u2013 exuding an airy and hypnotic mood. \"SANTAL BLUSH is a textured fusion of sandalwood and spices. I am fascinated by the sensuality of the scent. \" \u2014TOM FORD",
        "additional_information": "{\n    \"Order Amount\": \"50 ml\",\n    \"Target Gender\": \"Female\",\n    \"made in\": \"Usa\",\n    \"Type of Fragrance\": \"Eau De Parfum\",\n    \"Warning Hints\": \"Avoid eye contact. Keep away from direct heat and sunlight.\",\n    \"Item Number\": \"1534450\",\n    \"Product Series\": \"Private Blend\",\n    \"Net Weight\": \"0.05 kg\",\n    \"Package Height\": \"13 cm\",\n    \"Package Length\": \"4.8 cm\",\n    \"Package Width\": \"4.8 cm\"\n}"
    },
    {
        "product_name": "Tom Ford Lip Color Lipstick N 20 Invite Only",
        "brand_name": "Tom Ford",
        "brand_url": "https://shop.frankfurt-airport.com/en-US/brand/tom-ford",
        "retailer_name": "Frankfurt Duty Free",
        "retailer_url": "https://shop.frankfurt-airport.com/en-US/retailer/heinemann",
        "price": "\u20ac57.99",
        "price_per_quantity": "\u20ac1,656.86 / 100  g",
        "description": "More desirable than ever, new TOM FORD Runway Lip Color is invigorated with a blend of meadowfoam seed and tsubaki oils to hydrate and condition lips, protecting the lip barrier with their decadent emollience. With camelina and pomegranate seed oils envelops lips  in an ultra-creamy texture allowing for seamless glide. Featuring a range of inclusive shades: 01 Spanish Pink 03 Casablanca 05 Front Page 06 On Repeat 10 Cherry Lush 11 Stunner 13 Slip 14 Sable Smoke 15 Wild Ginger 16 Scarlet Rouge 17 Understated 18 Unzip 19 Runway Rose 69 Night Mauve 80 Impassioned N2 Dolce N3 West CoastMore desirable than ever, new TOM FORD Runway Lip Color is invigorated with a blend of meadowfoam seed and tsubaki oils to hydrate and condition lips, protecting the lip barrier with their decadent emollience. With camelina and pomegranate seed oils envelops lips  in an ultra-creamy texture allowing for seamless glide. Featuring a range of inclusive shades: 01 Spanish Pink 03 Casablanca 05 Front Page 06 On Repeat 10 Cherry Lush 11 Stunner 13 Slip 14 Sable Smoke 15 Wild Ginger 16 Scarlet Rouge 17 Understated 18 Unzip 19 Runway Rose 69 Night Mauve 80 Impassioned N2 Dolce N3 West Coast",
        "additional_information": "{\n    \"Order Amount\": \"3.5 g\",\n    \"made in\": \"Belgium\",\n    \"Warning Hints\": \"Avoid eye contact. Keep away from direct heat and sunlight.\",\n    \"Item Number\": \"1648041\",\n    \"Manufacturer Color\": \"No. 20 - Invite Only\",\n    \"Product Series\": \"Lip Color\",\n    \"Net Weight\": \"0.004 kg\",\n    \"Package Height\": \"7.9 cm\",\n    \"Package Length\": \"2.7 cm\",\n    \"Package Width\": \"2.6 cm\"\n}"
    },
    {
        "product_name": "Tom Ford Eye Color Quad Eyeshadow N 46 Ember Bronze",
        "brand_name": "Tom Ford",
        "brand_url": "https://shop.frankfurt-airport.com/en-US/brand/tom-ford",
        "retailer_name": "Frankfurt Duty Free",
        "retailer_url": "https://shop.frankfurt-airport.com/en-US/retailer/heinemann",
        "price": "\u20ac79.99",
        "price_per_quantity": "\u20ac1,538.27 / 100  g",
        "description": "These creamy long-wearing hues impeccably enhance eyes in one swipe.These creamy long-wearing hues impeccably enhance eyes in one swipe.",
        "additional_information": "{\n    \"Order Amount\": \"5.2 g\",\n    \"made in\": \"Italy\",\n    \"Warning Hints\": \"Avoid eye contact. Keep away from direct heat and sunlight.\",\n    \"Item Number\": \"1615988\",\n    \"Manufacturer Color\": \"Ember Bronze\",\n    \"Product Series\": \"Eye Color Quad\",\n    \"Net Weight\": \"0.005 kg\",\n    \"Package Height\": \"11.1 cm\",\n    \"Package Length\": \"2 cm\",\n    \"Package Width\": \"8 cm\"\n}"
    },
    {
        "product_name": "Tom Ford Lip Color Lipstick N 17 Understated",
        "brand_name": "Tom Ford",
        "brand_url": "https://shop.frankfurt-airport.com/en-US/brand/tom-ford",
        "retailer_name": "Frankfurt Duty Free",
        "retailer_url": "https://shop.frankfurt-airport.com/en-US/retailer/heinemann",
        "price": "\u20ac57.99",
        "price_per_quantity": "\u20ac1,656.86 / 100  g",
        "description": "More desirable than ever, new TOM FORD Runway Lip Color is invigorated with a blend of meadowfoam seed and tsubaki oils to hydrate and condition lips, protecting the lip barrier with their decadent emollience. With camelina and pomegranate seed oils envelops lips  in an ultra-creamy texture allowing for seamless glide. Featuring a range of inclusive shades: 01 Spanish Pink 03 Casablanca 05 Front Page 06 On Repeat 10 Cherry Lush 11 Stunner 13 Slip 14 Sable Smoke 15 Wild Ginger 16 Scarlet Rouge 17 Understated 18 Unzip 19 Runway Rose 69 Night Mauve 80 Impassioned N2 Dolce N3 West CoastMore desirable than ever, new TOM FORD Runway Lip Color is invigorated with a blend of meadowfoam seed and tsubaki oils to hydrate and condition lips, protecting the lip barrier with their decadent emollience. With camelina and pomegranate seed oils envelops lips  in an ultra-creamy texture allowing for seamless glide. Featuring a range of inclusive shades: 01 Spanish Pink 03 Casablanca 05 Front Page 06 On Repeat 10 Cherry Lush 11 Stunner 13 Slip 14 Sable Smoke 15 Wild Ginger 16 Scarlet Rouge 17 Understated 18 Unzip 19 Runway Rose 69 Night Mauve 80 Impassioned N2 Dolce N3 West Coast",
        "additional_information": "{\n    \"Order Amount\": \"3.5 g\",\n    \"made in\": \"Belgium\",\n    \"Warning Hints\": \"Avoid eye contact. Keep away from direct heat and sunlight.\",\n    \"Item Number\": \"1648055\",\n    \"Manufacturer Color\": \"No. 17 - Understated\",\n    \"Product Series\": \"Lip Color\",\n    \"Net Weight\": \"0.004 kg\",\n    \"Package Height\": \"7.8 cm\",\n    \"Package Length\": \"2.4 cm\",\n    \"Package Width\": \"2.6 cm\"\n}"
    },
    {
        "product_name": "Tom Ford Lip Color Ultra Shine Lipstick N 27 Ete Brulant",
        "brand_name": "Tom Ford",
        "brand_url": "https://shop.frankfurt-airport.com/en-US/brand/tom-ford",
        "retailer_name": "Frankfurt Duty Free",
        "retailer_url": "https://shop.frankfurt-airport.com/en-US/retailer/heinemann",
        "price": "\u20ac52.99",
        "price_per_quantity": "\u20ac1,605.76 / 100  g",
        "description": "Soleil Ultra-Shine Lip Color embodies the effortless style and unapologetic luxury of an endless summer. Inspired by hues that recall iconic, escapist destinations.Soleil Ultra-Shine Lip Color embodies the effortless style and unapologetic luxury of an endless summer. Inspired by hues that recall iconic, escapist destinations.",
        "additional_information": "{\n    \"Order Amount\": \"3.3 g\",\n    \"made in\": \"Italy\",\n    \"Warning Hints\": \"Please be aware that ingredient lists may change or vary from time to time. Please refer to the ingredient list on the product package you receive for the most up-to-date list of ingredients.\",\n    \"Item Number\": \"1616630\",\n    \"Manufacturer Color\": \"No. 27 - Ete Brulant\",\n    \"Product Series\": \"Lip Color\",\n    \"Net Weight\": \"0.003 kg\",\n    \"Package Height\": \"8.7 cm\",\n    \"Package Length\": \"2.1 cm\",\n    \"Package Width\": \"2.1 cm\"\n}"
    },
    {
        "product_name": "Tom Ford Black Orchid Eau de Parfum 30 ml",
        "brand_name": "Tom Ford",
        "brand_url": "https://shop.frankfurt-airport.com/en-US/brand/tom-ford",
        "retailer_name": "Frankfurt Duty Free",
        "retailer_url": "https://shop.frankfurt-airport.com/en-US/retailer/heinemann",
        "price": "\u20ac84.99",
        "price_per_quantity": "\u20ac283.30 / 100  ml",
        "description": "The dramatic Black Orchid Eau De Parfum opens with aphrodisiac black truffle and narcotic ylang ylang \u2013 touched with effervescent bergamot and bitter orange. Rum-soaked, sweet black plum surrounds the black orchid extract in golden sensuality, while woody patchouli and creamy vanilla wrap the orchid in rich warmth.The dramatic Black Orchid Eau De Parfum opens with aphrodisiac black truffle and narcotic ylang ylang \u2013 touched with effervescent bergamot and bitter orange. Rum-soaked, sweet black plum surrounds the black orchid extract in golden sensuality, while woody patchouli and creamy vanilla wrap the orchid in rich warmth.",
        "additional_information": "{\n    \"Order Amount\": \"30 ml\",\n    \"Target Gender\": \"Female\",\n    \"made in\": \"Switzerland\",\n    \"Type of Fragrance\": \"Eau De Parfum\",\n    \"Warning Hints\": \"Avoid eye contact. Keep away from direct heat and sunlight.\",\n    \"Item Number\": \"1451884\",\n    \"Product Series\": \"Black Orchid\",\n    \"Net Weight\": \"0.03 kg\",\n    \"Package Height\": \"12.6 cm\",\n    \"Package Length\": \"3 cm\",\n    \"Package Width\": \"6.7 cm\"\n}"
    },
    {
        "product_name": "Tom Ford Eye Color Quad Eyeshadow N 45 Iconic Smoke",
        "brand_name": "Tom Ford",
        "brand_url": "https://shop.frankfurt-airport.com/en-US/brand/tom-ford",
        "retailer_name": "Frankfurt Duty Free",
        "retailer_url": "https://shop.frankfurt-airport.com/en-US/retailer/heinemann",
        "price": "\u20ac79.99",
        "price_per_quantity": "\u20ac1,538.27 / 100  g",
        "description": "These creamy long-wearing hues impeccably enhance eyes in one swipe.These creamy long-wearing hues impeccably enhance eyes in one swipe.",
        "additional_information": "{\n    \"Order Amount\": \"5.2 g\",\n    \"made in\": \"Italy\",\n    \"Warning Hints\": \"Avoid eye contact. Keep away from direct heat and sunlight.\",\n    \"Item Number\": \"1616165\",\n    \"Manufacturer Color\": \"ICONIC SMOKE\",\n    \"Product Series\": \"Eye Color Quad\",\n    \"Net Weight\": \"0.005 kg\",\n    \"Package Height\": \"11 cm\",\n    \"Package Length\": \"2 cm\",\n    \"Package Width\": \"8 cm\"\n}"
    },
    {
        "product_name": "Tom Ford Gloss Luxe Lip Gloss N 8 Inhibition",
        "brand_name": "Tom Ford",
        "brand_url": "https://shop.frankfurt-airport.com/en-US/brand/tom-ford",
        "retailer_name": "Frankfurt Duty Free",
        "retailer_url": "https://shop.frankfurt-airport.com/en-US/retailer/heinemann",
        "price": "\u20ac57.99",
        "price_per_quantity": "\u20ac1,054.36 / 100  ml",
        "description": "Gloss Luxe delivers light-as-air, sheer-to-medium coverage with a high-shine finish. Infused with nourishing oils (including jojoba seed and avocado), the luxe gloss hydrates lips and imparts a full-looking, nearly-naked gleam.Gloss Luxe delivers light-as-air, sheer-to-medium coverage with a high-shine finish. Infused with nourishing oils (including jojoba seed and avocado), the luxe gloss hydrates lips and imparts a full-looking, nearly-naked gleam.",
        "additional_information": "{\n    \"Order Amount\": \"5.5 ml\",\n    \"made in\": \"Canada\",\n    \"Warning Hints\": \"Avoid eye contact. Keep away from direct heat and sunlight.\",\n    \"Item Number\": \"1622559\",\n    \"Manufacturer Color\": \"No. 08 - Inhibition\",\n    \"Product Series\": \"Gloss Luxe\",\n    \"Net Weight\": \"0.006 kg\",\n    \"Package Height\": \"13 cm\",\n    \"Package Length\": \"2.35 cm\",\n    \"Package Width\": \"2.35 cm\"\n}"
    },
    {
        "product_name": "Tom Ford Gloss Luxe Lip Gloss N 22 Sunrise Pink",
        "brand_name": "Tom Ford",
        "brand_url": "https://shop.frankfurt-airport.com/en-US/brand/tom-ford",
        "retailer_name": "Frankfurt Duty Free",
        "retailer_url": "https://shop.frankfurt-airport.com/en-US/retailer/heinemann",
        "price": "\u20ac57.99",
        "price_per_quantity": "\u20ac1,054.36 / 100  ml",
        "description": "Gloss Luxe delivers light-as-air, sheer-to-medium coverage with a high-shine finish. Infused with nourishing oils (including jojoba seed and avocado), the luxe gloss hydrates lips and imparts a full-looking, nearly-naked gleam.Gloss Luxe delivers light-as-air, sheer-to-medium coverage with a high-shine finish. Infused with nourishing oils (including jojoba seed and avocado), the luxe gloss hydrates lips and imparts a full-looking, nearly-naked gleam.",
        "additional_information": "{\n    \"Order Amount\": \"5.5 ml\",\n    \"made in\": \"Canada\",\n    \"Warning Hints\": \"Avoid eye contact. Keep away from direct heat and sunlight.\",\n    \"Item Number\": \"1622563\",\n    \"Manufacturer Color\": \"No. 22 - Sunrise Pink\",\n    \"Product Series\": \"Gloss Luxe\",\n    \"Net Weight\": \"0.006 kg\",\n    \"Package Height\": \"13 cm\",\n    \"Package Length\": \"2.35 cm\",\n    \"Package Width\": \"2.35 cm\"\n}"
    },
    {
        "product_name": "Tom Ford Gel Eyeliner Eye Liner N 3 Black",
        "brand_name": "Tom Ford",
        "brand_url": "https://shop.frankfurt-airport.com/en-US/brand/tom-ford",
        "retailer_name": "Frankfurt Duty Free",
        "retailer_url": "https://shop.frankfurt-airport.com/en-US/retailer/heinemann",
        "price": "\u20ac39.99",
        "price_per_quantity": "\u20ac3,332.50 / 100  g",
        "description": "The new Gel Eyeliner lines eyes for enhanced definition, creating a customizable gaze.The new Gel Eyeliner lines eyes for enhanced definition, creating a customizable gaze.",
        "additional_information": "{\n    \"Order Amount\": \"1.2 g\",\n    \"made in\": \"Germany\",\n    \"Warning Hints\": \"Avoid eye contact. Keep away from direct heat and sunlight.\",\n    \"Item Number\": \"1648003\",\n    \"Manufacturer Color\": \"No. 3 - Black\",\n    \"Product Series\": \"Gel Eyeliner\",\n    \"Net Weight\": \"0.001 kg\",\n    \"Package Height\": \"16.8 cm\",\n    \"Package Length\": \"2.1 cm\",\n    \"Package Width\": \"2.7 cm\"\n}"
    },
    {
        "product_name": "Tom Ford Lip Blush Soleil NZ09",
        "brand_name": "Tom Ford",
        "brand_url": "https://shop.frankfurt-airport.com/en-US/brand/tom-ford",
        "retailer_name": "Frankfurt Duty Free",
        "retailer_url": "https://shop.frankfurt-airport.com/en-US/retailer/heinemann",
        "price": "\u20ac54.99",
        "price_per_quantity": "\u20ac18.33 / 1  g",
        "description": "This decadent, uniquely shade-shifting balm perfectly captures the gilded glow of Tom Ford Soleil with exclusive gold-toned flecks and packaging.\u00a0\u00a0This decadent, uniquely shade-shifting balm perfectly captures the gilded glow of Tom Ford Soleil with exclusive gold-toned flecks and packaging.",
        "additional_information": "{\n    \"Order Amount\": \"3 g\",\n    \"made in\": \"Japan\",\n    \"Warning Hints\": \"Avoid eye contact. Keep away from direct heat and sunlight.\",\n    \"Item Number\": \"1517544\",\n    \"Product Series\": \"Lip Soleil\",\n    \"Net Weight\": \"0.003 kg\",\n    \"Package Height\": \"7.7 cm\",\n    \"Package Length\": \"2.5 cm\",\n    \"Package Width\": \"2.5 cm\"\n}"
    },
    {
        "product_name": "Tom Ford Lip Color Matte Lipstick N 50 Steel Magnolia",
        "brand_name": "Tom Ford",
        "brand_url": "https://shop.frankfurt-airport.com/en-US/brand/tom-ford",
        "retailer_name": "Frankfurt Duty Free",
        "retailer_url": "https://shop.frankfurt-airport.com/en-US/retailer/heinemann",
        "price": "\u20ac57.99",
        "price_per_quantity": "\u20ac1,933.00 / 100  g",
        "description": "Velvet. Matte. Long-Wearing. Tom Ford Lip Color Matte creates a powerfully sophisticated look of unadulterated color. Formulated with a luxurious, velvet matte finish, the lip color matte smoothes comfortably onto the lips in a spectrum of richly pigmented hues from sensuous pink neutrals to alluring bolds.Velvet. Matte. Long-Wearing. Tom Ford Lip Color Matte creates a powerfully sophisticated look of unadulterated color. Formulated with a luxurious, velvet matte finish, the lip color matte smoothes comfortably onto the lips in a spectrum of richly pigmented hues from sensuous pink neutrals to alluring bolds.",
        "additional_information": "{\n    \"Order Amount\": \"3 g\",\n    \"made in\": \"Belgium\",\n    \"Warning Hints\": \"Avoid eye contact. Keep away from direct heat and sunlight.\",\n    \"Item Number\": \"1451863\",\n    \"Manufacturer Color\": \"No. 50 - Steel Magnolia\",\n    \"Product Series\": \"Lip Color Matte\",\n    \"Net Weight\": \"0.003 kg\",\n    \"Package Height\": \"7.9 cm\",\n    \"Package Length\": \"2.7 cm\",\n    \"Package Width\": \"2.6 cm\"\n}"
    },
    {
        "product_name": "Tom Ford Private Blend Soleil De Feu Eau de Parfum 50 ml",
        "brand_name": "Tom Ford",
        "brand_url": "https://shop.frankfurt-airport.com/en-US/brand/tom-ford",
        "retailer_name": "Frankfurt Duty Free",
        "retailer_url": "https://shop.frankfurt-airport.com/en-US/retailer/heinemann",
        "price": "\u20ac239.99",
        "price_per_quantity": "\u20ac479.98 / 100  ml",
        "description": "Inspired by bronze strokes of fiery sunset light, new SOLEIL DE FEU captures a burnished sensuality with tuberose accord, warm ambers, and exotic sandalwood. The amber woody scent evokes the molten sun descending in a burnished blaze over the sea, painting the sky with fiery strokes of bronze solar light. \"SOLEIL DE FEU is a smoldering amber woody scent evoking sunset light. It is the most sensual expression of SOLEIL.\" \u2013 TOM FORDInspired by bronze strokes of fiery sunset light, new SOLEIL DE FEU captures a burnished sensuality with tuberose accord, warm ambers, and exotic sandalwood. The amber woody scent evokes the molten sun descending in a burnished blaze over the sea, painting the sky with fiery strokes of bronze solar light. \"SOLEIL DE FEU is a smoldering amber woody scent evoking sunset light. It is the most sensual expression of SOLEIL.\" \u2013 TOM FORD",
        "additional_information": "{\n    \"Order Amount\": \"50 ml\",\n    \"Target Gender\": \"Female\",\n    \"made in\": \"Usa\",\n    \"Type of Fragrance\": \"Eau De Parfum\",\n    \"Warning Hints\": \"Avoid eye contact. Keep away from direct heat and sunlight.\",\n    \"Item Number\": \"1572565\",\n    \"Product Series\": \"Private Blend\",\n    \"Net Weight\": \"0.05 kg\",\n    \"Package Height\": \"13 cm\",\n    \"Package Length\": \"4.7 cm\",\n    \"Package Width\": \"4.7 cm\"\n}"
    },
    {
        "product_name": "Tom Ford Private Blend Oud Wood Parfum 50 ml",
        "brand_name": "Tom Ford",
        "brand_url": "https://shop.frankfurt-airport.com/en-US/brand/tom-ford",
        "retailer_name": "Frankfurt Duty Free",
        "retailer_url": "https://shop.frankfurt-airport.com/en-US/retailer/heinemann",
        "price": "\u20ac359.99",
        "price_per_quantity": "\u20ac719.98 / 100  ml",
        "description": "OUD WOOD PARFUM reveals astounding facets of the iconic oud ingredient. Natural essences of invigorating cardamom and patchouli bow to a rich blend of prized woods warmed by seductive vanilla, tonka bean facets and glowing amver resins.OUD WOOD PARFUM reveals astounding facets of the iconic oud ingredient. Natural essences of invigorating cardamom and patchouli bow to a rich blend of prized woods warmed by seductive vanilla, tonka bean facets and glowing amver resins.",
        "additional_information": "{\n    \"Order Amount\": \"50 ml\",\n    \"Target Gender\": \"Female\",\n    \"made in\": \"Usa\",\n    \"Type of Fragrance\": \"Parfum\",\n    \"Warning Hints\": \"Avoid eye contact. Keep away from direct heat and sunlight.\",\n    \"Item Number\": \"1616004\",\n    \"Product Series\": \"Private Blend\",\n    \"Net Weight\": \"0.05 kg\",\n    \"Package Height\": \"13 cm\",\n    \"Package Length\": \"4.8 cm\",\n    \"Package Width\": \"4.8 cm\"\n}"
    },
    {
        "product_name": "Tom Ford Gloss Luxe Lip Gloss N 20 Phantome",
        "brand_name": "Tom Ford",
        "brand_url": "https://shop.frankfurt-airport.com/en-US/brand/tom-ford",
        "retailer_name": "Frankfurt Duty Free",
        "retailer_url": "https://shop.frankfurt-airport.com/en-US/retailer/heinemann",
        "price": "\u20ac57.99",
        "price_per_quantity": "\u20ac1,054.36 / 100  ml",
        "description": "Gloss Luxe delivers light-as-air, sheer-to-medium coverage with a high-shine finish. Infused with nourishing oils (including jojoba seed and avocado), the luxe gloss hydrates lips and imparts a full-looking, nearly-naked gleam.Gloss Luxe delivers light-as-air, sheer-to-medium coverage with a high-shine finish. Infused with nourishing oils (including jojoba seed and avocado), the luxe gloss hydrates lips and imparts a full-looking, nearly-naked gleam.",
        "additional_information": "{\n    \"Order Amount\": \"5.5 ml\",\n    \"made in\": \"Canada\",\n    \"Warning Hints\": \"Avoid eye contact. Keep away from direct heat and sunlight.\",\n    \"Item Number\": \"1622561\",\n    \"Manufacturer Color\": \"No. 20 - Phantome\",\n    \"Product Series\": \"Gloss Luxe\",\n    \"Net Weight\": \"0.006 kg\",\n    \"Package Height\": \"13 cm\",\n    \"Package Length\": \"2.35 cm\",\n    \"Package Width\": \"2.35 cm\"\n}"
    },
    {
        "product_name": "Tom Ford Face Shade and Illumniate Contour Duo Foundation N 2 Intensity 2 15 g",
        "brand_name": "Tom Ford",
        "brand_url": "https://shop.frankfurt-airport.com/en-US/brand/tom-ford",
        "retailer_name": "Frankfurt Duty Free",
        "retailer_url": "https://shop.frankfurt-airport.com/en-US/retailer/heinemann",
        "price": "\u20ac74.99",
        "price_per_quantity": "\u20ac499.93 / 100  g",
        "description": "Infused with moisturizing botanical oils, the lightweight formula blends seamlessly into the skin. Use the darker shade for depth, the lighter shade to enhance high points or combine both to customize intensity. The duo can also be used as cheek color and to warm up the complexion.Infused with moisturizing botanical oils, the lightweight formula blends seamlessly into the skin. Use the darker shade for depth, the lighter shade to enhance high points or combine both to customize intensity. The duo can also be used as cheek color and to warm up the complexion.",
        "additional_information": "{\n    \"Order Amount\": \"15 g\",\n    \"made in\": \"Canada\",\n    \"Warning Hints\": \"Please be aware that ingredient lists may change or vary from time to time. Please refer to the ingredient list on the product package you receive for the most up-to-date list of ingredients.\",\n    \"Item Number\": \"1682040\",\n    \"Manufacturer Color\": \"No. 2 - Intensity 2\",\n    \"Product Series\": \"Skin Care Face\",\n    \"Net Weight\": \"0.015 kg\",\n    \"Package Height\": \"11 cm\",\n    \"Package Length\": \"8 cm\",\n    \"Package Width\": \"2 cm\"\n}"
    },
    {
        "product_name": "Tom Ford Face Shade and Illumniate Contour Duo Foundation N 3 Intensity 3 15 g",
        "brand_name": "Tom Ford",
        "brand_url": "https://shop.frankfurt-airport.com/en-US/brand/tom-ford",
        "retailer_name": "Frankfurt Duty Free",
        "retailer_url": "https://shop.frankfurt-airport.com/en-US/retailer/heinemann",
        "price": "\u20ac74.99",
        "price_per_quantity": "\u20ac499.93 / 100  g",
        "description": "Infused with moisturizing botanical oils, the lightweight formula blends seamlessly into the skin. Use the darker shade for depth, the lighter shade to enhance high points or combine both to customize intensity. The duo can also be used as cheek color and to warm up the complexion.Infused with moisturizing botanical oils, the lightweight formula blends seamlessly into the skin. Use the darker shade for depth, the lighter shade to enhance high points or combine both to customize intensity. The duo can also be used as cheek color and to warm up the complexion.",
        "additional_information": "{\n    \"Order Amount\": \"15 g\",\n    \"made in\": \"Canada\",\n    \"Warning Hints\": \"Please be aware that ingredient lists may change or vary from time to time. Please refer to the ingredient list on the product package you receive for the most up-to-date list of ingredients.\",\n    \"Item Number\": \"1682011\",\n    \"Manufacturer Color\": \"No. 3 - Intensity 3\",\n    \"Product Series\": \"Skin Care Face\",\n    \"Net Weight\": \"0.015 kg\",\n    \"Package Height\": \"11.4 cm\",\n    \"Package Length\": \"8.4 cm\",\n    \"Package Width\": \"2.4 cm\"\n}"
    },
    {
        "product_name": "Tom Ford Signature Bois Pacifique Eau de Parfum 100 ml",
        "brand_name": "Tom Ford",
        "brand_url": "https://shop.frankfurt-airport.com/en-US/brand/tom-ford",
        "retailer_name": "Frankfurt Duty Free",
        "retailer_url": "https://shop.frankfurt-airport.com/en-US/retailer/heinemann",
        "price": "\u20ac169.99",
        "price_per_quantity": "\u20ac169.99 / 100  ml",
        "description": "Bois Pacifique journeys to a feeling of endless freedom and vitality. Essence of cardamom recalls a sunlit radiance. Brilliant akigalawood\u2122 spotlights the fresh, aromatic spice note of turmeric over a woody-spicy blend that instantly conjures a cool sensuality. One becomes lost in nature\u2019s grandeur as the smooth, careening richness of olibanum essence and orris butter courses through the fragrance. Sandalwood, cedar and oakwood facets comprise the forest of Bois Pacifique \u2013 a staggering presence of majestic woods illuminated by streaks of awe-inspiring solar light that emanate from a promising horizon.Bois Pacifique journeys to a feeling of endless freedom and vitality. Essence of cardamom recalls a sunlit radiance. Brilliant akigalawood\u2122 spotlights the fresh, aromatic spice note of turmeric over a woody-spicy blend that instantly conjures a cool sensuality. One becomes lost in nature\u2019s grandeur as the smooth, careening richness of olibanum essence and orris butter courses through the fragrance. Sandalwood, cedar and oakwood facets comprise the forest of Bois Pacifique \u2013 a staggering presence of majestic woods illuminated by streaks of awe-inspiring solar light that emanate from a promising horizon.",
        "additional_information": "{\n    \"Order Amount\": \"100 ml\",\n    \"Target Gender\": \"Male\",\n    \"made in\": \"Switzerland\",\n    \"Type of Fragrance\": \"Eau De Parfum\",\n    \"Warning Hints\": \"Avoid eye contact. Keep away from direct heat and sunlight.\",\n    \"Item Number\": \"1675400\",\n    \"Product Series\": \"Signature\",\n    \"Net Weight\": \"0.1 kg\",\n    \"Package Height\": \"11.5 cm\",\n    \"Package Length\": \"7.1 cm\",\n    \"Package Width\": \"7.7 cm\"\n}"
    },
    {
        "product_name": "Tom Ford Soleil Sheer Cheek Duo Blusher N 02 Eclat Nu",
        "brand_name": "Tom Ford",
        "brand_url": "https://shop.frankfurt-airport.com/en-US/brand/tom-ford",
        "retailer_name": "Frankfurt Duty Free",
        "retailer_url": "https://shop.frankfurt-airport.com/en-US/retailer/heinemann",
        "price": "\u20ac69.99",
        "price_per_quantity": "\u20ac1,590.68 / 100  g",
        "description": "This expertly-designed highlighter and blush duo creates an impeccably sensual, sunlit glow. The peachy hue mimics the sun reflecting off the skin, while the rosy shade imparts the perfect touch of color. Use shades alone or together to contour a natural effect with sheer to medium coverage.This expertly-designed highlighter and blush duo creates an impeccably sensual, sunlit glow. The peachy hue mimics the sun reflecting off the skin, while the rosy shade imparts the perfect touch of color. Use shades alone or together to contour a natural effect with sheer to medium coverage.",
        "additional_information": "{\n    \"Order Amount\": \"4.4 g\",\n    \"made in\": \"Italy\",\n    \"Warning Hints\": \"Please be aware that ingredient lists may change or vary from time to time. Please refer to the ingredient list on the product package you receive for the most up-to-date list of ingredients.\",\n    \"Item Number\": \"1682031\",\n    \"Manufacturer Color\": \"Eclat Nu\",\n    \"Product Series\": \"Soleil\",\n    \"Net Weight\": \"0.004 kg\",\n    \"Package Height\": \"2.2 cm\",\n    \"Package Length\": \"8.8 cm\",\n    \"Package Width\": \"8.5 cm\"\n}"
    },
    {
        "product_name": "Tom Ford Beauty Lip Color Ultra Shine Lipstick N 159 Solaire",
        "brand_name": "Tom Ford",
        "brand_url": "https://shop.frankfurt-airport.com/en-US/brand/tom-ford",
        "retailer_name": "Frankfurt Duty Free",
        "retailer_url": "https://shop.frankfurt-airport.com/en-US/retailer/heinemann",
        "price": "\u20ac52.99",
        "price_per_quantity": "\u20ac1,605.76 / 100  g",
        "description": "Soleil Ultra-Shine Lip Color embodies the effortless style and unapologetic luxury of an endless summer. Inspired by hues that recall iconic, escapist destinations.Soleil Ultra-Shine Lip Color embodies the effortless style and unapologetic luxury of an endless summer. Inspired by hues that recall iconic, escapist destinations.",
        "additional_information": "{\n    \"Order Amount\": \"3.3 g\",\n    \"made in\": \"Italy\",\n    \"Warning Hints\": \"Please be aware that ingredient lists may change or vary from time to time. Please refer to the ingredient list on the product package you receive for the most up-to-date list of ingredients.\",\n    \"Item Number\": \"1606653\",\n    \"Manufacturer Color\": \"No. 159 - Solaire\",\n    \"Product Series\": \"Lip Color\",\n    \"Net Weight\": \"0.003 kg\",\n    \"Package Height\": \"8.5 cm\",\n    \"Package Length\": \"2.1 cm\",\n    \"Package Width\": \"2.1 cm\"\n}"
    },
    {
        "product_name": "Tom Ford Private Blend Vanille Fatale Eau de Parfum 50 ml",
        "brand_name": "Tom Ford",
        "brand_url": "https://shop.frankfurt-airport.com/en-US/brand/tom-ford",
        "retailer_name": "Frankfurt Duty Free",
        "retailer_url": "https://shop.frankfurt-airport.com/en-US/retailer/heinemann",
        "price": "\u20ac319.99",
        "price_per_quantity": "\u20ac639.98 / 100  ml",
        "description": "VANILLE FATALE is an eclipse of dark woods, addictive coffee absolute and roasted barley. Luxe vanilla resinoid captivates at the fragrance\u2019s core as an entrancing force.VANILLE FATALE is an eclipse of dark woods, addictive coffee absolute and roasted barley. Luxe vanilla resinoid captivates at the fragrance\u2019s core as an entrancing force.",
        "additional_information": "{\n    \"Order Amount\": \"50 ml\",\n    \"Target Gender\": \"Female\",\n    \"made in\": \"Usa\",\n    \"Type of Fragrance\": \"Eau De Parfum\",\n    \"Warning Hints\": \"Avoid eye contact. Keep away from direct heat and sunlight.\",\n    \"Item Number\": \"1621658\",\n    \"Product Series\": \"Private Blend\",\n    \"Net Weight\": \"0.05 kg\",\n    \"Package Height\": \"13 cm\",\n    \"Package Length\": \"5 cm\",\n    \"Package Width\": \"5 cm\"\n}"
    },
    {
        "product_name": "Tom Ford Private Blend Soleil Blanc Shimmering Body Oil 45 ml",
        "brand_name": "Tom Ford",
        "brand_url": "https://shop.frankfurt-airport.com/en-US/brand/tom-ford",
        "retailer_name": "Frankfurt Duty Free",
        "retailer_url": "https://shop.frankfurt-airport.com/en-US/retailer/heinemann",
        "price": "\u20ac37.99",
        "price_per_quantity": "\u20ac84.42 / 100  ml",
        "description": "Soleil Blanc is inspired by private islands and endless summer, where one day seamlessly blends into the next. This silky, lightweight oil smooths on for a nourishing, revitalizing experience. Helps condition skin for a radiant look. Features the sultry solar amber scent.Soleil Blanc is inspired by private islands and endless summer, where one day seamlessly blends into the next. This silky, lightweight oil smooths on for a nourishing, revitalizing experience. Helps condition skin for a radiant look. Features the sultry solar amber scent.",
        "additional_information": "{\n    \"Order Amount\": \"45 ml\",\n    \"Target Gender\": \"Female\",\n    \"made in\": \"Usa\",\n    \"Warning Hints\": \"Please be aware that ingredient lists may change or vary from time to time. Please refer to the ingredient list on the product package you receive for the most up-to-date list of ingredients.\",\n    \"Item Number\": \"1682003\",\n    \"Product Series\": \"Private Blend\",\n    \"Net Weight\": \"0.045 kg\",\n    \"Package Height\": \"10.5 cm\",\n    \"Package Length\": \"5.7 cm\",\n    \"Package Width\": \"3.4 cm\"\n}"
    },
    {
        "product_name": "Tom Ford Tubereuse Nue Juices Eau de Parfum 50 ml",
        "brand_name": "Tom Ford",
        "brand_url": "https://shop.frankfurt-airport.com/en-US/brand/tom-ford",
        "retailer_name": "Frankfurt Duty Free",
        "retailer_url": "https://shop.frankfurt-airport.com/en-US/retailer/heinemann",
        "price": "\u20ac319.99",
        "price_per_quantity": "\u20ac639.98 / 100  ml",
        "description": "Tub\u00e9reuse Nue conjures the fresh petals of night-blooming tuberose and jasmine as they sway in the moonlight, exuding extravagant sensuality. Rising to a rhapsody of unparalleled pleasure, spiced akigalawood and timut pepper add an illicit potency to this mystical dance. A soft, sensual blanket of musk captures the erotic afterglow, promising the mood \u2013 and the longing \u2013 endures.Tub\u00e9reuse Nue conjures the fresh petals of night-blooming tuberose and jasmine as they sway in the moonlight, exuding extravagant sensuality. Rising to a rhapsody of unparalleled pleasure, spiced akigalawood and timut pepper add an illicit potency to this mystical dance. A soft, sensual blanket of musk captures the erotic afterglow, promising the mood \u2013 and the longing \u2013 endures.",
        "additional_information": "{\n    \"Order Amount\": \"50 ml\",\n    \"Target Gender\": \"Female\",\n    \"made in\": \"Usa\",\n    \"Type of Fragrance\": \"Eau De Parfum\",\n    \"Warning Hints\": \"Avoid eye contact. Keep away from direct heat and sunlight.\",\n    \"Item Number\": \"1473375\",\n    \"Product Series\": \"Private Blend\",\n    \"Net Weight\": \"0.05 kg\",\n    \"Package Height\": \"12 cm\",\n    \"Package Length\": \"4.8 cm\",\n    \"Package Width\": \"4.8 cm\"\n}"
    },
    {
        "product_name": "Tom Ford Private Blend Lost Cherry Eau de Parfum 30 ml",
        "brand_name": "Tom Ford",
        "brand_url": "https://shop.frankfurt-airport.com/en-US/brand/tom-ford",
        "retailer_name": "Frankfurt Duty Free",
        "retailer_url": "https://shop.frankfurt-airport.com/en-US/retailer/heinemann",
        "price": "\u20ac199.99",
        "price_per_quantity": "\u20ac666.63 / 100  ml",
        "description": "Lost Cherry mingles black cherry with cherry liqueur accords and a touch of bitter almond, bursting forth in waves of sweet and tart. Opulent floral notes of rose and jasmine sambac blend with an unexpected m\u00e9lange of sandalwood, vetiver, and cedarwood.Lost Cherry mingles black cherry with cherry liqueur accords and a touch of bitter almond, bursting forth in waves of sweet and tart. Opulent floral notes of rose and jasmine sambac blend with an unexpected m\u00e9lange of sandalwood, vetiver, and cedarwood.",
        "additional_information": "{\n    \"Order Amount\": \"30 ml\",\n    \"Target Gender\": \"Female\",\n    \"made in\": \"Switzerland\",\n    \"Type of Fragrance\": \"Eau De Parfum\",\n    \"Warning Hints\": \"Avoid eye contact. Keep away from direct heat and sunlight. Please be aware that ingredient lists may change or vary from time to time. Please refer to the ingredient list on the product package you receive for the most up-to-date list of ingredients.\",\n    \"Item Number\": \"1543380\",\n    \"Product Series\": \"Private Blend\",\n    \"Net Weight\": \"0.03 kg\",\n    \"Package Height\": \"11.4 cm\",\n    \"Package Length\": \"4.9 cm\",\n    \"Package Width\": \"4.9 cm\"\n}"
    },
    {
        "product_name": "Tom Ford Private Blend Rose Exposed Eau de Parfum 50 ml",
        "brand_name": "Tom Ford",
        "brand_url": "https://shop.frankfurt-airport.com/en-US/brand/tom-ford",
        "retailer_name": "Frankfurt Duty Free",
        "retailer_url": "https://shop.frankfurt-airport.com/en-US/retailer/heinemann",
        "price": "\u20ac329.99",
        "price_per_quantity": "\u20ac659.98 / 100  ml",
        "description": "This stunning scent of floral leather excellence premieres an exclusive rose-on-rose co-distillation note of rose absolute and rose water extract. Precious blooms are bound in a spellbinding bouquet accented with white pepper, musk and woods.This stunning scent of floral leather excellence premieres an exclusive rose-on-rose co-distillation note of rose absolute and rose water extract. Precious blooms are bound in a spellbinding bouquet accented with white pepper, musk and woods.",
        "additional_information": "{\n    \"Order Amount\": \"50 ml\",\n    \"Target Gender\": \"Male\",\n    \"made in\": \"Usa\",\n    \"Type of Fragrance\": \"Eau De Parfum\",\n    \"Warning Hints\": \"Avoid eye contact. Keep away from direct heat and sunlight.\",\n    \"Item Number\": \"1673717\",\n    \"Product Series\": \"Private Blend\",\n    \"Net Weight\": \"0.05 kg\",\n    \"Package Height\": \"13 cm\",\n    \"Package Length\": \"4.7 cm\",\n    \"Package Width\": \"4.8 cm\"\n}"
    },
    {
        "product_name": "Tom Ford Signature Eau d'Ombr Leather Eau de Toilette 50 ml",
        "brand_name": "Tom Ford",
        "brand_url": "https://shop.frankfurt-airport.com/en-US/brand/tom-ford",
        "retailer_name": "Frankfurt Duty Free",
        "retailer_url": "https://shop.frankfurt-airport.com/en-US/retailer/heinemann",
        "price": "\u20ac99.99",
        "price_per_quantity": "\u20ac199.98 / 100  ml",
        "description": "Essences of fresh ginger, coriander and cardamom ignite a bold opening trail that captures a new day rising over the American West. Vanilla tincture stokes a glowing leather accord \u2014 a sensual flame grounded in a landscape of rich amber and honeyed woods.Essences of fresh ginger, coriander and cardamom ignite a bold opening trail that captures a new day rising over the American West. Vanilla tincture stokes a glowing leather accord \u2014 a sensual flame grounded in a landscape of rich amber and honeyed woods.",
        "additional_information": "{\n    \"Order Amount\": \"50 ml\",\n    \"Target Gender\": \"Female\",\n    \"made in\": \"Switzerland\",\n    \"Type of Fragrance\": \"Eau De Toilette\",\n    \"Warning Hints\": \"Avoid eye contact. Keep away from direct heat and sunlight.\",\n    \"Item Number\": \"1649770\",\n    \"Product Series\": \"Signature\",\n    \"Net Weight\": \"0.05 kg\",\n    \"Package Height\": \"8.8 cm\",\n    \"Package Length\": \"6.8 cm\",\n    \"Package Width\": \"7 cm\"\n}"
    },
    {
        "product_name": "Tom Ford Lip Color Lipstick N 14 Sable Smoke",
        "brand_name": "Tom Ford",
        "brand_url": "https://shop.frankfurt-airport.com/en-US/brand/tom-ford",
        "retailer_name": "Frankfurt Duty Free",
        "retailer_url": "https://shop.frankfurt-airport.com/en-US/retailer/heinemann",
        "price": "\u20ac52.99",
        "price_per_quantity": "\u20ac1,514.00 / 100  g",
        "description": "Runway Lip Color is the ultimate fashion accessory\u2014the true power lip. In the TOM FORD Runway Lip Color campaign, Angelina Jolie drives her personal narrative with strength, confidence and an uncompromising commitment to self-expression. She wears shade 16 Scarlet Rouge. Crafted with a new hydrating complex designed to TOM FORD's exacting performance standards, the formula veils lips in sumptuous comfort.Runway Lip Color is the ultimate fashion accessory\u2014the true power lip. In the TOM FORD Runway Lip Color campaign, Angelina Jolie drives her personal narrative with strength, confidence and an uncompromising commitment to self-expression. She wears shade 16 Scarlet Rouge. Crafted with a new hydrating complex designed to TOM FORD's exacting performance standards, the formula veils lips in sumptuous comfort.",
        "additional_information": "{\n    \"Order Amount\": \"3.5 g\",\n    \"made in\": \"Belgium\",\n    \"Warning Hints\": \"Avoid eye contact. Keep away from direct heat and sunlight.\",\n    \"Item Number\": \"1648033\",\n    \"Manufacturer Color\": \"Sable Smoke\",\n    \"Product Series\": \"Lip Color\",\n    \"Net Weight\": \"0.004 kg\",\n    \"Package Height\": \"7.6 cm\",\n    \"Package Length\": \"2.6 cm\",\n    \"Package Width\": \"2.5 cm\"\n}"
    },
    {
        "product_name": "Tom Ford Eyes Micro Eyebrow Pencil N 02 Taupe",
        "brand_name": "Tom Ford",
        "brand_url": "https://shop.frankfurt-airport.com/en-US/brand/tom-ford",
        "retailer_name": "Frankfurt Duty Free",
        "retailer_url": "https://shop.frankfurt-airport.com/en-US/retailer/heinemann",
        "price": "\u20ac54.99",
        "price_per_quantity": "\u20ac10,998.00 / 100  g",
        "description": "The TOM FORD Architecture Brow Pencil enhances facial dimension by defining brows with clear-cut precision. The structured shape of the pencil tip allows for hair-like strokes that create a custom-tailored brow look.The TOM FORD Architecture Brow Pencil enhances facial dimension by defining brows with clear-cut precision. The structured shape of the pencil tip allows for hair-like strokes that create a custom-tailored brow look.",
        "additional_information": "{\n    \"Order Amount\": \"0.5 g\",\n    \"made in\": \"Korea \\u2013 Republic Of\",\n    \"Warning Hints\": \"Avoid eye contact. Keep away from direct heat and sunlight.\",\n    \"Item Number\": \"1682286\",\n    \"Manufacturer Color\": \"Taupe\",\n    \"Product Series\": \"Eyes\",\n    \"Net Weight\": \"0.001 kg\",\n    \"Package Height\": \"15 cm\",\n    \"Package Length\": \"2.2 cm\",\n    \"Package Width\": \"1.3 cm\"\n}"
    },
    {
        "product_name": "Tom Ford Lip Color Lipstick N 69 Night Mauve",
        "brand_name": "Tom Ford",
        "brand_url": "https://shop.frankfurt-airport.com/en-US/brand/tom-ford",
        "retailer_name": "Frankfurt Duty Free",
        "retailer_url": "https://shop.frankfurt-airport.com/en-US/retailer/heinemann",
        "price": "\u20ac52.99",
        "price_per_quantity": "\u20ac1,514.00 / 100  g",
        "description": "Runway Lip Color is the ultimate fashion accessory\u2014the true power lip. In the TOM FORD Runway Lip Color campaign, Angelina Jolie drives her personal narrative with strength, confidence and an uncompromising commitment to self-expression. She wears shade 16 Scarlet Rouge. Crafted with a new hydrating complex designed to TOM FORD's exacting performance standards, the formula veils lips in sumptuous comfort.Runway Lip Color is the ultimate fashion accessory\u2014the true power lip. In the TOM FORD Runway Lip Color campaign, Angelina Jolie drives her personal narrative with strength, confidence and an uncompromising commitment to self-expression. She wears shade 16 Scarlet Rouge. Crafted with a new hydrating complex designed to TOM FORD's exacting performance standards, the formula veils lips in sumptuous comfort.",
        "additional_information": "{\n    \"Order Amount\": \"3.5 g\",\n    \"made in\": \"Belgium\",\n    \"Warning Hints\": \"Avoid eye contact. Keep away from direct heat and sunlight.\",\n    \"Item Number\": \"1648051\",\n    \"Manufacturer Color\": \"Night Mauve\",\n    \"Product Series\": \"Lip Color\",\n    \"Net Weight\": \"0.004 kg\",\n    \"Package Height\": \"7.8 cm\",\n    \"Package Length\": \"2.5 cm\",\n    \"Package Width\": \"2.6 cm\"\n}"
    },
    {
        "product_name": "Tom Ford Signature Bois Pacifique Eau de Parfum 50 ml",
        "brand_name": "Tom Ford",
        "brand_url": "https://shop.frankfurt-airport.com/en-US/brand/tom-ford",
        "retailer_name": "Frankfurt Duty Free",
        "retailer_url": "https://shop.frankfurt-airport.com/en-US/retailer/heinemann",
        "price": "\u20ac119.99",
        "price_per_quantity": "\u20ac239.98 / 100  ml",
        "description": "Bois Pacifique journeys to a feeling of endless freedom and vitality. Essence of cardamom recalls a sunlit radiance. Brilliant akigalawood\u2122 spotlights the fresh, aromatic spice note of turmeric over a woody-spicy blend that instantly conjures a cool sensuality. One becomes lost in nature\u2019s grandeur as the smooth, careening richness of olibanum essence and orris butter courses through the fragrance. Sandalwood, cedar and oakwood facets comprise the forest of Bois Pacifique \u2013 a staggering presence of majestic woods illuminated by streaks of awe-inspiring solar light that emanate from a promising horizon.Bois Pacifique journeys to a feeling of endless freedom and vitality. Essence of cardamom recalls a sunlit radiance. Brilliant akigalawood\u2122 spotlights the fresh, aromatic spice note of turmeric over a woody-spicy blend that instantly conjures a cool sensuality. One becomes lost in nature\u2019s grandeur as the smooth, careening richness of olibanum essence and orris butter courses through the fragrance. Sandalwood, cedar and oakwood facets comprise the forest of Bois Pacifique \u2013 a staggering presence of majestic woods illuminated by streaks of awe-inspiring solar light that emanate from a promising horizon.",
        "additional_information": "{\n    \"Order Amount\": \"50 ml\",\n    \"Target Gender\": \"Male\",\n    \"made in\": \"Switzerland\",\n    \"Type of Fragrance\": \"Eau De Parfum\",\n    \"Warning Hints\": \"Avoid eye contact. Keep away from direct heat and sunlight.\",\n    \"Item Number\": \"1679879\",\n    \"Product Series\": \"Signature\",\n    \"Net Weight\": \"0.05 kg\",\n    \"Package Height\": \"9 cm\",\n    \"Package Length\": \"7.1 cm\",\n    \"Package Width\": \"6.7 cm\"\n}"
    },
    {
        "product_name": "Tom Ford Lip Color Matte Lipstick N 49 Dashing",
        "brand_name": "Tom Ford",
        "brand_url": "https://shop.frankfurt-airport.com/en-US/brand/tom-ford",
        "retailer_name": "Frankfurt Duty Free",
        "retailer_url": "https://shop.frankfurt-airport.com/en-US/retailer/heinemann",
        "price": "\u20ac57.99",
        "price_per_quantity": "\u20ac1,933.00 / 100  g",
        "description": "Velvet. Matte. Long-Wearing. TOM FORD Lip Color Matte creates a powerfully sophisticated look of unadulterated color. Formulated with a luxurious, velvet matte finish, the lip color matte smoothes comfortably onto the lips in a spectrum of richly pigmented hues from sensuous pink neutrals to alluring bolds.Velvet. Matte. Long-Wearing. TOM FORD Lip Color Matte creates a powerfully sophisticated look of unadulterated color. Formulated with a luxurious, velvet matte finish, the lip color matte smoothes comfortably onto the lips in a spectrum of richly pigmented hues from sensuous pink neutrals to alluring bolds.",
        "additional_information": "{\n    \"Order Amount\": \"3 g\",\n    \"made in\": \"Belgium\",\n    \"Warning Hints\": \"Avoid eye contact. Keep away from direct heat and sunlight.\",\n    \"Item Number\": \"1451864\",\n    \"Manufacturer Color\": \"No. 49 - Dashing\",\n    \"Product Series\": \"Lip Color Matte\",\n    \"Net Weight\": \"0.003 kg\",\n    \"Package Height\": \"7.9 cm\",\n    \"Package Length\": \"2.7 cm\",\n    \"Package Width\": \"2.6 cm\"\n}"
    },
    {
        "product_name": "Tom Ford Beauty Lip Color Ultra Shine Lipstick N 158 Ile Nue",
        "brand_name": "Tom Ford",
        "brand_url": "https://shop.frankfurt-airport.com/en-US/brand/tom-ford",
        "retailer_name": "Frankfurt Duty Free",
        "retailer_url": "https://shop.frankfurt-airport.com/en-US/retailer/heinemann",
        "price": "\u20ac52.99",
        "price_per_quantity": "\u20ac1,605.76 / 100  g",
        "description": "Soleil Ultra-Shine Lip Color embodies the effortless style and unapologetic luxury of an endless summer. Inspired by hues that recall iconic, escapist destinations.Soleil Ultra-Shine Lip Color embodies the effortless style and unapologetic luxury of an endless summer. Inspired by hues that recall iconic, escapist destinations.",
        "additional_information": "{\n    \"Order Amount\": \"3.3 g\",\n    \"made in\": \"Italy\",\n    \"Warning Hints\": \"Please be aware that ingredient lists may change or vary from time to time. Please refer to the ingredient list on the product package you receive for the most up-to-date list of ingredients.\",\n    \"Item Number\": \"1606651\",\n    \"Manufacturer Color\": \"No. 158 - Ile Nue\",\n    \"Product Series\": \"Lip Color\",\n    \"Net Weight\": \"0.003 kg\",\n    \"Package Height\": \"8.5 cm\",\n    \"Package Length\": \"2.1 cm\",\n    \"Package Width\": \"2.1 cm\"\n}"
    },
    {
        "product_name": "Tom Ford Lip Color Ultra Shine Lipstick N 20 Riviera",
        "brand_name": "Tom Ford",
        "brand_url": "https://shop.frankfurt-airport.com/en-US/brand/tom-ford",
        "retailer_name": "Frankfurt Duty Free",
        "retailer_url": "https://shop.frankfurt-airport.com/en-US/retailer/heinemann",
        "price": "\u20ac52.99",
        "price_per_quantity": "\u20ac1,605.76 / 100  g",
        "description": "Soleil Ultra-Shine Lip Color embodies the effortless style and unapologetic luxury of an endless summer. Inspired by hues that recall iconic, escapist destinations.Soleil Ultra-Shine Lip Color embodies the effortless style and unapologetic luxury of an endless summer. Inspired by hues that recall iconic, escapist destinations.",
        "additional_information": "{\n    \"Order Amount\": \"3.3 g\",\n    \"made in\": \"Italy\",\n    \"Warning Hints\": \"Please be aware that ingredient lists may change or vary from time to time. Please refer to the ingredient list on the product package you receive for the most up-to-date list of ingredients.\",\n    \"Item Number\": \"1606649\",\n    \"Manufacturer Color\": \"No. 20 - Riviera\",\n    \"Product Series\": \"Lip Color\",\n    \"Net Weight\": \"0.003 kg\",\n    \"Package Height\": \"8.5 cm\",\n    \"Package Length\": \"2.1 cm\",\n    \"Package Width\": \"2.1 cm\"\n}"
    },
    {
        "product_name": "Tom Ford Lip Color Lipstick N 19 Runway Rose",
        "brand_name": "Tom Ford",
        "brand_url": "https://shop.frankfurt-airport.com/en-US/brand/tom-ford",
        "retailer_name": "Frankfurt Duty Free",
        "retailer_url": "https://shop.frankfurt-airport.com/en-US/retailer/heinemann",
        "price": "\u20ac57.99",
        "price_per_quantity": "\u20ac1,656.86 / 100  g",
        "description": "More desirable than ever, new TOM FORD Runway Lip Color is invigorated with a blend of meadowfoam seed and tsubaki oils to hydrate and condition lips, protecting the lip barrier with their decadent emollience. With camelina and pomegranate seed oils envelops lips  in an ultra-creamy texture allowing for seamless glide. Featuring a range of inclusive shades: 01 Spanish Pink 03 Casablanca 05 Front Page 06 On Repeat 10 Cherry Lush 11 Stunner 13 Slip 14 Sable Smoke 15 Wild Ginger 16 Scarlet Rouge 17 Understated 18 Unzip 19 Runway Rose 69 Night Mauve 80 Impassioned N2 Dolce N3 West CoastMore desirable than ever, new TOM FORD Runway Lip Color is invigorated with a blend of meadowfoam seed and tsubaki oils to hydrate and condition lips, protecting the lip barrier with their decadent emollience. With camelina and pomegranate seed oils envelops lips  in an ultra-creamy texture allowing for seamless glide. Featuring a range of inclusive shades: 01 Spanish Pink 03 Casablanca 05 Front Page 06 On Repeat 10 Cherry Lush 11 Stunner 13 Slip 14 Sable Smoke 15 Wild Ginger 16 Scarlet Rouge 17 Understated 18 Unzip 19 Runway Rose 69 Night Mauve 80 Impassioned N2 Dolce N3 West Coast",
        "additional_information": "{\n    \"Order Amount\": \"3.5 g\",\n    \"made in\": \"Belgium\",\n    \"Warning Hints\": \"Avoid eye contact. Keep away from direct heat and sunlight.\",\n    \"Item Number\": \"1648053\",\n    \"Manufacturer Color\": \"No. 19 - Runway Rose\",\n    \"Product Series\": \"Lip Color\",\n    \"Net Weight\": \"0.004 kg\",\n    \"Package Height\": \"7.9 cm\",\n    \"Package Length\": \"2.7 cm\",\n    \"Package Width\": \"2.6 cm\"\n}"
    },
    {
        "product_name": "Tom Ford Lip Color Lipstick N 05 Front Page",
        "brand_name": "Tom Ford",
        "brand_url": "https://shop.frankfurt-airport.com/en-US/brand/tom-ford",
        "retailer_name": "Frankfurt Duty Free",
        "retailer_url": "https://shop.frankfurt-airport.com/en-US/retailer/heinemann",
        "price": "\u20ac57.99",
        "price_per_quantity": "\u20ac1,656.86 / 100  g",
        "description": "More desirable than ever, new TOM FORD Runway Lip Color is invigorated with a blend of meadowfoam seed and tsubaki oils to hydrate and condition lips, protecting the lip barrier with their decadent emollience. With camelina and pomegranate seed oils envelops lips  in an ultra-creamy texture allowing for seamless glide. Featuring a range of inclusive shades: 01 Spanish Pink 03 Casablanca 05 Front Page 06 On Repeat 10 Cherry Lush 11 Stunner 13 Slip 14 Sable Smoke 15 Wild Ginger 16 Scarlet Rouge 17 Understated 18 Unzip 19 Runway Rose 69 Night Mauve 80 Impassioned N2 Dolce N3 West CoastMore desirable than ever, new TOM FORD Runway Lip Color is invigorated with a blend of meadowfoam seed and tsubaki oils to hydrate and condition lips, protecting the lip barrier with their decadent emollience. With camelina and pomegranate seed oils envelops lips  in an ultra-creamy texture allowing for seamless glide. Featuring a range of inclusive shades: 01 Spanish Pink 03 Casablanca 05 Front Page 06 On Repeat 10 Cherry Lush 11 Stunner 13 Slip 14 Sable Smoke 15 Wild Ginger 16 Scarlet Rouge 17 Understated 18 Unzip 19 Runway Rose 69 Night Mauve 80 Impassioned N2 Dolce N3 West Coast",
        "additional_information": "{\n    \"Order Amount\": \"3.5 g\",\n    \"made in\": \"Belgium\",\n    \"Warning Hints\": \"Avoid eye contact. Keep away from direct heat and sunlight.\",\n    \"Item Number\": \"1648035\",\n    \"Manufacturer Color\": \"No. 05 - Front Page\",\n    \"Product Series\": \"Lip Color\",\n    \"Net Weight\": \"0.004 kg\",\n    \"Package Height\": \"7.9 cm\",\n    \"Package Length\": \"2.7 cm\",\n    \"Package Width\": \"2.6 cm\"\n}"
    },
    {
        "product_name": "Tom Ford Lip Color Lipstick N 01 Spanish Pink",
        "brand_name": "Tom Ford",
        "brand_url": "https://shop.frankfurt-airport.com/en-US/brand/tom-ford",
        "retailer_name": "Frankfurt Duty Free",
        "retailer_url": "https://shop.frankfurt-airport.com/en-US/retailer/heinemann",
        "price": "\u20ac52.99",
        "price_per_quantity": "\u20ac1,514.00 / 100  g",
        "description": "Runway Lip Color is the ultimate fashion accessory\u2014the true power lip. In the TOM FORD Runway Lip Color campaign, Angelina Jolie drives her personal narrative with strength, confidence and an uncompromising commitment to self-expression. She wears shade 16 Scarlet Rouge. Crafted with a new hydrating complex designed to TOM FORD's exacting performance standards, the formula veils lips in sumptuous comfort.Runway Lip Color is the ultimate fashion accessory\u2014the true power lip. In the TOM FORD Runway Lip Color campaign, Angelina Jolie drives her personal narrative with strength, confidence and an uncompromising commitment to self-expression. She wears shade 16 Scarlet Rouge. Crafted with a new hydrating complex designed to TOM FORD's exacting performance standards, the formula veils lips in sumptuous comfort.",
        "additional_information": "{\n    \"Order Amount\": \"3.5 g\",\n    \"made in\": \"Belgium\",\n    \"Warning Hints\": \"Avoid eye contact. Keep away from direct heat and sunlight.\",\n    \"Item Number\": \"1648045\",\n    \"Manufacturer Color\": \"Spanish Pink\",\n    \"Product Series\": \"Lip Color\",\n    \"Net Weight\": \"0.004 kg\",\n    \"Package Height\": \"7.6 cm\",\n    \"Package Length\": \"2.6 cm\",\n    \"Package Width\": \"2.5 cm\"\n}"
    },
    {
        "product_name": "Tom Ford Private Blend Rose de Amalfi Eau de Parfum 50 ml",
        "brand_name": "Tom Ford",
        "brand_url": "https://shop.frankfurt-airport.com/en-US/brand/tom-ford",
        "retailer_name": "Frankfurt Duty Free",
        "retailer_url": "https://shop.frankfurt-airport.com/en-US/retailer/heinemann",
        "price": "\u20ac239.99",
        "price_per_quantity": "\u20ac479.98 / 100  ml",
        "description": "An intimate, discreetly sensual rose kissed by Italian bergamot, ROSE D\u2019AMALFI merges baies roses with sunlit heliotrope, evoking skin-on-skin warmth.An intimate, discreetly sensual rose kissed by Italian bergamot, ROSE D\u2019AMALFI merges baies roses with sunlit heliotrope, evoking skin-on-skin warmth.",
        "additional_information": "{\n    \"Order Amount\": \"50 ml\",\n    \"Target Gender\": \"Female\",\n    \"made in\": \"Usa\",\n    \"Type of Fragrance\": \"Eau De Parfum\",\n    \"Warning Hints\": \"Avoid eye contact. Keep away from direct heat and sunlight.\",\n    \"Item Number\": \"1506766\",\n    \"Product Series\": \"Private Blend\",\n    \"Net Weight\": \"0.05 kg\",\n    \"Package Height\": \"12.8 cm\",\n    \"Package Length\": \"4.5 cm\",\n    \"Package Width\": \"4.5 cm\"\n}"
    },
    {
        "product_name": "Tom Ford Gloss Luxe Lip Gloss N 09 Aura",
        "brand_name": "Tom Ford",
        "brand_url": "https://shop.frankfurt-airport.com/en-US/brand/tom-ford",
        "retailer_name": "Frankfurt Duty Free",
        "retailer_url": "https://shop.frankfurt-airport.com/en-US/retailer/heinemann",
        "price": "\u20ac52.99",
        "price_per_quantity": "\u20ac963.45 / 100  ml",
        "description": "Gloss Luxe delivers light-as-air, sheer-to-medium coverage with a high-shine finish. Infused with nourishing oils (including jojoba seed and avocado), the luxe gloss hydrates lips and imparts a full-looking, nearly-naked gleam.Gloss Luxe delivers light-as-air, sheer-to-medium coverage with a high-shine finish. Infused with nourishing oils (including jojoba seed and avocado), the luxe gloss hydrates lips and imparts a full-looking, nearly-naked gleam.",
        "additional_information": "{\n    \"Order Amount\": \"5.5 ml\",\n    \"made in\": \"Canada\",\n    \"Warning Hints\": \"Please be aware that ingredient lists may change or vary from time to time. Please refer to the ingredient list on the product package you receive for the most up-to-date list of ingredients.\",\n    \"Item Number\": \"1679898\",\n    \"Manufacturer Color\": \"No. 09 - Aura\",\n    \"Product Series\": \"Gloss Luxe\",\n    \"Net Weight\": \"0.006 kg\",\n    \"Package Height\": \"12.8 cm\",\n    \"Package Length\": \"2.2 cm\",\n    \"Package Width\": \"2.3 cm\"\n}"
    },
    {
        "product_name": "Tom Ford Eye Color Quad Eye Shadow N 01 Olive Smoke",
        "brand_name": "Tom Ford",
        "brand_url": "https://shop.frankfurt-airport.com/en-US/brand/tom-ford",
        "retailer_name": "Frankfurt Duty Free",
        "retailer_url": "https://shop.frankfurt-airport.com/en-US/retailer/heinemann",
        "price": "\u20ac74.99",
        "price_per_quantity": "\u20ac1,442.12 / 100  g",
        "description": "These creamy long-lasting hues impeccably enhance eyes in one swipe, moving with skin for a non-creasing, non-fading finish and high-impact intensity.These creamy long-lasting hues impeccably enhance eyes in one swipe, moving with skin for a non-creasing, non-fading finish and high-impact intensity.",
        "additional_information": "{\n    \"Order Amount\": \"5.2 g\",\n    \"made in\": \"Italy\",\n    \"Warning Hints\": \"Avoid eye contact. Keep away from direct heat and sunlight.\",\n    \"Item Number\": \"1677654\",\n    \"Manufacturer Color\": \"Olive Smoke\",\n    \"Product Series\": \"Eye Color Quad\",\n    \"Net Weight\": \"0.005 kg\",\n    \"Package Height\": \"2 cm\",\n    \"Package Length\": \"11.2 cm\",\n    \"Package Width\": \"8 cm\"\n}"
    },
    {
        "product_name": "Tom Ford Shade And Illuminate Contour Duo N 05 Intensity 0.5 15 g",
        "brand_name": "Tom Ford",
        "brand_url": "https://shop.frankfurt-airport.com/en-US/brand/tom-ford",
        "retailer_name": "Frankfurt Duty Free",
        "retailer_url": "https://shop.frankfurt-airport.com/en-US/retailer/heinemann",
        "price": "\u20ac74.99",
        "price_per_quantity": "\u20ac499.93 / 100  g",
        "description": "Infused with moisturizing botanical oils, the lightweight formula blends seamlessly into the skin. Use the darker shade for depth, the lighter shade to enhance high points or combine both to customize intensity. The duo can also be used as cheek color and to warm up the complexion.Infused with moisturizing botanical oils, the lightweight formula blends seamlessly into the skin. Use the darker shade for depth, the lighter shade to enhance high points or combine both to customize intensity. The duo can also be used as cheek color and to warm up the complexion.",
        "additional_information": "{\n    \"Order Amount\": \"15 g\",\n    \"made in\": \"Canada\",\n    \"Warning Hints\": \"Please be aware that ingredient lists may change or vary from time to time. Please refer to the ingredient list on the product package you receive for the most up-to-date list of ingredients.\",\n    \"Item Number\": \"1534586\",\n    \"Manufacturer Color\": \"No. 05 - Intensity 0,5\",\n    \"Product Series\": \"Shade And Illuminate\",\n    \"Net Weight\": \"0.015 kg\",\n    \"Package Height\": \"11.3 cm\",\n    \"Package Length\": \"2.3 cm\",\n    \"Package Width\": \"8.3 cm\"\n}"
    },
    {
        "product_name": "Tom Ford Collection Eye Shadow N 31 Sous Le Sable",
        "brand_name": "Tom Ford",
        "brand_url": "https://shop.frankfurt-airport.com/en-US/brand/tom-ford",
        "retailer_name": "Frankfurt Duty Free",
        "retailer_url": "https://shop.frankfurt-airport.com/en-US/retailer/heinemann",
        "price": "\u20ac74.99",
        "price_per_quantity": "\u20ac833.22 / 100  g",
        "description": "Formulated with advanced color processes, the four luxurious finishes - sheer sparkle, satin, shimmer and matte - offer a spectrum of intensity and effects and deliver incredible shade fidelity. Select palettes with the TF logo imprinted on the powder formula indicate that the shade can be applied dry for a soft, sheer look, or wet for a bold, dramatic finish.Formulated with advanced color processes, the four luxurious finishes - sheer sparkle, satin, shimmer and matte - offer a spectrum of intensity and effects and deliver incredible shade fidelity. Select palettes with the TF logo imprinted on the powder formula indicate that the shade can be applied dry for a soft, sheer look, or wet for a bold, dramatic finish.",
        "additional_information": "{\n    \"Order Amount\": \"9 g\",\n    \"made in\": \"Italy\",\n    \"Warning Hints\": \"Avoid eye contact. Keep away from direct heat and sunlight.\",\n    \"Item Number\": \"1481300\",\n    \"Manufacturer Color\": \"No. 31 - Sous Le Sable\",\n    \"Product Series\": \"Tom Ford Collection\",\n    \"Net Weight\": \"0.009 kg\",\n    \"Package Height\": \"11 cm\",\n    \"Package Length\": \"2 cm\",\n    \"Package Width\": \"8 cm\"\n}"
    },
    {
        "product_name": "Tom Ford Shade And Illuminate Contour Duo N 01 Intensity 1 15 g",
        "brand_name": "Tom Ford",
        "brand_url": "https://shop.frankfurt-airport.com/en-US/brand/tom-ford",
        "retailer_name": "Frankfurt Duty Free",
        "retailer_url": "https://shop.frankfurt-airport.com/en-US/retailer/heinemann",
        "price": "\u20ac74.99",
        "price_per_quantity": "\u20ac499.93 / 100  g",
        "description": "Infused with moisturizing botanical oils, the lightweight formula blends seamlessly into the skin. Use the darker shade for depth, the lighter shade to enhance high points or combine both to customize intensity. The duo can also be used as cheek color and to warm up the complexion.Infused with moisturizing botanical oils, the lightweight formula blends seamlessly into the skin. Use the darker shade for depth, the lighter shade to enhance high points or combine both to customize intensity. The duo can also be used as cheek color and to warm up the complexion.",
        "additional_information": "{\n    \"Order Amount\": \"15 g\",\n    \"made in\": \"Canada\",\n    \"Warning Hints\": \"Please be aware that ingredient lists may change or vary from time to time. Please refer to the ingredient list on the product package you receive for the most up-to-date list of ingredients.\",\n    \"Item Number\": \"1534584\",\n    \"Manufacturer Color\": \"No. 01 - Intensity 1\",\n    \"Product Series\": \"Shade And Illuminate\",\n    \"Net Weight\": \"0.015 kg\",\n    \"Package Height\": \"11.3 cm\",\n    \"Package Length\": \"2.3 cm\",\n    \"Package Width\": \"8.2 cm\"\n}"
    },
    {
        "product_name": "Tom Ford Beauty Ombr Leather Eau de Parfum Set with Travel Spray",
        "brand_name": "Tom Ford",
        "brand_url": "https://shop.frankfurt-airport.com/en-US/brand/tom-ford",
        "retailer_name": "Frankfurt Duty Free",
        "retailer_url": "https://shop.frankfurt-airport.com/en-US/retailer/heinemann",
        "price": "\u20ac169.99",
        "price_per_quantity": "",
        "description": "Ombr\u00e9 Leather evokes the American West\u2019s desert beauty with rich, black leather layered beneath patchouli, vetiver and jasmine sambac. This set features 100mL bottle and 10mL travel spray. Presented in gift packaging.Ombr\u00e9 Leather evokes the American West\u2019s desert beauty with rich, black leather layered beneath patchouli, vetiver and jasmine sambac. This set features 100mL bottle and 10mL travel spray. Presented in gift packaging.",
        "additional_information": "{\n    \"Target Gender\": \"Female\",\n    \"made in\": \"Switzerland\",\n    \"Warning Hints\": \"Avoid eye contact. Keep away from direct heat and sunlight.\",\n    \"Item Number\": \"1664919\",\n    \"Product Series\": \"Ombre Leather\",\n    \"Net Weight\": \"0.11 kg\",\n    \"Package Height\": \"7 cm\",\n    \"Package Length\": \"15.2 cm\",\n    \"Package Width\": \"15.2 cm\"\n}"
    },
    {
        "product_name": "Tom Ford Eye Color Quad Eye Shadow N 02 Peach Glamour",
        "brand_name": "Tom Ford",
        "brand_url": "https://shop.frankfurt-airport.com/en-US/brand/tom-ford",
        "retailer_name": "Frankfurt Duty Free",
        "retailer_url": "https://shop.frankfurt-airport.com/en-US/retailer/heinemann",
        "price": "\u20ac74.99",
        "price_per_quantity": "\u20ac1,442.12 / 100  g",
        "description": "These creamy long-lasting hues impeccably enhance eyes in one swipe, moving with skin for a non-creasing, non-fading finish and high-impact intensity.These creamy long-lasting hues impeccably enhance eyes in one swipe, moving with skin for a non-creasing, non-fading finish and high-impact intensity.",
        "additional_information": "{\n    \"Order Amount\": \"5.2 g\",\n    \"made in\": \"Italy\",\n    \"Warning Hints\": \"Avoid eye contact. Keep away from direct heat and sunlight.\",\n    \"Item Number\": \"1675382\",\n    \"Manufacturer Color\": \"Peach Glamour\",\n    \"Product Series\": \"Eye Color Quad\",\n    \"Net Weight\": \"0.005 kg\",\n    \"Package Height\": \"2 cm\",\n    \"Package Length\": \"11.2 cm\",\n    \"Package Width\": \"8 cm\"\n}"
    },
    {
        "product_name": "Tom Ford Eye Color Quad Eyeshadow N 41 Peach Dawn",
        "brand_name": "Tom Ford",
        "brand_url": "https://shop.frankfurt-airport.com/en-US/brand/tom-ford",
        "retailer_name": "Frankfurt Duty Free",
        "retailer_url": "https://shop.frankfurt-airport.com/en-US/retailer/heinemann",
        "price": "\u20ac79.99",
        "price_per_quantity": "\u20ac1,333.17 / 100  g",
        "description": "These opulent, high-impact palettes embody the more-is-more glamour that is classic Tom Ford. With indigo and bronze hues, Metallic Denim evokes the libidinous sensuality of skin-gripping jeans. Rose Prisme presents fantastical, prismatic pinks and golds with a hint of glitz.These opulent, high-impact palettes embody the more-is-more glamour that is classic Tom Ford. With indigo and bronze hues, Metallic Denim evokes the libidinous sensuality of skin-gripping jeans. Rose Prisme presents fantastical, prismatic pinks and golds with a hint of glitz.",
        "additional_information": "{\n    \"Order Amount\": \"6 g\",\n    \"made in\": \"Italy\",\n    \"Warning Hints\": \"Avoid eye contact. Keep away from direct heat and sunlight.\",\n    \"Item Number\": \"1565490\",\n    \"Manufacturer Color\": \"No. 41 - Peach Dawn\",\n    \"Product Series\": \"Eye Color Quad\",\n    \"Net Weight\": \"0.006 kg\",\n    \"Package Height\": \"11 cm\",\n    \"Package Length\": \"8 cm\",\n    \"Package Width\": \"2 cm\"\n}"
    },
    {
        "product_name": "Tom Ford Lip Color Satin Matte Lipcolor Adored",
        "brand_name": "Tom Ford",
        "brand_url": "https://shop.frankfurt-airport.com/en-US/brand/tom-ford",
        "retailer_name": "Frankfurt Duty Free",
        "retailer_url": "https://shop.frankfurt-airport.com/en-US/retailer/heinemann",
        "price": "\u20ac57.99",
        "price_per_quantity": "\u20ac1,757.27 / 100  g",
        "description": "Lip Color Satin Matte is a highly pigmented, luminous satin matte formula that leaves lips visible plumped.Lip Color Satin Matte is a highly pigmented, luminous satin matte formula that leaves lips visible plumped.",
        "additional_information": "{\n    \"Order Amount\": \"3.3 g\",\n    \"made in\": \"Italy\",\n    \"Warning Hints\": \"Avoid eye contact. Keep away from direct heat and sunlight.\",\n    \"Item Number\": \"1507081\",\n    \"Manufacturer Color\": \"No. 50 - Adored\",\n    \"Product Series\": \"Lip Color Satin Matte\",\n    \"Net Weight\": \"0.003 kg\",\n    \"Package Height\": \"8.5 cm\",\n    \"Package Length\": \"2 cm\",\n    \"Package Width\": \"2 cm\"\n}"
    },
    {
        "product_name": "Tom Ford Lip Color Satin Matte Lipcolor Naked Rose",
        "brand_name": "Tom Ford",
        "brand_url": "https://shop.frankfurt-airport.com/en-US/brand/tom-ford",
        "retailer_name": "Frankfurt Duty Free",
        "retailer_url": "https://shop.frankfurt-airport.com/en-US/retailer/heinemann",
        "price": "\u20ac57.99",
        "price_per_quantity": "\u20ac1,757.27 / 100  g",
        "description": "Lip Color Satin Matte is a highly pigmented, luminous satin matte formula that leaves lips visible plumped.Lip Color Satin Matte is a highly pigmented, luminous satin matte formula that leaves lips visible plumped.",
        "additional_information": "{\n    \"Order Amount\": \"3.3 g\",\n    \"made in\": \"Italy\",\n    \"Warning Hints\": \"Avoid eye contact. Keep away from direct heat and sunlight.\",\n    \"Item Number\": \"1507083\",\n    \"Manufacturer Color\": \"No. 52 - Naked Rose\",\n    \"Product Series\": \"Lip Color Satin Matte\",\n    \"Net Weight\": \"0.003 kg\",\n    \"Package Height\": \"9 cm\",\n    \"Package Length\": \"2 cm\",\n    \"Package Width\": \"2 cm\"\n}"
    },
    {
        "product_name": "Tom Ford Signature Oud Minerale Eau de Parfum 50 ml",
        "brand_name": "Tom Ford",
        "brand_url": "https://shop.frankfurt-airport.com/en-US/brand/tom-ford",
        "retailer_name": "Frankfurt Duty Free",
        "retailer_url": "https://shop.frankfurt-airport.com/en-US/retailer/heinemann",
        "price": "\u20ac124.99",
        "price_per_quantity": "\u20ac249.98 / 100  ml",
        "description": "The warmth of oud is spiked with a wave of fresh pink peppercorn as fir balsam and ambergris balance earthy and marine inflections. A surge of smoky woods embraces sensual, skin-gripping musks for a contrasting fusion of elements.The warmth of oud is spiked with a wave of fresh pink peppercorn as fir balsam and ambergris balance earthy and marine inflections. A surge of smoky woods embraces sensual, skin-gripping musks for a contrasting fusion of elements.",
        "additional_information": "{\n    \"Order Amount\": \"50 ml\",\n    \"Target Gender\": \"Female\",\n    \"made in\": \"Switzerland\",\n    \"Type of Fragrance\": \"Eau De Parfum\",\n    \"Warning Hints\": \"Avoid eye contact. Keep away from direct heat and sunlight.\",\n    \"Item Number\": \"1615226\",\n    \"Product Series\": \"Signature\",\n    \"Net Weight\": \"0.05 kg\",\n    \"Package Height\": \"8.8 cm\",\n    \"Package Length\": \"6.8 cm\",\n    \"Package Width\": \"7 cm\"\n}"
    },
    {
        "product_name": "Tom Ford Costa Azzurra Juices Eau de Parfum 100 ml",
        "brand_name": "Tom Ford",
        "brand_url": "https://shop.frankfurt-airport.com/en-US/brand/tom-ford",
        "retailer_name": "Frankfurt Duty Free",
        "retailer_url": "https://shop.frankfurt-airport.com/en-US/retailer/heinemann",
        "price": "\u20ac169.99",
        "price_per_quantity": "\u20ac169.99 / 100  ml",
        "description": "Costa Azzurra captures the easy sensuality of a purely uninhibited escape. The exhilarating aroma of sea air, fresh aromatic notes, evergreens and citrus set the scene and mingle with deeper woody scents \u2014 a crisp medley of cypress, oaks and aromatics.Costa Azzurra captures the easy sensuality of a purely uninhibited escape. The exhilarating aroma of sea air, fresh aromatic notes, evergreens and citrus set the scene and mingle with deeper woody scents \u2014 a crisp medley of cypress, oaks and aromatics.",
        "additional_information": "{\n    \"Order Amount\": \"100 ml\",\n    \"Target Gender\": \"Male\",\n    \"made in\": \"Switzerland\",\n    \"Type of Fragrance\": \"Eau De Parfum\",\n    \"Warning Hints\": \"Avoid eye contact. Keep away from direct heat and sunlight.\",\n    \"Item Number\": \"1473377\",\n    \"Product Series\": \"Costa Azzurra\",\n    \"Net Weight\": \"0.1 kg\",\n    \"Package Height\": \"11.6 cm\",\n    \"Package Length\": \"7.6 cm\",\n    \"Package Width\": \"7.3 cm\"\n}"
    },
    {
        "product_name": "Tom Ford Woods Bois Marocain Eau de Parfum 50 ml",
        "brand_name": "Tom Ford",
        "brand_url": "https://shop.frankfurt-airport.com/en-US/brand/tom-ford",
        "retailer_name": "Frankfurt Duty Free",
        "retailer_url": "https://shop.frankfurt-airport.com/en-US/retailer/heinemann",
        "price": "\u20ac239.99",
        "price_per_quantity": "\u20ac479.98 / 100  ml",
        "description": "Inspired by the mystique of exotic woods, Tom Ford presents the ENIGMATIC WOODS collection. Each Private Blend scent celebrates ancient, treasured woods, linking the mysteries of centuries past with modern magnificence \u2013 and exquisite spiritual luxury. Experience SANTAL BLUSH, BOIS MAROCAIN, and \u00c9B\u00c8NE FUM\u00c9.Inspired by the mystique of exotic woods, Tom Ford presents the ENIGMATIC WOODS collection. Each Private Blend scent celebrates ancient, treasured woods, linking the mysteries of centuries past with modern magnificence \u2013 and exquisite spiritual luxury. Experience SANTAL BLUSH, BOIS MAROCAIN, and \u00c9B\u00c8NE FUM\u00c9.",
        "additional_information": "{\n    \"Order Amount\": \"50 ml\",\n    \"Target Gender\": \"Female\",\n    \"made in\": \"Usa\",\n    \"Type of Fragrance\": \"Eau De Parfum\",\n    \"Warning Hints\": \"Avoid eye contact. Keep away from direct heat and sunlight.\",\n    \"Item Number\": \"1534451\",\n    \"Product Series\": \"Private Blend\",\n    \"Net Weight\": \"0.05 kg\",\n    \"Package Height\": \"13 cm\",\n    \"Package Length\": \"4.8 cm\",\n    \"Package Width\": \"4.8 cm\"\n}"
    },
    {
        "product_name": "Tom Ford Eyes Micro Eyebrow Pencil N 04 Espresso",
        "brand_name": "Tom Ford",
        "brand_url": "https://shop.frankfurt-airport.com/en-US/brand/tom-ford",
        "retailer_name": "Frankfurt Duty Free",
        "retailer_url": "https://shop.frankfurt-airport.com/en-US/retailer/heinemann",
        "price": "\u20ac54.99",
        "price_per_quantity": "\u20ac10,998.00 / 100  g",
        "description": "The TOM FORD Architecture Brow Pencil enhances facial dimension by defining brows with clear-cut precision. The structured shape of the pencil tip allows for hair-like strokes that create a custom-tailored brow look.The TOM FORD Architecture Brow Pencil enhances facial dimension by defining brows with clear-cut precision. The structured shape of the pencil tip allows for hair-like strokes that create a custom-tailored brow look.",
        "additional_information": "{\n    \"Order Amount\": \"0.5 g\",\n    \"made in\": \"Korea \\u2013 Republic Of\",\n    \"Warning Hints\": \"Avoid eye contact. Keep away from direct heat and sunlight.\",\n    \"Item Number\": \"1679859\",\n    \"Manufacturer Color\": \"Espresso\",\n    \"Product Series\": \"Eyes\",\n    \"Net Weight\": \"0.001 kg\",\n    \"Package Height\": \"15 cm\",\n    \"Package Length\": \"2.2 cm\",\n    \"Package Width\": \"1.3 cm\"\n}"
    },
    {
        "product_name": "Tom Ford Beauty Ombr Leather Eau de Parfum Set with All Over Body Spray",
        "brand_name": "Tom Ford",
        "brand_url": "https://shop.frankfurt-airport.com/en-US/brand/tom-ford",
        "retailer_name": "Frankfurt Duty Free",
        "retailer_url": "https://shop.frankfurt-airport.com/en-US/retailer/heinemann",
        "price": "\u20ac169.99",
        "price_per_quantity": "",
        "description": "Ombr\u00e9 Leather fragrance evokes the American West\u2019s desert beauty with rich, black leather layered beneath patchouli, vetiver and jasmine sambac. This set features 100mL and 150mL Over Body Spray.Ombr\u00e9 Leather fragrance evokes the American West\u2019s desert beauty with rich, black leather layered beneath patchouli, vetiver and jasmine sambac. This set features 100mL and 150mL Over Body Spray.",
        "additional_information": "{\n    \"Target Gender\": \"Male\",\n    \"made in\": \"Switzerland\",\n    \"Warning Hints\": \"Avoid eye contact. Keep away from direct heat and sunlight.\",\n    \"Item Number\": \"1660339\",\n    \"Product Series\": \"Ombre Leather\",\n    \"Net Weight\": \"0.25 kg\",\n    \"Package Height\": \"7 cm\",\n    \"Package Length\": \"19.5 cm\",\n    \"Package Width\": \"19.5 cm\"\n}"
    },
    {
        "product_name": "Tom Ford Private Blend Soleil Neige Eau de Parfum 50 ml",
        "brand_name": "Tom Ford",
        "brand_url": "https://shop.frankfurt-airport.com/en-US/brand/tom-ford",
        "retailer_name": "Frankfurt Duty Free",
        "retailer_url": "https://shop.frankfurt-airport.com/en-US/retailer/heinemann",
        "price": "\u20ac219.99",
        "price_per_quantity": "\u20ac439.98 / 100  ml",
        "description": "Crystalline. Cool. Escapist. The new Private Blend, alive with radiance and light-reflective ethereality, mimics the serene shimmer of sun on snow. The bright opening of Bergamot and Carrot Seed mirrors the winter light, the cool reflection of the sun transforming  everything in sight to a blanket of glacial white.\\The floral heart looks to the iridescent sky, blooming with pale petal shades of  ivory and rose. The fresh green petals of Jasmine Grandiflorum, addictive Orange flower and the transparent white floralcy of Karmaflor Captive blends white blooms with the rich warmth of Turkish Rose. The dry-down melts onto skin with the wood and honey undertones of Cistus Labdanum and skin-gripping musk as the resinous dimension of Benzoin and creamy Vanilla finish with sun-kissed warmth.Crystalline. Cool. Escapist. The new Private Blend, alive with radiance and light-reflective ethereality, mimics the serene shimmer of sun on snow. The bright opening of Bergamot and Carrot Seed mirrors the winter light, the cool reflection of the sun transforming  everything in sight to a blanket of glacial white.\\The floral heart looks to the iridescent sky, blooming with pale petal shades of  ivory and rose. The fresh green petals of Jasmine Grandiflorum, addictive Orange flower and the transparent white floralcy of Karmaflor Captive blends white blooms with the rich warmth of Turkish Rose. The dry-down melts onto skin with the wood and honey undertones of Cistus Labdanum and skin-gripping musk as the resinous dimension of Benzoin and creamy Vanilla finish with sun-kissed warmth.",
        "additional_information": "{\n    \"Order Amount\": \"50 ml\",\n    \"Target Gender\": \"Male\",\n    \"made in\": \"Usa\",\n    \"Type of Fragrance\": \"Eau De Parfum\",\n    \"Warning Hints\": \"Avoid eye contact. Keep away from direct heat and sunlight.\",\n    \"Item Number\": \"1424556\",\n    \"Product Series\": \"Private Blend\",\n    \"Net Weight\": \"0.05 kg\",\n    \"Package Height\": \"13.2 cm\",\n    \"Package Length\": \"4.9 cm\",\n    \"Package Width\": \"4.9 cm\"\n}"
    },
    {
        "product_name": "Tom Ford Private Fucking Fabulous Blend Eau de Parfum 30 ml",
        "brand_name": "Tom Ford",
        "brand_url": "https://shop.frankfurt-airport.com/en-US/brand/tom-ford",
        "retailer_name": "Frankfurt Duty Free",
        "retailer_url": "https://shop.frankfurt-airport.com/en-US/retailer/heinemann",
        "price": "\u20ac199.99",
        "price_per_quantity": "\u20ac666.63 / 100  ml",
        "description": "Vibrant clary sage and fresh lavender command attention with aromatic foreplay. Bitter almond and notes of vanilla infuse textural richness to the leather heart, intensified by floral orris accord. Tonka bean drives the scent as amber undertones and blonde woods accords reverberate with a warm glow.Vibrant clary sage and fresh lavender command attention with aromatic foreplay. Bitter almond and notes of vanilla infuse textural richness to the leather heart, intensified by floral orris accord. Tonka bean drives the scent as amber undertones and blonde woods accords reverberate with a warm glow.",
        "additional_information": "{\n    \"Order Amount\": \"30 ml\",\n    \"Target Gender\": \"Female\",\n    \"made in\": \"Switzerland\",\n    \"Type of Fragrance\": \"Eau De Parfum\",\n    \"Warning Hints\": \"Avoid eye contact. Keep away from direct heat and sunlight. Please be aware that ingredient lists may change or vary from time to time. Please refer to the ingredient list on the product package you receive for the most up-to-date list of ingredients.\",\n    \"Item Number\": \"1628870\",\n    \"Product Series\": \"Private Blend\",\n    \"Net Weight\": \"0.03 kg\",\n    \"Package Height\": \"11.4 cm\",\n    \"Package Length\": \"4.8 cm\",\n    \"Package Width\": \"4.8 cm\"\n}"
    },
    {
        "product_name": "Tom Ford Private Blend Cherry Smoke Eau de Parfum 50 ml",
        "brand_name": "Tom Ford",
        "brand_url": "https://shop.frankfurt-airport.com/en-US/brand/tom-ford",
        "retailer_name": "Frankfurt Duty Free",
        "retailer_url": "https://shop.frankfurt-airport.com/en-US/retailer/heinemann",
        "price": "\u20ac319.99",
        "price_per_quantity": "\u20ac639.98 / 100  ml",
        "description": "An experienced hedonist, CHERRY SMOKE plays with fire,bursting with the scent of dark cherry, ignited by seductiveosmanthus and smoldering, smoked woods.An experienced hedonist, CHERRY SMOKE plays with fire,bursting with the scent of dark cherry, ignited by seductiveosmanthus and smoldering, smoked woods.",
        "additional_information": "{\n    \"Order Amount\": \"50 ml\",\n    \"Target Gender\": \"Female\",\n    \"made in\": \"Usa\",\n    \"Type of Fragrance\": \"Eau De Parfum\",\n    \"Warning Hints\": \"Avoid eye contact. Keep away from direct heat and sunlight.\",\n    \"Item Number\": \"1556064\",\n    \"Product Series\": \"Private Blend\",\n    \"Net Weight\": \"0.05 kg\",\n    \"Package Height\": \"13.2 cm\",\n    \"Package Length\": \"4.9 cm\",\n    \"Package Width\": \"4.9 cm\"\n}"
    },
    {
        "product_name": "Tom Ford Neroli Portofino Set",
        "brand_name": "Tom Ford",
        "brand_url": "https://shop.frankfurt-airport.com/en-US/brand/tom-ford",
        "retailer_name": "Frankfurt Duty Free",
        "retailer_url": "https://shop.frankfurt-airport.com/en-US/retailer/heinemann",
        "price": "\u20ac249.99",
        "price_per_quantity": "",
        "description": "Neroli Portofino Parfum is invigoratingly transportive, evoking the lush citrus gardens of the Italian Riviera. This rich cream nourishes and moisturizes skin and leaves it hydrated and smooth. This set includes a 50ml bottle and a body lotion.Neroli Portofino Parfum is invigoratingly transportive, evoking the lush citrus gardens of the Italian Riviera. This rich cream nourishes and moisturizes skin and leaves it hydrated and smooth. This set includes a 50ml bottle and a body lotion.",
        "additional_information": "{\n    \"Target Gender\": \"Male\",\n    \"made in\": \"Usa\",\n    \"Item Number\": \"1622556\",\n    \"Product Series\": \"Neroli Portofino\",\n    \"Net Weight\": \"0.2 kg\",\n    \"Package Height\": \"20.1 cm\",\n    \"Package Length\": \"20.1 cm\",\n    \"Package Width\": \"5.8 cm\"\n}"
    },
    {
        "product_name": "Tom Ford Private Blend Electric Cherry Eau de Parfum 50 ml",
        "brand_name": "Tom Ford",
        "brand_url": "https://shop.frankfurt-airport.com/en-US/brand/tom-ford",
        "retailer_name": "Frankfurt Duty Free",
        "retailer_url": "https://shop.frankfurt-airport.com/en-US/retailer/heinemann",
        "price": "\u20ac319.99",
        "price_per_quantity": "\u20ac639.98 / 100  ml",
        "description": "\"ELECTRIC CHERRY evokes a teasing flirt sparkling withplayful effervescence, as the scent of Morello cherry withthe warmth of musk combines with sultry jasmine. \"\"ELECTRIC CHERRY evokes a teasing flirt sparkling withplayful effervescence, as the scent of Morello cherry withthe warmth of musk combines with sultry jasmine. \"",
        "additional_information": "{\n    \"Order Amount\": \"50 ml\",\n    \"Target Gender\": \"Female\",\n    \"made in\": \"Usa\",\n    \"Type of Fragrance\": \"Eau De Parfum\",\n    \"Warning Hints\": \"Avoid eye contact. Keep away from direct heat and sunlight.\",\n    \"Item Number\": \"1555746\",\n    \"Product Series\": \"Private Blend\",\n    \"Net Weight\": \"0.05 kg\",\n    \"Package Height\": \"13.2 cm\",\n    \"Package Length\": \"4.9 cm\",\n    \"Package Width\": \"4.9 cm\"\n}"
    },
    {
        "product_name": "Tom Ford Private Blend Black Lacquer Eau de Parfum 50 ml",
        "brand_name": "Tom Ford",
        "brand_url": "https://shop.frankfurt-airport.com/en-US/brand/tom-ford",
        "retailer_name": "Frankfurt Duty Free",
        "retailer_url": "https://shop.frankfurt-airport.com/en-US/retailer/heinemann",
        "price": "\u20ac319.99",
        "price_per_quantity": "\u20ac639.98 / 100  ml",
        "description": "The fragrance shines with two exclusive innovations in modern perfumery: an incandescent black lacquer accord that captures a smoky,  dimensional opulence, and a Makassar ebony wood note that evokes aspects of leather and birch. Beneath the glossy surface blooms the irrepressible mystery of a dark peony accord.The fragrance shines with two exclusive innovations in modern perfumery: an incandescent black lacquer accord that captures a smoky,  dimensional opulence, and a Makassar ebony wood note that evokes aspects of leather and birch. Beneath the glossy surface blooms the irrepressible mystery of a dark peony accord.",
        "additional_information": "{\n    \"Order Amount\": \"50 ml\",\n    \"Target Gender\": \"Female\",\n    \"made in\": \"Usa\",\n    \"Warning Hints\": \"Avoid eye contact. Keep away from direct heat and sunlight.\",\n    \"Item Number\": \"1648021\",\n    \"Product Series\": \"Private Blend\",\n    \"Net Weight\": \"0.05 kg\",\n    \"Package Height\": \"13.1 cm\",\n    \"Package Length\": \"5 cm\",\n    \"Package Width\": \"5 cm\"\n}"
    },
    {
        "product_name": "Tom Ford White Suede Eau de Parfum 50 ml",
        "brand_name": "Tom Ford",
        "brand_url": "https://shop.frankfurt-airport.com/en-US/brand/tom-ford",
        "retailer_name": "Frankfurt Duty Free",
        "retailer_url": "https://shop.frankfurt-airport.com/en-US/retailer/heinemann",
        "price": "\u20ac259.99",
        "price_per_quantity": "\u20ac519.98 / 100  ml",
        "description": "Wild. Charming. Irresistible. To Tom Ford, leather and suede have a powerfully addictive pull. In this elegant musk-inspired fragrance, he captures the primal essence of these supple, sensual, materials, giving them beautiful new dimension with a surprising musk medley that is heightened with velvety rose and warm amber.Wild. Charming. Irresistible. To Tom Ford, leather and suede have a powerfully addictive pull. In this elegant musk-inspired fragrance, he captures the primal essence of these supple, sensual, materials, giving them beautiful new dimension with a surprising musk medley that is heightened with velvety rose and warm amber.",
        "additional_information": "{\n    \"Order Amount\": \"50 ml\",\n    \"Target Gender\": \"Female\",\n    \"made in\": \"Switzerland\",\n    \"Type of Fragrance\": \"Eau De Parfum\",\n    \"Warning Hints\": \"Avoid eye contact. Keep away from direct heat and sunlight.\",\n    \"Item Number\": \"1438500\",\n    \"Product Series\": \"Private Blend\",\n    \"Net Weight\": \"0.05 kg\",\n    \"Package Height\": \"13.2 cm\",\n    \"Package Length\": \"5 cm\",\n    \"Package Width\": \"5 cm\"\n}"
    },
    {
        "product_name": "Tom Ford Ombre Leather Eau de Parfum 150 ml",
        "brand_name": "Tom Ford",
        "brand_url": "https://shop.frankfurt-airport.com/en-US/brand/tom-ford",
        "retailer_name": "Frankfurt Duty Free",
        "retailer_url": "https://shop.frankfurt-airport.com/en-US/retailer/heinemann",
        "price": "\u20ac199.99",
        "price_per_quantity": "\u20ac133.33 / 100  ml",
        "description": "Building on the untethered, tactile sensuality of the original scent, OMBR\u00c9 LEATHER PARFUM intensifies the distinctly rich, luxurious leather signature with surprising new additions. Violet leaf absolute orpur breathes a powerful, intensely green air, giving way to the elegant, woody sensuality of cedarwood. Harvested before the monsoon season to produce an elevated extract, jasmine sambac absolute India orpur offers an intense, fruity floral facet recalling honeysuckle. Deep leathery and woody notes laced with green tobacco undercut the floralcy, stoking a creamy sensuality \u2013 while a double concentration of orris heart pulses beneath, releasing a captivating, addictive pull.Building on the untethered, tactile sensuality of the original scent, OMBR\u00c9 LEATHER PARFUM intensifies the distinctly rich, luxurious leather signature with surprising new additions. Violet leaf absolute orpur breathes a powerful, intensely green air, giving way to the elegant, woody sensuality of cedarwood. Harvested before the monsoon season to produce an elevated extract, jasmine sambac absolute India orpur offers an intense, fruity floral facet recalling honeysuckle. Deep leathery and woody notes laced with green tobacco undercut the floralcy, stoking a creamy sensuality \u2013 while a double concentration of orris heart pulses beneath, releasing a captivating, addictive pull.",
        "additional_information": "{\n    \"Order Amount\": \"150 ml\",\n    \"Target Gender\": \"Female\",\n    \"made in\": \"Switzerland\",\n    \"Type of Fragrance\": \"Eau De Parfum\",\n    \"Warning Hints\": \"Avoid eye contact. Keep away from direct heat and sunlight.\",\n    \"Item Number\": \"1560594\",\n    \"Product Series\": \"Ombre Leather\",\n    \"Net Weight\": \"0.15 kg\",\n    \"Package Height\": \"12.1 cm\",\n    \"Package Length\": \"8.4 cm\",\n    \"Package Width\": \"8.4 cm\"\n}"
    },
    {
        "product_name": "Tom Ford Ombre Leather Juices 50 ml",
        "brand_name": "Tom Ford",
        "brand_url": "https://shop.frankfurt-airport.com/en-US/brand/tom-ford",
        "retailer_name": "Frankfurt Duty Free",
        "retailer_url": "https://shop.frankfurt-airport.com/en-US/retailer/heinemann",
        "price": "\u20ac144.99",
        "price_per_quantity": "\u20ac289.98 / 100  ml",
        "description": "A distinct floral leather, Ombr\u00e9 Leather Parfum magnifies the original fragrance, merging black leather with powerfulviolet leaf and sensual cedarwood laced with a hint of greentobaccoA distinct floral leather, Ombr\u00e9 Leather Parfum magnifies the original fragrance, merging black leather with powerfulviolet leaf and sensual cedarwood laced with a hint of greentobacco",
        "additional_information": "{\n    \"Order Amount\": \"50 ml\",\n    \"Target Gender\": \"Female\",\n    \"made in\": \"Switzerland\",\n    \"Type of Fragrance\": \"Parfum\",\n    \"Warning Hints\": \"Avoid eye contact. Keep away from direct heat and sunlight.\",\n    \"Item Number\": \"1486936\",\n    \"Product Series\": \"Ombre Leather\",\n    \"Net Weight\": \"0.05 kg\",\n    \"Package Height\": \"9.1 cm\",\n    \"Package Length\": \"7 cm\",\n    \"Package Width\": \"6.6 cm\"\n}"
    },
    {
        "product_name": "Tom Ford Signature Oud Minerale Eau de Parfum 100 ml",
        "brand_name": "Tom Ford",
        "brand_url": "https://shop.frankfurt-airport.com/en-US/brand/tom-ford",
        "retailer_name": "Frankfurt Duty Free",
        "retailer_url": "https://shop.frankfurt-airport.com/en-US/retailer/heinemann",
        "price": "\u20ac174.99",
        "price_per_quantity": "\u20ac174.99 / 100  ml",
        "description": "The warmth of oud is spiked with a wave of fresh pink peppercorn as fir balsam and ambergris balance earthy and marine inflections. A surge of smoky woods embraces sensual, skin-gripping musks for a contrasting fusion of elements.The warmth of oud is spiked with a wave of fresh pink peppercorn as fir balsam and ambergris balance earthy and marine inflections. A surge of smoky woods embraces sensual, skin-gripping musks for a contrasting fusion of elements.",
        "additional_information": "{\n    \"Order Amount\": \"100 ml\",\n    \"Target Gender\": \"Female\",\n    \"made in\": \"Switzerland\",\n    \"Type of Fragrance\": \"Eau De Parfum\",\n    \"Warning Hints\": \"Avoid eye contact. Keep away from direct heat and sunlight.\",\n    \"Item Number\": \"1615287\",\n    \"Product Series\": \"Signature\",\n    \"Net Weight\": \"0.1 kg\",\n    \"Package Height\": \"11.6 cm\",\n    \"Package Length\": \"7.2 cm\",\n    \"Package Width\": \"7.5 cm\"\n}"
    },
    {
        "product_name": "Tom Ford Ombre Leather Eau de Parfum 10 ml",
        "brand_name": "Tom Ford",
        "brand_url": "https://shop.frankfurt-airport.com/en-US/brand/tom-ford",
        "retailer_name": "Frankfurt Duty Free",
        "retailer_url": "https://shop.frankfurt-airport.com/en-US/retailer/heinemann",
        "price": "\u20ac36.99",
        "price_per_quantity": "\u20ac369.90 / 100  ml",
        "description": "Dust on wind, skin on skin, the Ombr\u00e9 Leather fragrance evokes the desert heart of the west. The sensuality of rich black leather is  texturized with patchouli and vetiver, while floral tones of jasmine sambac conjure wild desert beauty \u2013 and layers of amber and moss mimic the heat of rock and sand.Dust on wind, skin on skin, the Ombr\u00e9 Leather fragrance evokes the desert heart of the west. The sensuality of rich black leather is  texturized with patchouli and vetiver, while floral tones of jasmine sambac conjure wild desert beauty \u2013 and layers of amber and moss mimic the heat of rock and sand.",
        "additional_information": "{\n    \"Order Amount\": \"10 ml\",\n    \"Target Gender\": \"Female\",\n    \"made in\": \"Switzerland\",\n    \"Type of Fragrance\": \"Eau De Parfum\",\n    \"Warning Hints\": \"Avoid eye contact. Keep away from direct heat and sunlight.\",\n    \"Item Number\": \"1628863\",\n    \"Product Series\": \"Ombre Leather\",\n    \"Net Weight\": \"0.01 kg\",\n    \"Package Height\": \"11.5 cm\",\n    \"Package Length\": \"2.7 cm\",\n    \"Package Width\": \"2.8 cm\"\n}"
    },
    {
        "product_name": "Tom Ford Private Blend Set",
        "brand_name": "Tom Ford",
        "brand_url": "https://shop.frankfurt-airport.com/en-US/brand/tom-ford",
        "retailer_name": "Frankfurt Duty Free",
        "retailer_url": "https://shop.frankfurt-airport.com/en-US/retailer/heinemann",
        "price": "\u20ac329.99",
        "price_per_quantity": "",
        "description": "Black cherry mingles with cherry liqueur and a teasing touch of bitter almond, bursting forth in waves of sweet and tart. Opulent floral notes of Turkish rose and jasmine sambac blend with an unexpected m\u00e9lange of sandalwood, vetiver and cedar.Black cherry mingles with cherry liqueur and a teasing touch of bitter almond, bursting forth in waves of sweet and tart. Opulent floral notes of Turkish rose and jasmine sambac blend with an unexpected m\u00e9lange of sandalwood, vetiver and cedar.",
        "additional_information": "{\n    \"Target Gender\": \"Female\",\n    \"made in\": \"Usa\",\n    \"Warning Hints\": \"Avoid eye contact. Keep away from direct heat and sunlight.\",\n    \"Item Number\": \"1615288\",\n    \"Product Series\": \"Private Blend\",\n    \"Net Weight\": \"0.06 kg\",\n    \"Package Height\": \"15.2 cm\",\n    \"Package Length\": \"15.2 cm\",\n    \"Package Width\": \"5 cm\"\n}"
    },
    {
        "product_name": "Tom Ford Black Orchid Eau de Parfum 10 ml",
        "brand_name": "Tom Ford",
        "brand_url": "https://shop.frankfurt-airport.com/en-US/brand/tom-ford",
        "retailer_name": "Frankfurt Duty Free",
        "retailer_url": "https://shop.frankfurt-airport.com/en-US/retailer/heinemann",
        "price": "\u20ac37.99",
        "price_per_quantity": "\u20ac379.90 / 100  ml",
        "description": "A luxe and extraordinary fragrance of rich accords merged with a sensual composition of dark florals and spice. Black Orchid is both modern and timeless \u2013 an homage to worldly glamour and iconic style. Expressed in a portable travel-size.A luxe and extraordinary fragrance of rich accords merged with a sensual composition of dark florals and spice. Black Orchid is both modern and timeless \u2013 an homage to worldly glamour and iconic style. Expressed in a portable travel-size.",
        "additional_information": "{\n    \"Order Amount\": \"10 ml\",\n    \"Target Gender\": \"Female\",\n    \"made in\": \"Switzerland\",\n    \"Type of Fragrance\": \"Eau De Parfum\",\n    \"Warning Hints\": \"Avoid eye contact. Keep away from direct heat and sunlight.\",\n    \"Item Number\": \"1628693\",\n    \"Product Series\": \"Black Orchid\",\n    \"Net Weight\": \"0.01 kg\",\n    \"Package Height\": \"11.4 cm\",\n    \"Package Length\": \"2.6 cm\",\n    \"Package Width\": \"2.8 cm\"\n}"
    },
    {
        "product_name": "Tom Ford Soleil Blanc Eau de Parfum 30 ml",
        "brand_name": "Tom Ford",
        "brand_url": "https://shop.frankfurt-airport.com/en-US/brand/tom-ford",
        "retailer_name": "Frankfurt Duty Free",
        "retailer_url": "https://shop.frankfurt-airport.com/en-US/retailer/heinemann",
        "price": "\u20ac149.99",
        "price_per_quantity": "\u20ac499.97 / 100  ml",
        "description": "Remote private islands where summer lasts all year and one day seamlessly blends into the next inspire Soleil Blanc, an addictive solar floral amber alive with seductive refinement and refreshing decadence. Tom Ford\u2019s latest private blend creation unapologetically exudes the endless pursuit of sun and luxury that defines Tom Ford Soleil.Remote private islands where summer lasts all year and one day seamlessly blends into the next inspire Soleil Blanc, an addictive solar floral amber alive with seductive refinement and refreshing decadence. Tom Ford\u2019s latest private blend creation unapologetically exudes the endless pursuit of sun and luxury that defines Tom Ford Soleil.",
        "additional_information": "{\n    \"Order Amount\": \"30 ml\",\n    \"Target Gender\": \"Female\",\n    \"made in\": \"Usa\",\n    \"Type of Fragrance\": \"Eau De Parfum\",\n    \"Warning Hints\": \"Avoid eye contact. Keep away from direct heat and sunlight.\",\n    \"Item Number\": \"1451886\",\n    \"Product Series\": \"Private Blend\",\n    \"Net Weight\": \"0.03 kg\",\n    \"Package Height\": \"11.5 cm\",\n    \"Package Length\": \"4.9 cm\",\n    \"Package Width\": \"4.9 cm\"\n}"
    },
    {
        "product_name": "Tom Ford Ebne Fum Juices 50 ml",
        "brand_name": "Tom Ford",
        "brand_url": "https://shop.frankfurt-airport.com/en-US/brand/tom-ford",
        "retailer_name": "Frankfurt Duty Free",
        "retailer_url": "https://shop.frankfurt-airport.com/en-US/retailer/heinemann",
        "price": "\u20ac219.99",
        "price_per_quantity": "\u20ac439.98 / 100  ml",
        "description": "\u00c9b\u00e8ne Fum\u00e9 merges the ancient purifying powers of Palo Santo with seductive African ebony wood, arousing exquisite calm and heightened spiritual luxury.\u00c9b\u00e8ne Fum\u00e9 merges the ancient purifying powers of Palo Santo with seductive African ebony wood, arousing exquisite calm and heightened spiritual luxury.",
        "additional_information": "{\n    \"Order Amount\": \"50 ml\",\n    \"Target Gender\": \"Male\",\n    \"made in\": \"Usa\",\n    \"Type of Fragrance\": \"Eau De Parfum\",\n    \"Warning Hints\": \"Avoid eye contact. Keep away from direct heat and sunlight.\",\n    \"Item Number\": \"1486935\",\n    \"Product Series\": \"Private Blend\",\n    \"Net Weight\": \"0.05 kg\",\n    \"Package Height\": \"13.2 cm\",\n    \"Package Length\": \"5 cm\",\n    \"Package Width\": \"5 cm\"\n}"
    },
    {
        "product_name": "Tom Ford Black Orchid 100 ml",
        "brand_name": "Tom Ford",
        "brand_url": "https://shop.frankfurt-airport.com/en-US/brand/tom-ford",
        "retailer_name": "Frankfurt Duty Free",
        "retailer_url": "https://shop.frankfurt-airport.com/en-US/retailer/heinemann",
        "price": "\u20ac179.99",
        "price_per_quantity": "\u20ac179.99 / 100  ml",
        "description": "Tom Ford Black Orchid is a sensuous, dark and dramatic fragrance which captures the attention and holds it as the notes deepen and balance. The attention is captured by a sensuous blend of black truffle and ylang, mingled with fresh bergamot and blackcurrant. A dramatic signature unfolds with the custom\u2013made Tom Ford black orchid blended with dark, tempting florals and rich fruit accords. The heart is deepened with the intoxicating lotus wood. The decadent noir gourmand accord is balanced by patchouli, incense and vetiver, while vanilla tears add a fluid creaminess to warm balsam and smooth sandalwood.Tom Ford Black Orchid is a sensuous, dark and dramatic fragrance which captures the attention and holds it as the notes deepen and balance. The attention is captured by a sensuous blend of black truffle and ylang, mingled with fresh bergamot and blackcurrant. A dramatic signature unfolds with the custom\u2013made Tom Ford black orchid blended with dark, tempting florals and rich fruit accords. The heart is deepened with the intoxicating lotus wood. The decadent noir gourmand accord is balanced by patchouli, incense and vetiver, while vanilla tears add a fluid creaminess to warm balsam and smooth sandalwood.",
        "additional_information": "{\n    \"Order Amount\": \"100 ml\",\n    \"Target Gender\": \"Female\",\n    \"made in\": \"Switzerland\",\n    \"Type of Fragrance\": \"Eau De Parfum\",\n    \"Warning Hints\": \"Keep away from the sun and bright light.\",\n    \"Item Number\": \"911703\",\n    \"Product Series\": \"Black Orchid\",\n    \"Net Weight\": \"0.1 kg\",\n    \"Package Height\": \"16.5 cm\",\n    \"Package Length\": \"8.5 cm\",\n    \"Package Width\": \"3.5 cm\"\n}"
    },
    {
        "product_name": "Tom Ford Black Orchid 50 ml",
        "brand_name": "Tom Ford",
        "brand_url": "https://shop.frankfurt-airport.com/en-US/brand/tom-ford",
        "retailer_name": "Frankfurt Duty Free",
        "retailer_url": "https://shop.frankfurt-airport.com/en-US/retailer/heinemann",
        "price": "\u20ac129.99",
        "price_per_quantity": "\u20ac259.98 / 100  ml",
        "description": "A dramatic signature unfolds with the custom-made Tom Ford Black Orchid blended with dark, tempting florals and rich fruit accords. The heart is deepened with the intoxicating Lotus Wood. \u2022The decadent Noir Gourmand Accord is balanced by Patchouli-incense and Vetiver. Vanilla tears add a fluid creaminess to warm Balsam and smooth SandalwoodFA dramatic signature unfolds with the custom-made Tom Ford Black Orchid blended with dark, tempting florals and rich fruit accords. The heart is deepened with the intoxicating Lotus Wood. \u2022The decadent Noir Gourmand Accord is balanced by Patchouli-incense and Vetiver. Vanilla tears add a fluid creaminess to warm Balsam and smooth SandalwoodF",
        "additional_information": "{\n    \"Order Amount\": \"50 ml\",\n    \"Target Gender\": \"Female\",\n    \"made in\": \"Switzerland\",\n    \"Type of Fragrance\": \"Eau De Parfum\",\n    \"Item Number\": \"911707\",\n    \"Product Series\": \"Black Orchid\",\n    \"Net Weight\": \"0.05 kg\",\n    \"Package Height\": \"17.5 cm\",\n    \"Package Length\": \"8 cm\",\n    \"Package Width\": \"4 cm\"\n}"
    },
    {
        "product_name": "Tom Ford Private Blend Jasmin Rouge Eau de Parfum 50 ml",
        "brand_name": "Tom Ford",
        "brand_url": "https://shop.frankfurt-airport.com/en-US/brand/tom-ford",
        "retailer_name": "Frankfurt Duty Free",
        "retailer_url": "https://shop.frankfurt-airport.com/en-US/retailer/heinemann",
        "price": "\u20ac239.99",
        "price_per_quantity": "\u20ac479.98 / 100  ml",
        "description": "Voluptuous. Sensuous. Audacious. Tom Ford Jasmin Rouge is a voluptuous, saturated, spiced floral. an unexpected blend of precious sambac jasmine sepals absolute, an ingredient never used before in perfumery with dusky clary sage and rich spices, it unveils a new  facet of jasmine's erotic decadence. jasmin rouge is as audacious as lacquered red lips. its deep red bottle evokes lush and hedonistic glamour.Voluptuous. Sensuous. Audacious. Tom Ford Jasmin Rouge is a voluptuous, saturated, spiced floral. an unexpected blend of precious sambac jasmine sepals absolute, an ingredient never used before in perfumery with dusky clary sage and rich spices, it unveils a new  facet of jasmine's erotic decadence. jasmin rouge is as audacious as lacquered red lips. its deep red bottle evokes lush and hedonistic glamour.",
        "additional_information": "{\n    \"Order Amount\": \"50 ml\",\n    \"Target Gender\": \"Female\",\n    \"made in\": \"Usa\",\n    \"Type of Fragrance\": \"Eau De Parfum\",\n    \"Item Number\": \"1056959\",\n    \"Product Series\": \"Private Blend\",\n    \"Net Weight\": \"0.05 kg\",\n    \"Package Height\": \"13 cm\",\n    \"Package Length\": \"5 cm\",\n    \"Package Width\": \"5 cm\"\n}"
    },
    {
        "product_name": "Tom Ford Signature Cafe Rose Eau de Parfum 50 ml",
        "brand_name": "Tom Ford",
        "brand_url": "https://shop.frankfurt-airport.com/en-US/brand/tom-ford",
        "retailer_name": "Frankfurt Duty Free",
        "retailer_url": "https://shop.frankfurt-airport.com/en-US/retailer/heinemann",
        "price": "\u20ac134.99",
        "price_per_quantity": "\u20ac269.98 / 100  ml",
        "description": "Essences of rose and dark coffee reveal sensual depth, while ylang ylang exudes an opulent floralcy. Coriander, patchouli and cardamom infuse a spicy warmth to incense resin and sandalwood accords.Essences of rose and dark coffee reveal sensual depth, while ylang ylang exudes an opulent floralcy. Coriander, patchouli and cardamom infuse a spicy warmth to incense resin and sandalwood accords.",
        "additional_information": "{\n    \"Order Amount\": \"50 ml\",\n    \"Target Gender\": \"Female\",\n    \"made in\": \"Switzerland\",\n    \"Type of Fragrance\": \"Eau De Parfum\",\n    \"Warning Hints\": \"Avoid eye contact. Keep away from direct heat and sunlight.\",\n    \"Item Number\": \"1584148\",\n    \"Product Series\": \"Signature\",\n    \"Net Weight\": \"0.05 kg\",\n    \"Package Height\": \"12.4 cm\",\n    \"Package Length\": \"4.4 cm\",\n    \"Package Width\": \"7.4 cm\"\n}"
    },
    {
        "product_name": "Tom Ford Noir Extreme Eau de Parfum 50 ml",
        "brand_name": "Tom Ford",
        "brand_url": "https://shop.frankfurt-airport.com/en-US/brand/tom-ford",
        "retailer_name": "Frankfurt Duty Free",
        "retailer_url": "https://shop.frankfurt-airport.com/en-US/retailer/heinemann",
        "price": "\u20ac124.99",
        "price_per_quantity": "\u20ac249.98 / 100  ml",
        "description": "Tom Ford Noir Extreme reveals a new dimension of the Noir man. An amber drenched, woody oriental fragrance with a tantalizing and delectable heart, Noir Extreme captures the aspect of the man that relishes in immoderation and dares to be extraordinary.Tom Ford Noir Extreme reveals a new dimension of the Noir man. An amber drenched, woody oriental fragrance with a tantalizing and delectable heart, Noir Extreme captures the aspect of the man that relishes in immoderation and dares to be extraordinary.",
        "additional_information": "{\n    \"Order Amount\": \"50 ml\",\n    \"Target Gender\": \"Male\",\n    \"made in\": \"Switzerland\",\n    \"Type of Fragrance\": \"Eau De Parfum\",\n    \"Item Number\": \"1127443\",\n    \"Product Series\": \"Noir Extreme\",\n    \"Net Weight\": \"0.05 kg\",\n    \"Package Height\": \"8.6 cm\",\n    \"Package Length\": \"7.4 cm\",\n    \"Package Width\": \"4.2 cm\"\n}"
    },
    {
        "product_name": "Tom Ford Noir Extreme Eau de Parfum 100 ml",
        "brand_name": "Tom Ford",
        "brand_url": "https://shop.frankfurt-airport.com/en-US/brand/tom-ford",
        "retailer_name": "Frankfurt Duty Free",
        "retailer_url": "https://shop.frankfurt-airport.com/en-US/retailer/heinemann",
        "price": "\u20ac169.99",
        "price_per_quantity": "\u20ac169.99 / 100  ml",
        "description": "Tom Ford Noir Extreme reveals a new dimension of the Noir man. An amber drenched, woody oriental fragrance with a tantalizing and delectable heart, Noir Extreme captures the aspect of the man that relishes in immoderation and dares to be extraordinary.Tom Ford Noir Extreme reveals a new dimension of the Noir man. An amber drenched, woody oriental fragrance with a tantalizing and delectable heart, Noir Extreme captures the aspect of the man that relishes in immoderation and dares to be extraordinary.",
        "additional_information": "{\n    \"Order Amount\": \"100 ml\",\n    \"Target Gender\": \"Male\",\n    \"made in\": \"Switzerland\",\n    \"Type of Fragrance\": \"Eau De Parfum\",\n    \"Item Number\": \"1127446\",\n    \"Product Series\": \"Noir Extreme\",\n    \"Net Weight\": \"0.1 kg\",\n    \"Package Height\": \"12.5 cm\",\n    \"Package Length\": \"7.5 cm\",\n    \"Package Width\": \"4.5 cm\"\n}"
    },
    {
        "product_name": "Tom Ford Soleil Blanc Eau de Parfum 100 ml",
        "brand_name": "Tom Ford",
        "brand_url": "https://shop.frankfurt-airport.com/en-US/brand/tom-ford",
        "retailer_name": "Frankfurt Duty Free",
        "retailer_url": "https://shop.frankfurt-airport.com/en-US/retailer/heinemann",
        "price": "\u20ac319.99",
        "price_per_quantity": "\u20ac319.99 / 100  ml",
        "description": "Remote private islands where summer lasts all year and one day seamlessly blends into the next inspire soleil blanc, an addictive solar floral amber alive with seductive refinement and refreshing decadence. Tom Ford's latest private blend creation unapologetically exudes the endless pursuit of sun and luxury that defines Tom Ford soleil.Remote private islands where summer lasts all year and one day seamlessly blends into the next inspire soleil blanc, an addictive solar floral amber alive with seductive refinement and refreshing decadence. Tom Ford's latest private blend creation unapologetically exudes the endless pursuit of sun and luxury that defines Tom Ford soleil.",
        "additional_information": "{\n    \"Order Amount\": \"100 ml\",\n    \"Target Gender\": \"Female\",\n    \"made in\": \"Usa\",\n    \"Type of Fragrance\": \"Eau De Parfum\",\n    \"Warning Hints\": \"Avoid eye contact. Keep away from direct heat and sunlight.\",\n    \"Item Number\": \"1189662\",\n    \"Product Series\": \"Private Blend\",\n    \"Net Weight\": \"0.1 kg\",\n    \"Package Height\": \"14.5 cm\",\n    \"Package Length\": \"4.5 cm\",\n    \"Package Width\": \"7 cm\"\n}"
    },
    {
        "product_name": "Tom Ford Ombre Leather Eau de Parfum 100 ml",
        "brand_name": "Tom Ford",
        "brand_url": "https://shop.frankfurt-airport.com/en-US/brand/tom-ford",
        "retailer_name": "Frankfurt Duty Free",
        "retailer_url": "https://shop.frankfurt-airport.com/en-US/retailer/heinemann",
        "price": "\u20ac169.99",
        "price_per_quantity": "\u20ac169.99 / 100  ml",
        "description": "Vast. Untethered.Driven. Freedom comes from within, the desert heart of the west wrapped in leather. It moves forward, untethered, through the still air of wide-open space. Dust on wind, skin on skin, Ombr\u00e9 Leather reveals itself like a landscape in layers, where stretches of rock transform into sunrise blonde low on the horizon.Vast. Untethered.Driven. Freedom comes from within, the desert heart of the west wrapped in leather. It moves forward, untethered, through the still air of wide-open space. Dust on wind, skin on skin, Ombr\u00e9 Leather reveals itself like a landscape in layers, where stretches of rock transform into sunrise blonde low on the horizon.",
        "additional_information": "{\n    \"Order Amount\": \"100 ml\",\n    \"Target Gender\": \"Female\",\n    \"made in\": \"Switzerland\",\n    \"Type of Fragrance\": \"Eau De Parfum\",\n    \"Warning Hints\": \"Avoid eye contact. Keep away from direct heat and sunlight.\",\n    \"Item Number\": \"1335319\",\n    \"Product Series\": \"Ombre Leather\",\n    \"Net Weight\": \"0.1 kg\",\n    \"Package Height\": \"11.4 cm\",\n    \"Package Length\": \"7.5 cm\",\n    \"Package Width\": \"7.2 cm\"\n}"
    },
    {
        "product_name": "Tom Ford Private Blend Fougere D'Argent Eau de Parfum 50 ml",
        "brand_name": "Tom Ford",
        "brand_url": "https://shop.frankfurt-airport.com/en-US/brand/tom-ford",
        "retailer_name": "Frankfurt Duty Free",
        "retailer_url": "https://shop.frankfurt-airport.com/en-US/retailer/heinemann",
        "price": "\u20ac239.99",
        "price_per_quantity": "\u20ac479.98 / 100  ml",
        "description": "Impeccable. Dashing. Provocative. New and unabashedly bold, Foug\u00e8re d\u2019Argent is a legend redux that converges impeccable decorum with the modus operandi of an agent provocateur. TOM FORD\u2019s sleight of hand redefines the iconic foug\u00e8re into an exquisite work of beauty.Impeccable. Dashing. Provocative. New and unabashedly bold, Foug\u00e8re d\u2019Argent is a legend redux that converges impeccable decorum with the modus operandi of an agent provocateur. TOM FORD\u2019s sleight of hand redefines the iconic foug\u00e8re into an exquisite work of beauty.",
        "additional_information": "{\n    \"Order Amount\": \"50 ml\",\n    \"Target Gender\": \"Female\",\n    \"made in\": \"Usa\",\n    \"Type of Fragrance\": \"Eau De Parfum\",\n    \"Warning Hints\": \"Avoid eye contact. Keep away from direct heat and sunlight.\",\n    \"Item Number\": \"1335360\",\n    \"Product Series\": \"Private Blend\",\n    \"Net Weight\": \"0.05 kg\",\n    \"Package Height\": \"13 cm\",\n    \"Package Length\": \"4.9 cm\",\n    \"Package Width\": \"4.9 cm\"\n}"
    },
    {
        "product_name": "Tom Ford Private Blend Oud Wood Spray 50 ml",
        "brand_name": "Tom Ford",
        "brand_url": "https://shop.frankfurt-airport.com/en-US/brand/tom-ford",
        "retailer_name": "Frankfurt Duty Free",
        "retailer_url": "https://shop.frankfurt-airport.com/en-US/retailer/heinemann",
        "price": "\u20ac219.99",
        "price_per_quantity": "\u20ac439.98 / 100  ml",
        "description": "Rare. Exotic. Distinctive. One of the most rare, precious, and expensive ingredients in a perfumer's arsenal, oud wood is often burned in the incense-filled temples of bhutan. exotic rose wood and cardamom give way to a smoky blend of rare oud wood, sandalwood and vetiver. tonka bean and amber add warmth and sensuality.Rare. Exotic. Distinctive. One of the most rare, precious, and expensive ingredients in a perfumer's arsenal, oud wood is often burned in the incense-filled temples of bhutan. exotic rose wood and cardamom give way to a smoky blend of rare oud wood, sandalwood and vetiver. tonka bean and amber add warmth and sensuality.",
        "additional_information": "{\n    \"Order Amount\": \"50 ml\",\n    \"Target Gender\": \"Male\",\n    \"made in\": \"Usa\",\n    \"Type of Fragrance\": \"Eau De Parfum\",\n    \"Item Number\": \"1053505\",\n    \"Product Series\": \"Oud Wood\",\n    \"Net Weight\": \"0.05 kg\",\n    \"Package Height\": \"12.8 cm\",\n    \"Package Length\": \"4.8 cm\",\n    \"Package Width\": \"4.4 cm\"\n}"
    },
    {
        "product_name": "Tom Ford Neroli Portofino Juices 30 ml",
        "brand_name": "Tom Ford",
        "brand_url": "https://shop.frankfurt-airport.com/en-US/brand/tom-ford",
        "retailer_name": "Frankfurt Duty Free",
        "retailer_url": "https://shop.frankfurt-airport.com/en-US/retailer/heinemann",
        "price": "\u20ac144.99",
        "price_per_quantity": "\u20ac483.30 / 100  ml",
        "description": "To Tom Ford, this scent perfectly captures the cool breezes, sparkling clear water and lush foliage of the Italian Rivera. His reinvention of a classic Eau de Cologne features crisp citrus oils, surprising floral notes and amber undertones to leave a splashy yet substantive impression.\"To Tom Ford, this scent perfectly captures the cool breezes, sparkling clear water and lush foliage of the Italian Rivera. His reinvention of a classic Eau de Cologne features crisp citrus oils, surprising floral notes and amber undertones to leave a splashy yet substantive impression.\"",
        "additional_information": "{\n    \"Order Amount\": \"30 ml\",\n    \"Target Gender\": \"Female\",\n    \"made in\": \"Switzerland\",\n    \"Type of Fragrance\": \"Eau De Parfum\",\n    \"Warning Hints\": \"Avoid eye contact. Keep away from direct heat and sunlight.\",\n    \"Item Number\": \"1407506\",\n    \"Product Series\": \"Neroli Portofino\",\n    \"Net Weight\": \"0.03 kg\",\n    \"Package Height\": \"11.4 cm\",\n    \"Package Length\": \"4.8 cm\",\n    \"Package Width\": \"4.8 cm\"\n}"
    },
    {
        "product_name": "Tom Ford Private Blend Tuscan Leather Eau de Parfum 50 ml",
        "brand_name": "Tom Ford",
        "brand_url": "https://shop.frankfurt-airport.com/en-US/brand/tom-ford",
        "retailer_name": "Frankfurt Duty Free",
        "retailer_url": "https://shop.frankfurt-airport.com/en-US/retailer/heinemann",
        "price": "\u20ac239.99",
        "price_per_quantity": "\u20ac479.98 / 100  ml",
        "description": "Supple. Primal. Extravagant. Inspired by tom ford's love of fine leather, this ultra-sexy interpretation captures the primal, animalistic scent of leather and its smooth voluptuous qualities. a modern classic, the addition of olibanum, night blooming jasmine , and black suede gives it a distinctive, modern spin that is raw yet refined, sensual yet sophisticated.Supple. Primal. Extravagant. Inspired by tom ford's love of fine leather, this ultra-sexy interpretation captures the primal, animalistic scent of leather and its smooth voluptuous qualities. a modern classic, the addition of olibanum, night blooming jasmine , and black suede gives it a distinctive, modern spin that is raw yet refined, sensual yet sophisticated.",
        "additional_information": "{\n    \"Order Amount\": \"50 ml\",\n    \"Target Gender\": \"Female\",\n    \"made in\": \"Usa\",\n    \"Type of Fragrance\": \"Eau De Parfum\",\n    \"Item Number\": \"1056698\",\n    \"Product Series\": \"Private Blend\",\n    \"Net Weight\": \"0.05 kg\",\n    \"Package Height\": \"13 cm\",\n    \"Package Length\": \"5 cm\",\n    \"Package Width\": \"5 cm\"\n}"
    },
    {
        "product_name": "TY, Squish (Lic), hedwig",
        "brand_name": "TY",
        "brand_url": "https://shop.frankfurt-airport.com/en-US/brand/ty",
        "retailer_name": "Frankfurt Duty Free",
        "retailer_url": "https://shop.frankfurt-airport.com/en-US/retailer/heinemann",
        "price": "\u20ac11.90",
        "price_per_quantity": "",
        "description": "Part of Ty's hugely popular Harry Potter range - an instantly recognisable television & movie character. Plush fabric, highly tactile, brightly coloured, collectable soft toy.Part of Ty's hugely popular Harry Potter range - an instantly recognisable television & movie character. Plush fabric, highly tactile, brightly coloured, collectable soft toy.",
        "additional_information": "{\n    \"Warning Hints\": \"0 months and up\",\n    \"Item Number\": \"1682852\",\n    \"Product Series\": \"Squish A Boo 20cm Harry Potter\",\n    \"Net Weight\": \"0.162 kg\",\n    \"Package Height\": \"10 cm\",\n    \"Package Length\": \"23 cm\",\n    \"Package Width\": \"20 cm\"\n}"
    },
    {
        "product_name": "Tom Ford Fabulous Eau de Parfum 50 ml",
        "brand_name": "Tom Ford",
        "brand_url": "https://shop.frankfurt-airport.com/en-US/brand/tom-ford",
        "retailer_name": "Frankfurt Duty Free",
        "retailer_url": "https://shop.frankfurt-airport.com/en-US/retailer/heinemann",
        "price": "\u20ac299.99",
        "price_per_quantity": "\u20ac599.98 / 100  ml",
        "description": "Tom Ford's iconoclastic leather scent is spicy, warm and decadent. A gourmand almond and iris heart imbue textural richness to the luscious leather, intensified by floral orris accord. The effect is so exquisitely beautiful, no other name would do.Tom Ford's iconoclastic leather scent is spicy, warm and decadent. A gourmand almond and iris heart imbue textural richness to the luscious leather, intensified by floral orris accord. The effect is so exquisitely beautiful, no other name would do.",
        "additional_information": "{\n    \"Order Amount\": \"50 ml\",\n    \"Target Gender\": \"Female\",\n    \"made in\": \"Usa\",\n    \"Type of Fragrance\": \"Eau De Parfum\",\n    \"Warning Hints\": \"Avoid eye contact. Keep away from direct heat and sunlight.\",\n    \"Item Number\": \"1318958\",\n    \"Product Series\": \"Private Blend\",\n    \"Net Weight\": \"0.05 kg\",\n    \"Package Height\": \"13 cm\",\n    \"Package Length\": \"4.4 cm\",\n    \"Package Width\": \"4.8 cm\"\n}"
    },
    {
        "product_name": "TY, Squish-A-Boo - Med, zebra xander",
        "brand_name": "TY",
        "brand_url": "https://shop.frankfurt-airport.com/en-US/brand/ty",
        "retailer_name": "Frankfurt Duty Free",
        "retailer_url": "https://shop.frankfurt-airport.com/en-US/retailer/heinemann",
        "price": "\u20ac15.90",
        "price_per_quantity": "",
        "description": "Part of the hugely popular Ty Squish-A-Boo range. Plush fabric, highly tactile, brightly coloured, collectable soft toy.Part of the hugely popular Ty Squish-A-Boo range. Plush fabric, highly tactile, brightly coloured, collectable soft toy.",
        "additional_information": "{\n    \"Warning Hints\": \"0 months and up\",\n    \"Item Number\": \"1682818\",\n    \"Product Series\": \"Squish A Boo 35cm\",\n    \"Net Weight\": \"0.559 kg\",\n    \"Package Height\": \"8 cm\",\n    \"Package Length\": \"41 cm\",\n    \"Package Width\": \"33 cm\"\n}"
    },
    {
        "product_name": "TY, Beanie Boo Paw Patrol 20Cm, skye",
        "brand_name": "TY",
        "brand_url": "https://shop.frankfurt-airport.com/en-US/brand/ty",
        "retailer_name": "Frankfurt Duty Free",
        "retailer_url": "https://shop.frankfurt-airport.com/en-US/retailer/heinemann",
        "price": "\u20ac11.90",
        "price_per_quantity": "",
        "description": "Beanie Boo's are the best selling and most popular plush range. Many different designs of the coveted collectors objects with the well-known glitter eyes are available.Beanie Boo's are the best selling and most popular plush range. Many different designs of the coveted collectors objects with the well-known glitter eyes are available.",
        "additional_information": "{\n    \"Warning Hints\": \"0 months and up\",\n    \"Item Number\": \"1682858\",\n    \"Product Series\": \"Beanie Boo Paw Patrol 20cm\",\n    \"Net Weight\": \"0.098 kg\",\n    \"Package Height\": \"9 cm\",\n    \"Package Length\": \"21 cm\",\n    \"Package Width\": \"15 cm\"\n}"
    },
    {
        "product_name": "TY, Beanie Boo, octopus sheldon",
        "brand_name": "TY",
        "brand_url": "https://shop.frankfurt-airport.com/en-US/brand/ty",
        "retailer_name": "Frankfurt Duty Free",
        "retailer_url": "https://shop.frankfurt-airport.com/en-US/retailer/heinemann",
        "price": "\u20ac8.90",
        "price_per_quantity": "",
        "description": "Beanie Boo's are the best selling and most popular plush brand. Many different designs of the coveted collectors objects with the well-known glitter eyes are available.Beanie Boo's are the best selling and most popular plush brand. Many different designs of the coveted collectors objects with the well-known glitter eyes are available.",
        "additional_information": "{\n    \"Warning Hints\": \"0 months and up\",\n    \"Item Number\": \"1526681\",\n    \"Product Series\": \"Beanie Boo 15cm\",\n    \"Net Weight\": \"0.082 kg\",\n    \"Package Height\": \"10 cm\",\n    \"Package Length\": \"15 cm\",\n    \"Package Width\": \"10 cm\"\n}"
    },
    {
        "product_name": "Ty, Disney, stitch, plush",
        "brand_name": "TY",
        "brand_url": "https://shop.frankfurt-airport.com/en-US/brand/ty",
        "retailer_name": "Frankfurt Duty Free",
        "retailer_url": "https://shop.frankfurt-airport.com/en-US/retailer/heinemann",
        "price": "\u20ac12.90",
        "price_per_quantity": "",
        "description": "Stitch is a Disney Character . Stitch is super soft and has big ears. 15 cm.Stitch is a Disney Character . Stitch is super soft and has big ears. 15 cm.",
        "additional_information": "{\n    \"Warning Hints\": \"0 months and up\",\n    \"Item Number\": \"1631411\",\n    \"Product Series\": \"Disney\",\n    \"Net Weight\": \"0.095 kg\",\n    \"Package Height\": \"8 cm\",\n    \"Package Length\": \"16 cm\",\n    \"Package Width\": \"8 cm\"\n}"
    },
    {
        "product_name": "Ty, Squish A Boo 35cm, Snowmann",
        "brand_name": "TY",
        "brand_url": "https://shop.frankfurt-airport.com/en-US/brand/ty",
        "retailer_name": "Frankfurt Duty Free",
        "retailer_url": "https://shop.frankfurt-airport.com/en-US/retailer/heinemann",
        "price": "\u20ac15.90",
        "price_per_quantity": "",
        "description": "Part of Ty's famous Squishy Beanie range. Based on your favourite characters from our hugely popular Beanie Boo range. Plush fabric, highly tactile, brightly coloured, collectable soft toy. Suitable from birth.Part of Ty's famous Squishy Beanie range. Based on your favourite characters from our hugely popular Beanie Boo range. Plush fabric, highly tactile, brightly coloured, collectable soft toy. Suitable from birth.",
        "additional_information": "{\n    \"Warning Hints\": \"0 months and up\",\n    \"Item Number\": \"1660948\",\n    \"Product Series\": \"Squish A Boo 35cm\",\n    \"Net Weight\": \"0.537 kg\",\n    \"Package Height\": \"4 cm\",\n    \"Package Length\": \"38 cm\",\n    \"Package Width\": \"34 cm\"\n}"
    },
    {
        "product_name": "Ty, Beanie Bellies 24cm, duncan bear",
        "brand_name": "TY",
        "brand_url": "https://shop.frankfurt-airport.com/en-US/brand/ty",
        "retailer_name": "Frankfurt Duty Free",
        "retailer_url": "https://shop.frankfurt-airport.com/en-US/retailer/heinemann",
        "price": "\u20ac15.90",
        "price_per_quantity": "",
        "description": "Part of Ty's very popular Ty Beanie Babies range. A collectable plush toy made from colorful plush material and with a high tactile feel. Suitable from birth.Part of Ty's very popular Ty Beanie Babies range. A collectable plush toy made from colorful plush material and with a high tactile feel. Suitable from birth.",
        "additional_information": "{\n    \"Warning Hints\": \"0 months and up\",\n    \"Item Number\": \"1623391\",\n    \"Product Series\": \"Beanie Bellies 24cm\",\n    \"Net Weight\": \"0.238 kg\",\n    \"Package Height\": \"8 cm\",\n    \"Package Length\": \"22 cm\",\n    \"Package Width\": \"12 cm\"\n}"
    },
    {
        "product_name": "TY, Beanie Boos, leopard coco",
        "brand_name": "TY",
        "brand_url": "https://shop.frankfurt-airport.com/en-US/brand/ty",
        "retailer_name": "Frankfurt Duty Free",
        "retailer_url": "https://shop.frankfurt-airport.com/en-US/retailer/heinemann",
        "price": "\u20ac8.90",
        "price_per_quantity": "",
        "description": "Beanie Boo's are the best selling and most popular plush range. Many different designs of the coveted collectors objects with the well-known glitter eyes are available.Beanie Boo's are the best selling and most popular plush range. Many different designs of the coveted collectors objects with the well-known glitter eyes are available.",
        "additional_information": "{\n    \"Warning Hints\": \"0 months and up\",\n    \"Item Number\": \"1682817\",\n    \"Product Series\": \"Beanie Boo 15cm\",\n    \"Net Weight\": \"0.077 kg\",\n    \"Package Height\": \"8 cm\",\n    \"Package Length\": \"18 cm\",\n    \"Package Width\": \"11 cm\"\n}"
    },
    {
        "product_name": "Ty, Beanie Bellies 15cm, mitch otter",
        "brand_name": "TY",
        "brand_url": "https://shop.frankfurt-airport.com/en-US/brand/ty",
        "retailer_name": "Frankfurt Duty Free",
        "retailer_url": "https://shop.frankfurt-airport.com/en-US/retailer/heinemann",
        "price": "\u20ac8.90",
        "price_per_quantity": "",
        "description": "Part of Ty's very popular Ty Beanie Babies range. A collectable plush toy made from colorful plush material and with a high tactile feel. Suitable from birth.Part of Ty's very popular Ty Beanie Babies range. A collectable plush toy made from colorful plush material and with a high tactile feel. Suitable from birth.",
        "additional_information": "{\n    \"Warning Hints\": \"0 months and up\",\n    \"Item Number\": \"1544891\",\n    \"Product Series\": \"Beanie Bellies 15cm\",\n    \"Net Weight\": \"0.085 kg\",\n    \"Package Height\": \"7 cm\",\n    \"Package Length\": \"16 cm\",\n    \"Package Width\": \"8 cm\"\n}"
    },
    {
        "product_name": "Ty, Beanie Bellies 24cm, tink dog",
        "brand_name": "TY",
        "brand_url": "https://shop.frankfurt-airport.com/en-US/brand/ty",
        "retailer_name": "Frankfurt Duty Free",
        "retailer_url": "https://shop.frankfurt-airport.com/en-US/retailer/heinemann",
        "price": "\u20ac15.90",
        "price_per_quantity": "",
        "description": "Part of Ty's very popular Ty Beanie Babies range. A collectable plush toy made from colorful plush material and with a high tactile feel. Suitable from birth.Part of Ty's very popular Ty Beanie Babies range. A collectable plush toy made from colorful plush material and with a high tactile feel. Suitable from birth.",
        "additional_information": "{\n    \"Warning Hints\": \"0 months and up\",\n    \"Item Number\": \"1623390\",\n    \"Product Series\": \"Beanie Bellies 24cm\",\n    \"Net Weight\": \"0.231 kg\",\n    \"Package Height\": \"10 cm\",\n    \"Package Length\": \"22 cm\",\n    \"Package Width\": \"11 cm\"\n}"
    },
    {
        "product_name": "TY, Beanie Bellies - Med, cat morgan",
        "brand_name": "TY",
        "brand_url": "https://shop.frankfurt-airport.com/en-US/brand/ty",
        "retailer_name": "Frankfurt Duty Free",
        "retailer_url": "https://shop.frankfurt-airport.com/en-US/retailer/heinemann",
        "price": "\u20ac15.90",
        "price_per_quantity": "",
        "description": "Part of Ty's very popular Ty Beanie Babies range. A collectable plush toy made from colorful plush material and with a high tactile feel. Suitable from birth.Part of Ty's very popular Ty Beanie Babies range. A collectable plush toy made from colorful plush material and with a high tactile feel. Suitable from birth.",
        "additional_information": "{\n    \"Warning Hints\": \"0 months and up\",\n    \"Item Number\": \"1682853\",\n    \"Product Series\": \"Beanie Bellies 24cm\",\n    \"Net Weight\": \"0.199 kg\",\n    \"Package Height\": \"24 cm\",\n    \"Package Length\": \"15 cm\",\n    \"Package Width\": \"19 cm\"\n}"
    },
    {
        "product_name": "TY, Squish (Lic), dobby",
        "brand_name": "TY",
        "brand_url": "https://shop.frankfurt-airport.com/en-US/brand/ty",
        "retailer_name": "Frankfurt Duty Free",
        "retailer_url": "https://shop.frankfurt-airport.com/en-US/retailer/heinemann",
        "price": "\u20ac11.90",
        "price_per_quantity": "",
        "description": "Part of Ty's hugely popular Harry Potter range - an instantly recognisable television & movie character. Plush fabric, highly tactile, brightly coloured, collectable soft toy.Part of Ty's hugely popular Harry Potter range - an instantly recognisable television & movie character. Plush fabric, highly tactile, brightly coloured, collectable soft toy.",
        "additional_information": "{\n    \"Warning Hints\": \"0 months and up\",\n    \"Item Number\": \"1682851\",\n    \"Product Series\": \"Squish A Boo 20cm Harry Potter\",\n    \"Net Weight\": \"0.204 kg\",\n    \"Package Height\": \"2 cm\",\n    \"Package Length\": \"29 cm\",\n    \"Package Width\": \"26 cm\"\n}"
    },
    {
        "product_name": "TY, plush dumbo",
        "brand_name": "TY",
        "brand_url": "https://shop.frankfurt-airport.com/en-US/brand/ty",
        "retailer_name": "Frankfurt Duty Free",
        "retailer_url": "https://shop.frankfurt-airport.com/en-US/retailer/heinemann",
        "price": "\u20ac12.90",
        "price_per_quantity": "",
        "description": "Dumbo is a Disney Character . This Elefant is grey with a trumpet sound with soft floppy ears. 17 cm tall.Dumbo is a Disney Character . This Elefant is grey with a trumpet sound with soft floppy ears. 17 cm tall.",
        "additional_information": "{\n    \"Warning Hints\": \"0 months and up\",\n    \"Item Number\": \"1450975\",\n    \"Product Series\": \"Disney\",\n    \"Net Weight\": \"0.108 kg\",\n    \"Package Height\": \"8 cm\",\n    \"Package Length\": \"12 cm\",\n    \"Package Width\": \"9 cm\"\n}"
    },
    {
        "product_name": "TY, Squish-A-Boo, axolotl charlie",
        "brand_name": "TY",
        "brand_url": "https://shop.frankfurt-airport.com/en-US/brand/ty",
        "retailer_name": "Frankfurt Duty Free",
        "retailer_url": "https://shop.frankfurt-airport.com/en-US/retailer/heinemann",
        "price": "\u20ac8.90",
        "price_per_quantity": "",
        "description": "Part of the hugely popular Ty Squish-A-Boo range. Plush fabric, highly tactile, brightly coloured, collectable soft toy.Part of the hugely popular Ty Squish-A-Boo range. Plush fabric, highly tactile, brightly coloured, collectable soft toy.",
        "additional_information": "{\n    \"Warning Hints\": \"0 months and up\",\n    \"Item Number\": \"1682850\",\n    \"Product Series\": \"Squish A Boo 20cm\",\n    \"Net Weight\": \"0.154 kg\",\n    \"Package Height\": \"7 cm\",\n    \"Package Length\": \"21 cm\",\n    \"Package Width\": \"20 cm\"\n}"
    },
    {
        "product_name": "TY, Beanie Boo Paw Patrol 20Cm, rubble",
        "brand_name": "TY",
        "brand_url": "https://shop.frankfurt-airport.com/en-US/brand/ty",
        "retailer_name": "Frankfurt Duty Free",
        "retailer_url": "https://shop.frankfurt-airport.com/en-US/retailer/heinemann",
        "price": "\u20ac11.90",
        "price_per_quantity": "",
        "description": "Beanie Boo's are the best selling and most popular plush range. Many different designs of the coveted collectors objects with the well-known glitter eyes are available.Beanie Boo's are the best selling and most popular plush range. Many different designs of the coveted collectors objects with the well-known glitter eyes are available.",
        "additional_information": "{\n    \"Warning Hints\": \"0 months and up\",\n    \"Item Number\": \"1682857\",\n    \"Product Series\": \"Beanie Boo Paw Patrol 20cm\",\n    \"Net Weight\": \"0.222 kg\",\n    \"Package Height\": \"5 cm\",\n    \"Package Length\": \"15 cm\",\n    \"Package Width\": \"10 cm\"\n}"
    },
    {
        "product_name": "TY, Beanie Boo Paw Patrol 20Cm, marshall",
        "brand_name": "TY",
        "brand_url": "https://shop.frankfurt-airport.com/en-US/brand/ty",
        "retailer_name": "Frankfurt Duty Free",
        "retailer_url": "https://shop.frankfurt-airport.com/en-US/retailer/heinemann",
        "price": "\u20ac11.90",
        "price_per_quantity": "",
        "description": "Beanie Boo's are the best selling and most popular plush range. Many different designs of the coveted collectors objects with the well-known glitter eyes are available.Beanie Boo's are the best selling and most popular plush range. Many different designs of the coveted collectors objects with the well-known glitter eyes are available.",
        "additional_information": "{\n    \"Warning Hints\": \"0 months and up\",\n    \"Item Number\": \"1682855\",\n    \"Product Series\": \"Beanie Boo Paw Patrol 20cm\",\n    \"Net Weight\": \"0.111 kg\",\n    \"Package Height\": \"22 cm\",\n    \"Package Length\": \"10 cm\",\n    \"Package Width\": \"10 cm\"\n}"
    },
    {
        "product_name": "TY, Beanie Boo Paw Patrol 20Cm, rocky",
        "brand_name": "TY",
        "brand_url": "https://shop.frankfurt-airport.com/en-US/brand/ty",
        "retailer_name": "Frankfurt Duty Free",
        "retailer_url": "https://shop.frankfurt-airport.com/en-US/retailer/heinemann",
        "price": "\u20ac11.90",
        "price_per_quantity": "",
        "description": "Beanie Boo's are the best selling and most popular plush range. Many different designs of the coveted collectors objects with the well-known glitter eyes are available.Beanie Boo's are the best selling and most popular plush range. Many different designs of the coveted collectors objects with the well-known glitter eyes are available.",
        "additional_information": "{\n    \"Warning Hints\": \"0 months and up\",\n    \"Item Number\": \"1682856\",\n    \"Product Series\": \"Beanie Boo Paw Patrol 20cm\",\n    \"Net Weight\": \"0.095 kg\",\n    \"Package Height\": \"10 cm\",\n    \"Package Length\": \"20 cm\",\n    \"Package Width\": \"17 cm\"\n}"
    },
    {
        "product_name": "TY, Beanie Boo Paw Patrol 20Cm, chase",
        "brand_name": "TY",
        "brand_url": "https://shop.frankfurt-airport.com/en-US/brand/ty",
        "retailer_name": "Frankfurt Duty Free",
        "retailer_url": "https://shop.frankfurt-airport.com/en-US/retailer/heinemann",
        "price": "\u20ac11.90",
        "price_per_quantity": "",
        "description": "Beanie Boo's are the best selling and most popular plush range. Many different designs of the coveted collectors objects with the well-known glitter eyes are available.Beanie Boo's are the best selling and most popular plush range. Many different designs of the coveted collectors objects with the well-known glitter eyes are available.",
        "additional_information": "{\n    \"Warning Hints\": \"0 months and up\",\n    \"Item Number\": \"1682854\",\n    \"Product Series\": \"Beanie Boo Paw Patrol 20cm\",\n    \"Net Weight\": \"0.093 kg\",\n    \"Package Height\": \"5 cm\",\n    \"Package Length\": \"21 cm\",\n    \"Package Width\": \"7 cm\"\n}"
    },
    {
        "product_name": "TY, Squish-A-Boo, leopard dotty",
        "brand_name": "TY",
        "brand_url": "https://shop.frankfurt-airport.com/en-US/brand/ty",
        "retailer_name": "Frankfurt Duty Free",
        "retailer_url": "https://shop.frankfurt-airport.com/en-US/retailer/heinemann",
        "price": "\u20ac8.90",
        "price_per_quantity": "",
        "description": "Part of the hugely popular Ty Squish-A-Boo range. Plush fabric, highly tactile, brightly coloured, collectable soft toy.Part of the hugely popular Ty Squish-A-Boo range. Plush fabric, highly tactile, brightly coloured, collectable soft toy.",
        "additional_information": "{\n    \"Warning Hints\": \"0 months and up\",\n    \"Item Number\": \"1682819\",\n    \"Product Series\": \"Squish A Boo 20cm\",\n    \"Net Weight\": \"0.097 kg\",\n    \"Package Height\": \"24 cm\",\n    \"Package Length\": \"12 cm\",\n    \"Package Width\": \"21 cm\"\n}"
    },
    {
        "product_name": "TY, Beanie Boo, dog sissy",
        "brand_name": "TY",
        "brand_url": "https://shop.frankfurt-airport.com/en-US/brand/ty",
        "retailer_name": "Frankfurt Duty Free",
        "retailer_url": "https://shop.frankfurt-airport.com/en-US/retailer/heinemann",
        "price": "\u20ac8.90",
        "price_per_quantity": "",
        "description": "Beanie Boo's are the best selling and most popular plush range. Many different designs of the coveted collectors objects with the well-known glitter eyes are available.Beanie Boo's are the best selling and most popular plush range. Many different designs of the coveted collectors objects with the well-known glitter eyes are available.",
        "additional_information": "{\n    \"Warning Hints\": \"0 months and up\",\n    \"Item Number\": \"1682816\",\n    \"Product Series\": \"Beanie Boo 15cm\",\n    \"Net Weight\": \"0.099 kg\",\n    \"Package Height\": \"7 cm\",\n    \"Package Length\": \"17 cm\",\n    \"Package Width\": \"14 cm\"\n}"
    },
    {
        "product_name": "TY, Marvel Squish A Boo Medium, SPIDERMAN - squish 25cm",
        "brand_name": "TY",
        "brand_url": "https://shop.frankfurt-airport.com/en-US/brand/ty",
        "retailer_name": "Frankfurt Duty Free",
        "retailer_url": "https://shop.frankfurt-airport.com/en-US/retailer/heinemann",
        "price": "\u20ac11.90",
        "price_per_quantity": "",
        "description": "Part of Ty's hugely popular Marvel range - an instantly recognisable television & movie character. Plush fabric, highly tactile, brightly coloured, collectable soft toy.Part of Ty's hugely popular Marvel range - an instantly recognisable television & movie character. Plush fabric, highly tactile, brightly coloured, collectable soft toy.",
        "additional_information": "{\n    \"Warning Hints\": \"0 months and up\",\n    \"Item Number\": \"1556251\",\n    \"Product Series\": \"Squish A Boo 20cm Marvel\",\n    \"Net Weight\": \"0.159 kg\",\n    \"Package Height\": \"7 cm\",\n    \"Package Length\": \"23 cm\",\n    \"Package Width\": \"22 cm\"\n}"
    },
    {
        "product_name": "Ty, Beanie Boo 15Cm, elefant eva",
        "brand_name": "TY",
        "brand_url": "https://shop.frankfurt-airport.com/en-US/brand/ty",
        "retailer_name": "Frankfurt Duty Free",
        "retailer_url": "https://shop.frankfurt-airport.com/en-US/retailer/heinemann",
        "price": "\u20ac8.90",
        "price_per_quantity": "",
        "description": "Beanie Boo's are the best selling and most popular plush brand. Many different designs of the coveted collectors objects with the well-known glitter eyes are available.Beanie Boo's are the best selling and most popular plush brand. Many different designs of the coveted collectors objects with the well-known glitter eyes are available.",
        "additional_information": "{\n    \"Warning Hints\": \"0 months and up\",\n    \"Item Number\": \"1501528\",\n    \"Product Series\": \"Beanie Boo 15cm\",\n    \"Net Weight\": \"0.078 kg\",\n    \"Package Height\": \"3.5 cm\",\n    \"Package Length\": \"14.5 cm\",\n    \"Package Width\": \"9.5 cm\"\n}"
    },
    {
        "product_name": "Tom Ford Private Blend Tobacco Vanille Eau de Parfum 50 ml",
        "brand_name": "Tom Ford",
        "brand_url": "https://shop.frankfurt-airport.com/en-US/brand/tom-ford",
        "retailer_name": "Frankfurt Duty Free",
        "retailer_url": "https://shop.frankfurt-airport.com/en-US/retailer/heinemann",
        "price": "\u20ac239.99",
        "price_per_quantity": "\u20ac479.98 / 100  ml",
        "description": "Opulent. Warm. Iconic. Tom Ford's affection for london inspired this scent, reminiscent of an english gentlemen's club, redolent with spice. he reinvents a classic fragrance genre by adding creamy tonka bean, vanilla, cocoa, dry fruit accords and sweet wood sap for a modern, opulent, and almost heady impression that's all man, unless worn by a woman.Opulent. Warm. Iconic. Tom Ford's affection for london inspired this scent, reminiscent of an english gentlemen's club, redolent with spice. he reinvents a classic fragrance genre by adding creamy tonka bean, vanilla, cocoa, dry fruit accords and sweet wood sap for a modern, opulent, and almost heady impression that's all man, unless worn by a woman.",
        "additional_information": "{\n    \"Order Amount\": \"50 ml\",\n    \"Target Gender\": \"Female\",\n    \"made in\": \"Usa\",\n    \"Type of Fragrance\": \"Eau De Parfum\",\n    \"Item Number\": \"1056710\",\n    \"Product Series\": \"Private Blend\",\n    \"Net Weight\": \"0.05 kg\",\n    \"Package Height\": \"13 cm\",\n    \"Package Length\": \"5 cm\",\n    \"Package Width\": \"5 cm\"\n}"
    },
    {
        "product_name": "TY, ty squishy beanies captain america - squish 25cm",
        "brand_name": "TY",
        "brand_url": "https://shop.frankfurt-airport.com/en-US/brand/ty",
        "retailer_name": "Frankfurt Duty Free",
        "retailer_url": "https://shop.frankfurt-airport.com/en-US/retailer/heinemann",
        "price": "\u20ac11.90",
        "price_per_quantity": "",
        "description": "Part of Ty's hugely popular Marvel range - an instantly recognisable television & movie character. Plush fabric, highly tactile, brightly coloured, collectable soft toy.Part of Ty's hugely popular Marvel range - an instantly recognisable television & movie character. Plush fabric, highly tactile, brightly coloured, collectable soft toy.",
        "additional_information": "{\n    \"Warning Hints\": \"Not suitable for children under 3 years\",\n    \"Item Number\": \"1556254\",\n    \"Product Series\": \"Squish A Boo 20cm Marvel\",\n    \"Net Weight\": \"0.185 kg\",\n    \"Package Height\": \"2.5 cm\",\n    \"Package Length\": \"35 cm\",\n    \"Package Width\": \"16 cm\"\n}"
    },
    {
        "product_name": "Tom Ford Grey Vetiver Eau de Parfum 50 ml",
        "brand_name": "Tom Ford",
        "brand_url": "https://shop.frankfurt-airport.com/en-US/brand/tom-ford",
        "retailer_name": "Frankfurt Duty Free",
        "retailer_url": "https://shop.frankfurt-airport.com/en-US/retailer/heinemann",
        "price": "\u20ac139.99",
        "price_per_quantity": "\u20ac279.98 / 100  ml",
        "description": "Tom Ford Grey Vetiver captures the essence of the debonair, charismatic and provocative man. With an elegant, refined heart of natural vetiver, the scent is superbly blended with sun-drenched citrus, refined spices and prized woods.Tom Ford Grey Vetiver captures the essence of the debonair, charismatic and provocative man. With an elegant, refined heart of natural vetiver, the scent is superbly blended with sun-drenched citrus, refined spices and prized woods.",
        "additional_information": "{\n    \"Order Amount\": \"50 ml\",\n    \"Target Gender\": \"Male\",\n    \"made in\": \"Switzerland\",\n    \"Type of Fragrance\": \"Eau De Parfum\",\n    \"Warning Hints\": \"Avoid eye contact. Keep away from direct heat and sunlight.\",\n    \"Item Number\": \"243886\",\n    \"Product Series\": \"Grey Vetiver\",\n    \"Net Weight\": \"0.05 kg\",\n    \"Package Height\": \"14.8 cm\",\n    \"Package Length\": \"7.4 cm\",\n    \"Package Width\": \"3.5 cm\"\n}"
    },
    {
        "product_name": "Tom Ford Private Blend Tobacco vanille Eau de Parfum 100 ml",
        "brand_name": "Tom Ford",
        "brand_url": "https://shop.frankfurt-airport.com/en-US/brand/tom-ford",
        "retailer_name": "Frankfurt Duty Free",
        "retailer_url": "https://shop.frankfurt-airport.com/en-US/retailer/heinemann",
        "price": "\u20ac319.99",
        "price_per_quantity": "\u20ac319.99 / 100  ml",
        "description": "Tom Ford's affection for london inspired this scent, reminiscent of an english gentlemen's club, redolent with spice. He reinvents a  classic fragrance genre by adding creamy tonka bean, vanilla, cocoa, dry fruit accords and sweet wood sap for a modern, opulent, and almost heady impression that's all man, unless worn by a woman.Tom Ford's affection for london inspired this scent, reminiscent of an english gentlemen's club, redolent with spice. He reinvents a  classic fragrance genre by adding creamy tonka bean, vanilla, cocoa, dry fruit accords and sweet wood sap for a modern, opulent, and almost heady impression that's all man, unless worn by a woman.",
        "additional_information": "{\n    \"Order Amount\": \"100 ml\",\n    \"Target Gender\": \"Female\",\n    \"made in\": \"Usa\",\n    \"Type of Fragrance\": \"Eau De Parfum\",\n    \"Warning Hints\": \"Avoid eye contact. Keep away from direct heat and sunlight.\",\n    \"Item Number\": \"1265962\",\n    \"Product Series\": \"Private Blend\",\n    \"Net Weight\": \"0.1 kg\",\n    \"Package Height\": \"14.7 cm\",\n    \"Package Length\": \"7 cm\",\n    \"Package Width\": \"4.6 cm\"\n}"
    },
    {
        "product_name": "Tom Ford Neroli Portofino Eau de Parfum 100 ml",
        "brand_name": "Tom Ford",
        "brand_url": "https://shop.frankfurt-airport.com/en-US/brand/tom-ford",
        "retailer_name": "Frankfurt Duty Free",
        "retailer_url": "https://shop.frankfurt-airport.com/en-US/retailer/heinemann",
        "price": "\u20ac319.99",
        "price_per_quantity": "\u20ac319.99 / 100  ml",
        "description": "Vibrant. Sparkling. Transportive. To Tom Ford, this scent perfectly captures the cool breezes, sparkling clear water and lush foliage of the Italian Rivera. His reinvention of a classic eau de cologne features crisp citrus oils, surprising floral notes and amber undertones to leave a splashy yet substantive impression.Vibrant. Sparkling. Transportive. To Tom Ford, this scent perfectly captures the cool breezes, sparkling clear water and lush foliage of the Italian Rivera. His reinvention of a classic eau de cologne features crisp citrus oils, surprising floral notes and amber undertones to leave a splashy yet substantive impression.",
        "additional_information": "{\n    \"Order Amount\": \"100 ml\",\n    \"Target Gender\": \"Female\",\n    \"made in\": \"Switzerland\",\n    \"Type of Fragrance\": \"Eau De Parfum\",\n    \"Item Number\": \"508340\",\n    \"Product Series\": \"Neroli Portofino\",\n    \"Net Weight\": \"0.1 kg\",\n    \"Package Height\": \"14.6 cm\",\n    \"Package Length\": \"6.8 cm\",\n    \"Package Width\": \"4.5 cm\"\n}"
    },
    {
        "product_name": "Tom Ford Neroli Portofino Eau de Parfum 50 ml",
        "brand_name": "Tom Ford",
        "brand_url": "https://shop.frankfurt-airport.com/en-US/brand/tom-ford",
        "retailer_name": "Frankfurt Duty Free",
        "retailer_url": "https://shop.frankfurt-airport.com/en-US/retailer/heinemann",
        "price": "\u20ac239.99",
        "price_per_quantity": "\u20ac479.98 / 100  ml",
        "description": "Vibrant. Sparkling. Transportive. To Tom Ford, this scent perfectly captures the cool breezes, sparkling clear water and lush foliage of the Italian Rivera. His reinvention of a classic eau de cologne features crisp citrus oils, surprising floral notes and amber undertones to leave a splashy yet substantive impression.Vibrant. Sparkling. Transportive. To Tom Ford, this scent perfectly captures the cool breezes, sparkling clear water and lush foliage of the Italian Rivera. His reinvention of a classic eau de cologne features crisp citrus oils, surprising floral notes and amber undertones to leave a splashy yet substantive impression.",
        "additional_information": "{\n    \"Order Amount\": \"50 ml\",\n    \"Target Gender\": \"Female\",\n    \"made in\": \"Switzerland\",\n    \"Type of Fragrance\": \"Eau De Parfum\",\n    \"Item Number\": \"508339\",\n    \"Product Series\": \"Neroli Portofino\",\n    \"Net Weight\": \"0.05 kg\",\n    \"Package Height\": \"13 cm\",\n    \"Package Length\": \"5 cm\",\n    \"Package Width\": \"5 cm\"\n}"
    },
    {
        "product_name": "Tom Ford Velvet Orchid Eau de Parfum 100 ml",
        "brand_name": "Tom Ford",
        "brand_url": "https://shop.frankfurt-airport.com/en-US/brand/tom-ford",
        "retailer_name": "Frankfurt Duty Free",
        "retailer_url": "https://shop.frankfurt-airport.com/en-US/retailer/heinemann",
        "price": "\u20ac184.99",
        "price_per_quantity": "\u20ac184.99 / 100  ml",
        "description": "Introducing Tom Ford's new Signature fragrance: Velvet Orchid lives in a world of glamorous mystique, evolving the carnal grandeur and seductive power of Tom Ford's original Black Orchid into a harmonious and uber-feminine fragrance. Lavished with cool freshness,  dramatic petals, honey and rum, Tom Ford Velvet Orchid is an oriental floral fragrance that teases and caresses with enveloping and brilliant warmth.Introducing Tom Ford's new Signature fragrance: Velvet Orchid lives in a world of glamorous mystique, evolving the carnal grandeur and seductive power of Tom Ford's original Black Orchid into a harmonious and uber-feminine fragrance. Lavished with cool freshness,  dramatic petals, honey and rum, Tom Ford Velvet Orchid is an oriental floral fragrance that teases and caresses with enveloping and brilliant warmth.",
        "additional_information": "{\n    \"Order Amount\": \"100 ml\",\n    \"Target Gender\": \"Female\",\n    \"made in\": \"Switzerland\",\n    \"Type of Fragrance\": \"Eau De Parfum\",\n    \"Item Number\": \"1073688\",\n    \"Product Series\": \"Velvet Orchid\",\n    \"Net Weight\": \"0.1 kg\",\n    \"Package Height\": \"17 cm\",\n    \"Package Length\": \"9 cm\",\n    \"Package Width\": \"4 cm\"\n}"
    },
    {
        "product_name": "Tom Ford Oud Wood Eau de Parfum 30 ml",
        "brand_name": "Tom Ford",
        "brand_url": "https://shop.frankfurt-airport.com/en-US/brand/tom-ford",
        "retailer_name": "Frankfurt Duty Free",
        "retailer_url": "https://shop.frankfurt-airport.com/en-US/retailer/heinemann",
        "price": "\u20ac134.99",
        "price_per_quantity": "\u20ac449.97 / 100  ml",
        "description": "One of the most rare, precious, and expensive ingredients in a perfumer\u2019s arsenal, oud wood is often burned in incense- filled temples. Exotic rose wood and cardamom give way to a smoky blend of rare oud wood, sandalwood and vetiver. Tonka bean and amber add warmth and sensuality.One of the most rare, precious, and expensive ingredients in a perfumer\u2019s arsenal, oud wood is often burned in incense- filled temples. Exotic rose wood and cardamom give way to a smoky blend of rare oud wood, sandalwood and vetiver. Tonka bean and amber add warmth and sensuality.",
        "additional_information": "{\n    \"Order Amount\": \"30 ml\",\n    \"Target Gender\": \"Male\",\n    \"made in\": \"Usa\",\n    \"Type of Fragrance\": \"Eau De Parfum\",\n    \"Warning Hints\": \"Avoid eye contact. Keep away from direct heat and sunlight.\",\n    \"Item Number\": \"1407507\",\n    \"Product Series\": \"Oud Wood\",\n    \"Net Weight\": \"0.03 kg\",\n    \"Package Height\": \"11.4 cm\",\n    \"Package Length\": \"4.8 cm\",\n    \"Package Width\": \"4.8 cm\"\n}"
    },
    {
        "product_name": "Tom Ford Eau de Soleil Blanc Eau de Toilette 100 ml",
        "brand_name": "Tom Ford",
        "brand_url": "https://shop.frankfurt-airport.com/en-US/brand/tom-ford",
        "retailer_name": "Frankfurt Duty Free",
        "retailer_url": "https://shop.frankfurt-airport.com/en-US/retailer/heinemann",
        "price": "\u20ac169.99",
        "price_per_quantity": "\u20ac169.99 / 100  ml",
        "description": "Eau de Soleil Blanc embodies a refreshing illumination on private blend Soleil Blanc, bright, crisp and drenched with sparkling citrus. The vibrant twist on the floral amber warmth mirrors the crystalline reflection of the white sun, a sensuous gleam of sky on water.Eau de Soleil Blanc embodies a refreshing illumination on private blend Soleil Blanc, bright, crisp and drenched with sparkling citrus. The vibrant twist on the floral amber warmth mirrors the crystalline reflection of the white sun, a sensuous gleam of sky on water.",
        "additional_information": "{\n    \"Order Amount\": \"100 ml\",\n    \"Target Gender\": \"Female\",\n    \"made in\": \"Usa\",\n    \"Type of Fragrance\": \"Eau De Toilette\",\n    \"Warning Hints\": \"Avoid eye contact. Keep away from direct heat and sunlight.\",\n    \"Item Number\": \"1300010\",\n    \"Product Series\": \"Eau de Soleil Blanc\",\n    \"Net Weight\": \"0.1 kg\",\n    \"Package Height\": \"13.2 cm\",\n    \"Package Length\": \"6.6 cm\",\n    \"Package Width\": \"4.6 cm\"\n}"
    },
    {
        "product_name": "Tom Ford Velvet Orchid Eau de Parfum 50 ml",
        "brand_name": "Tom Ford",
        "brand_url": "https://shop.frankfurt-airport.com/en-US/brand/tom-ford",
        "retailer_name": "Frankfurt Duty Free",
        "retailer_url": "https://shop.frankfurt-airport.com/en-US/retailer/heinemann",
        "price": "\u20ac129.99",
        "price_per_quantity": "\u20ac259.98 / 100  ml",
        "description": "Introducing Tom Ford's new Signature fragrance: Velvet Orchid lives in a world of glamorous mystique, evolving the carnal grandeur and seductive power of Tom Ford's original Black Orchid into a harmonious and uber-feminine fragrance. Lavished with cool freshness,  dramatic petals, honey and rum, Tom Ford Velvet Orchid is an oriental floral fragrance that teases and caresses with enveloping and brilliant warmth.Introducing Tom Ford's new Signature fragrance: Velvet Orchid lives in a world of glamorous mystique, evolving the carnal grandeur and seductive power of Tom Ford's original Black Orchid into a harmonious and uber-feminine fragrance. Lavished with cool freshness,  dramatic petals, honey and rum, Tom Ford Velvet Orchid is an oriental floral fragrance that teases and caresses with enveloping and brilliant warmth.",
        "additional_information": "{\n    \"Order Amount\": \"50 ml\",\n    \"Target Gender\": \"Female\",\n    \"made in\": \"Switzerland\",\n    \"Type of Fragrance\": \"Eau De Parfum\",\n    \"Item Number\": \"1073687\",\n    \"Product Series\": \"Velvet Orchid\",\n    \"Net Weight\": \"0.05 kg\",\n    \"Package Height\": \"15 cm\",\n    \"Package Length\": \"3.5 cm\",\n    \"Package Width\": \"7 cm\"\n}"
    },
    {
        "product_name": "Tom Ford Soleil Blanc Eau de Parfum 50 ml",
        "brand_name": "Tom Ford",
        "brand_url": "https://shop.frankfurt-airport.com/en-US/brand/tom-ford",
        "retailer_name": "Frankfurt Duty Free",
        "retailer_url": "https://shop.frankfurt-airport.com/en-US/retailer/heinemann",
        "price": "\u20ac239.99",
        "price_per_quantity": "\u20ac479.98 / 100  ml",
        "description": "Remote private islands where summer lasts all year and one day seamlessly blends into the next inspire soleil blanc, an addictive solar floral amber alive with seductive refinement and refreshing decadence. Tom Ford's latest private blend creation napologetically exudes the endless pursuit of sun and luxury that defines tom ford soleil.Remote private islands where summer lasts all year and one day seamlessly blends into the next inspire soleil blanc, an addictive solar floral amber alive with seductive refinement and refreshing decadence. Tom Ford's latest private blend creation napologetically exudes the endless pursuit of sun and luxury that defines tom ford soleil.",
        "additional_information": "{\n    \"Order Amount\": \"50 ml\",\n    \"Target Gender\": \"Female\",\n    \"made in\": \"Usa\",\n    \"Type of Fragrance\": \"Eau De Parfum\",\n    \"Warning Hints\": \"Avoid eye contact. Keep away from direct heat and sunlight.\",\n    \"Item Number\": \"1189458\",\n    \"Product Series\": \"Private Blend\",\n    \"Net Weight\": \"0.05 kg\",\n    \"Package Height\": \"13 cm\",\n    \"Package Length\": \"5 cm\",\n    \"Package Width\": \"5 cm\"\n}"
    },
    {
        "product_name": "Tom Ford Private Blend Lost Cherry Eau de Parfum 100 ml",
        "brand_name": "Tom Ford",
        "brand_url": "https://shop.frankfurt-airport.com/en-US/brand/tom-ford",
        "retailer_name": "Frankfurt Duty Free",
        "retailer_url": "https://shop.frankfurt-airport.com/en-US/retailer/heinemann",
        "price": "\u20ac429.99",
        "price_per_quantity": "\u20ac429.99 / 100  ml",
        "description": "Luscious. Tempting. Insatiable.Tom Ford Lost Cherry is a full-bodied journey into the once-forbidden; a contrasting scent that reveals a tempting dichotomy of playful, candy-like gleam on the outside and luscious flesh on the inside.\\Innocence intersects indulgence with an opening that captures the classic perfection of the exotic cherry fruit \u2013 Black Cherry\u2019s ripe flesh dripping in cherry liqueur glistens with a teasing touch of Bitter Almond. The heart bursts forth in cherry waves of sweet and tart. Griotte Syrup expresses the textured maceration of voluptuous fruits while breathtaking florals Turkish Rose and Jasmine Sambac penetrate the senses and soul. Peru Balsam and Roasted Tonka at the drydown suggest a new portrait of an iconic symbol. When blended with an unexpected m\u00e9lange of sandalwood, vetiver and cedar, the finish reaches fantasy-inspiring levels of insatiability.Luscious. Tempting. Insatiable.Tom Ford Lost Cherry is a full-bodied journey into the once-forbidden; a contrasting scent that reveals a tempting dichotomy of playful, candy-like gleam on the outside and luscious flesh on the inside.\\Innocence intersects indulgence with an opening that captures the classic perfection of the exotic cherry fruit \u2013 Black Cherry\u2019s ripe flesh dripping in cherry liqueur glistens with a teasing touch of Bitter Almond. The heart bursts forth in cherry waves of sweet and tart. Griotte Syrup expresses the textured maceration of voluptuous fruits while breathtaking florals Turkish Rose and Jasmine Sambac penetrate the senses and soul. Peru Balsam and Roasted Tonka at the drydown suggest a new portrait of an iconic symbol. When blended with an unexpected m\u00e9lange of sandalwood, vetiver and cedar, the finish reaches fantasy-inspiring levels of insatiability.",
        "additional_information": "{\n    \"Order Amount\": \"100 ml\",\n    \"Target Gender\": \"Female\",\n    \"made in\": \"Switzerland\",\n    \"Type of Fragrance\": \"Eau De Parfum\",\n    \"Warning Hints\": \"Avoid eye contact. Keep away from direct heat and sunlight.\",\n    \"Item Number\": \"1401968\",\n    \"Product Series\": \"Private Blend\",\n    \"Net Weight\": \"0.1 kg\",\n    \"Package Height\": \"14.6 cm\",\n    \"Package Length\": \"6.8 cm\",\n    \"Package Width\": \"4.6 cm\"\n}"
    },
    {
        "product_name": "Tom Ford Eau de Soleil Blanc Eau de Toilette 50 ml",
        "brand_name": "Tom Ford",
        "brand_url": "https://shop.frankfurt-airport.com/en-US/brand/tom-ford",
        "retailer_name": "Frankfurt Duty Free",
        "retailer_url": "https://shop.frankfurt-airport.com/en-US/retailer/heinemann",
        "price": "\u20ac119.99",
        "price_per_quantity": "\u20ac239.98 / 100  ml",
        "description": "Eau de Soleil Blanc embodies a refreshing illumination on private blend Soleil Blanc, bright, crisp and drenched with sparkling citrus. The vibrant twist on the floral amber warmth mirrors the crystalline reflection of the white sun, a sensuous gleam of sky on water.Eau de Soleil Blanc embodies a refreshing illumination on private blend Soleil Blanc, bright, crisp and drenched with sparkling citrus. The vibrant twist on the floral amber warmth mirrors the crystalline reflection of the white sun, a sensuous gleam of sky on water.",
        "additional_information": "{\n    \"Order Amount\": \"50 ml\",\n    \"Target Gender\": \"Female\",\n    \"made in\": \"Usa\",\n    \"Type of Fragrance\": \"Eau De Toilette\",\n    \"Warning Hints\": \"Avoid eye contact. Keep away from direct heat and sunlight.\",\n    \"Item Number\": \"1300009\",\n    \"Product Series\": \"Eau de Soleil Blanc\",\n    \"Net Weight\": \"0.05 kg\",\n    \"Package Height\": \"12.5 cm\",\n    \"Package Length\": \"4.7 cm\",\n    \"Package Width\": \"4.6 cm\"\n}"
    },
    {
        "product_name": "Tom Ford Emotionproof Mascara Noir",
        "brand_name": "Tom Ford",
        "brand_url": "https://shop.frankfurt-airport.com/en-US/brand/tom-ford",
        "retailer_name": "Frankfurt Duty Free",
        "retailer_url": "https://shop.frankfurt-airport.com/en-US/retailer/heinemann",
        "price": "\u20ac49.99",
        "price_per_quantity": "\u20ac624.88 / 100  ml",
        "description": "Lengthening. Long-wearing. Waterproof. A luscious deep black mascara creates intense lashes in a creamy, waterproof and drama-free formula that lasts throughout the day. A combination of deep black carbon and lash-filling powders work to transform lashes with optimal glamour.Lengthening. Long-wearing. Waterproof. A luscious deep black mascara creates intense lashes in a creamy, waterproof and drama-free formula that lasts throughout the day. A combination of deep black carbon and lash-filling powders work to transform lashes with optimal glamour.",
        "additional_information": "{\n    \"Order Amount\": \"8 ml\",\n    \"made in\": \"Canada\",\n    \"Warning Hints\": \"Avoid eye contact. Keep away from direct heat and sunlight.\",\n    \"Item Number\": \"1408644\",\n    \"Manufacturer Color\": \"Noir\",\n    \"Product Series\": \"Emotionproof\",\n    \"Net Weight\": \"0.008 kg\",\n    \"Package Height\": \"14.1 cm\",\n    \"Package Length\": \"2.1 cm\",\n    \"Package Width\": \"2.1 cm\"\n}"
    },
    {
        "product_name": "Tom Ford Neroli Portofino Fleur de Portofino Eau de Parfum 50 ml",
        "brand_name": "Tom Ford",
        "brand_url": "https://shop.frankfurt-airport.com/en-US/brand/tom-ford",
        "retailer_name": "Frankfurt Duty Free",
        "retailer_url": "https://shop.frankfurt-airport.com/en-US/retailer/heinemann",
        "price": "\u20ac239.99",
        "price_per_quantity": "\u20ac479.98 / 100  ml",
        "description": "Vibrant, carefree and captivating. Private blend \"Fleur de Portofino\" is inspired by the cascades of white flowers that spill off the branches of the white acacia - a beloved shade tree that dots the Mediterranean\u2019s gardens and lines its tranquil avenues. \"Fleur  de Portofino\" creates a crisp and bright floral accord from this bloom, then surrounds it with effervescent citruses and acacia honey. The fragrance creates an effect of sheer floral possession that is incomparably hypnotic and extremely bold.Vibrant, carefree and captivating. Private blend \"Fleur de Portofino\" is inspired by the cascades of white flowers that spill off the branches of the white acacia - a beloved shade tree that dots the Mediterranean\u2019s gardens and lines its tranquil avenues. \"Fleur  de Portofino\" creates a crisp and bright floral accord from this bloom, then surrounds it with effervescent citruses and acacia honey. The fragrance creates an effect of sheer floral possession that is incomparably hypnotic and extremely bold.",
        "additional_information": "{\n    \"Order Amount\": \"50 ml\",\n    \"Target Gender\": \"Female\",\n    \"made in\": \"Usa\",\n    \"Type of Fragrance\": \"Eau De Parfum\",\n    \"Warning Hints\": \"Keep away from the sun and bright light.\",\n    \"Item Number\": \"1127447\",\n    \"Product Series\": \"Private Blend\",\n    \"Net Weight\": \"0.05 kg\",\n    \"Package Height\": \"13 cm\",\n    \"Package Length\": \"5 cm\",\n    \"Package Width\": \"5 cm\"\n}"
    },
    {
        "product_name": "Tom Ford Lip Color Lipstick N 80 Impassioned",
        "brand_name": "Tom Ford",
        "brand_url": "https://shop.frankfurt-airport.com/en-US/brand/tom-ford",
        "retailer_name": "Frankfurt Duty Free",
        "retailer_url": "https://shop.frankfurt-airport.com/en-US/retailer/heinemann",
        "price": "\u20ac59.99",
        "price_per_quantity": "\u20ac1,999.67 / 100  g",
        "description": "An array of Tom Ford's essential shades of luxurious lipstick for the many dimensions of the Tom Ford woman. Tom Ford's personal palette of luxurious lip colors for the many dimensions and shades of the Tom Ford woman. From bare nude to fire red to deep brown, each shade represents Ford\u2019s modern ideal of an essential makeup shade. Rare and exotic ingredients including soja seed extract, brazilian murumuru butter and chamomilla flower oil create an ultra-creamy texture with an incredibly smooth application. Specially treated color pigments are blended to deliver pure color with the perfect balance of luminosity for a polished finish.An array of Tom Ford's essential shades of luxurious lipstick for the many dimensions of the Tom Ford woman. Tom Ford's personal palette of luxurious lip colors for the many dimensions and shades of the Tom Ford woman. From bare nude to fire red to deep brown, each shade represents Ford\u2019s modern ideal of an essential makeup shade. Rare and exotic ingredients including soja seed extract, brazilian murumuru butter and chamomilla flower oil create an ultra-creamy texture with an incredibly smooth application. Specially treated color pigments are blended to deliver pure color with the perfect balance of luminosity for a polished finish.",
        "additional_information": "{\n    \"Order Amount\": \"3 g\",\n    \"made in\": \"Belgium\",\n    \"Warning Hints\": \"Avoid eye contact. Keep away from direct heat and sunlight.\",\n    \"Item Number\": \"1280355\",\n    \"Manufacturer Color\": \"No. 80 - Impassioned\",\n    \"Product Series\": \"Lip Color\",\n    \"Net Weight\": \"0.003 kg\",\n    \"Package Height\": \"7.7 cm\",\n    \"Package Length\": \"2.6 cm\",\n    \"Package Width\": \"2.6 cm\"\n}"
    },
    {
        "product_name": "Tom Ford Satin Matte Lip Color Stiletto",
        "brand_name": "Tom Ford",
        "brand_url": "https://shop.frankfurt-airport.com/en-US/brand/tom-ford",
        "retailer_name": "Frankfurt Duty Free",
        "retailer_url": "https://shop.frankfurt-airport.com/en-US/retailer/heinemann",
        "price": "\u20ac57.99",
        "price_per_quantity": "\u20ac1,757.27 / 100  g",
        "description": "One-Stroke. Visibly-Plumped. Concentrated. Full-coverage in one single stroke. Vibrant and saturated with high-pigment color impact,  the lightweightand longwearing formula features the rare and exotic nourishing ingredients of iconic TOM FORD Lip Color, including soja seed extract, Brazilian murumuru butter and chamomilla flower oil, along with collagen and a rich blend of marine-based ingredients that smooth and moisturize lips for the appearance of the ultimate voluptuous look.One-Stroke. Visibly-Plumped. Concentrated. Full-coverage in one single stroke. Vibrant and saturated with high-pigment color impact,  the lightweightand longwearing formula features the rare and exotic nourishing ingredients of iconic TOM FORD Lip Color, including soja seed extract, Brazilian murumuru butter and chamomilla flower oil, along with collagen and a rich blend of marine-based ingredients that smooth and moisturize lips for the appearance of the ultimate voluptuous look.",
        "additional_information": "{\n    \"Order Amount\": \"3.3 g\",\n    \"made in\": \"Italy\",\n    \"Warning Hints\": \"Avoid eye contact. Keep away from direct heat and sunlight.\",\n    \"Item Number\": \"1337643\",\n    \"Manufacturer Color\": \"No. 19 - Stiletto\",\n    \"Product Series\": \"Satin Matte Lip Color\",\n    \"Net Weight\": \"0.003 kg\",\n    \"Package Height\": \"7.7 cm\",\n    \"Package Length\": \"2.6 cm\",\n    \"Package Width\": \"2.6 cm\"\n}"
    },
    {
        "product_name": "Tom Ford Private Blend Lip Color Matte Lipstick N 07 Ruby Rush",
        "brand_name": "Tom Ford",
        "brand_url": "https://shop.frankfurt-airport.com/en-US/brand/tom-ford",
        "retailer_name": "Frankfurt Duty Free",
        "retailer_url": "https://shop.frankfurt-airport.com/en-US/retailer/heinemann",
        "price": "\u20ac57.99",
        "price_per_quantity": "\u20ac1,933.00 / 100  g",
        "description": "Tom Ford Lip Color Matte creates a powerfully sophisticated look of unadulterated color. Formulated with a luxurious, velvet matte finish, the lip color matte smoothes comfortably onto the lips in a spectrum of richly pigmented hues from sensuous pink neutrals to alluring bolds.Tom Ford Lip Color Matte creates a powerfully sophisticated look of unadulterated color. Formulated with a luxurious, velvet matte finish, the lip color matte smoothes comfortably onto the lips in a spectrum of richly pigmented hues from sensuous pink neutrals to alluring bolds.",
        "additional_information": "{\n    \"Order Amount\": \"3 g\",\n    \"made in\": \"Belgium\",\n    \"Warning Hints\": \"Avoid eye contact. Keep away from direct heat and sunlight.\",\n    \"Item Number\": \"1159116\",\n    \"Manufacturer Color\": \"No. 07 - Ruby Rush\",\n    \"Product Series\": \"Lip Color Matte\",\n    \"Net Weight\": \"0.003 kg\",\n    \"Package Height\": \"7.7 cm\",\n    \"Package Length\": \"2.6 cm\",\n    \"Package Width\": \"2.6 cm\"\n}"
    },
    {
        "product_name": "Tom Ford Lip Color Ultra Shine Lipstick N 03 Nubile",
        "brand_name": "Tom Ford",
        "brand_url": "https://shop.frankfurt-airport.com/en-US/brand/tom-ford",
        "retailer_name": "Frankfurt Duty Free",
        "retailer_url": "https://shop.frankfurt-airport.com/en-US/retailer/heinemann",
        "price": "\u20ac52.99",
        "price_per_quantity": "\u20ac1,605.76 / 100  g",
        "description": "Lustrous. Transparent. Delicate. Glossy, creamy, and addictive. An innovative lip formula combines three lip musts: the easy application of a lipstick. The gleam of a lip gloss, and the rich emollient of a lip balm. Featuring lightweight silica powders, this unique combination of esters and polymers ensure even, glossy application, while polyethylene wax gives a lightweight, conditioned feel.Lustrous. Transparent. Delicate. Glossy, creamy, and addictive. An innovative lip formula combines three lip musts: the easy application of a lipstick. The gleam of a lip gloss, and the rich emollient of a lip balm. Featuring lightweight silica powders, this unique combination of esters and polymers ensure even, glossy application, while polyethylene wax gives a lightweight, conditioned feel.",
        "additional_information": "{\n    \"Order Amount\": \"3.3 g\",\n    \"made in\": \"Italy\",\n    \"Warning Hints\": \"Avoid eye contact. Keep away from direct heat and sunlight.\",\n    \"Item Number\": \"1301994\",\n    \"Manufacturer Color\": \"No. 03 - Nubile\",\n    \"Product Series\": \"Lip Color\",\n    \"Net Weight\": \"0.003 kg\",\n    \"Package Height\": \"8.6 cm\",\n    \"Package Length\": \"2.1 cm\",\n    \"Package Width\": \"2.1 cm\"\n}"
    },
    {
        "product_name": "Tom Ford Lip Color N 10 Cherry Lush Lipstick",
        "brand_name": "Tom Ford",
        "brand_url": "https://shop.frankfurt-airport.com/en-US/brand/tom-ford",
        "retailer_name": "Frankfurt Duty Free",
        "retailer_url": "https://shop.frankfurt-airport.com/en-US/retailer/heinemann",
        "price": "\u20ac59.99",
        "price_per_quantity": "\u20ac1,999.67 / 100  g",
        "description": "To Tom Ford, there is no more dramatic accessory than a perfect lip. It is the focus of the face and it has the power to define a woman\u2019s whole look. Each Lip Color is Tom Ford\u2019s modern ideal of an essential makeup shade. Rare and exotic ingredients including soja seed extract, Brazilian murumuru butter and chamomilla flower oil create an ultra-creamy texture with an incredibly smooth application. Specially treated color pigments are blended to deliver pure color with just the right balance of luminosity.To Tom Ford, there is no more dramatic accessory than a perfect lip. It is the focus of the face and it has the power to define a woman\u2019s whole look. Each Lip Color is Tom Ford\u2019s modern ideal of an essential makeup shade. Rare and exotic ingredients including soja seed extract, Brazilian murumuru butter and chamomilla flower oil create an ultra-creamy texture with an incredibly smooth application. Specially treated color pigments are blended to deliver pure color with just the right balance of luminosity.",
        "additional_information": "{\n    \"Order Amount\": \"3 g\",\n    \"made in\": \"Belgium\",\n    \"Item Number\": \"1045848\",\n    \"Manufacturer Color\": \"No. 10 - Cherry Lush\",\n    \"Product Series\": \"Lip Color\",\n    \"Net Weight\": \"0.003 kg\",\n    \"Package Height\": \"7.7 cm\",\n    \"Package Length\": \"2.5 cm\",\n    \"Package Width\": \"2.5 cm\"\n}"
    },
    {
        "product_name": "Tom Ford Eye Color Quad Eyeshadow N 20 Disco Dust",
        "brand_name": "Tom Ford",
        "brand_url": "https://shop.frankfurt-airport.com/en-US/brand/tom-ford",
        "retailer_name": "Frankfurt Duty Free",
        "retailer_url": "https://shop.frankfurt-airport.com/en-US/retailer/heinemann",
        "price": "\u20ac79.99",
        "price_per_quantity": "\u20ac888.78 / 100  g",
        "description": "An eye shadow quad designed with four complementary shades to achieve multiple looks, from a bold, smoky eye, to a sexy slash of color and everything in between. The centerpiece of the tom ford color collection. Each eye color quad is designed with four opulent  complement shades that achieve multiple looks, from a bold, smokey eye, to a sexy slash of color and everything in between. Formulated with advanced color processes, the four luxurious finishes\u2014sheer sparkle, satin, shimmer and matte\u2014offer a spectrum of intensity and effects and deliver incredible shade fidelity and outstanding adhesion. Two custom applicators included. Two shades\u2014nude dip and honeymoon\u2014feature one-of-a-kind technology that wraps concentrated pigments for a color-true, highly polished, multi-dimensional look. May be applied for a sleek and shimmering look or wet for a bold effect.An eye shadow quad designed with four complementary shades to achieve multiple looks, from a bold, smoky eye, to a sexy slash of color and everything in between. The centerpiece of the tom ford color collection. Each eye color quad is designed with four opulent  complement shades that achieve multiple looks, from a bold, smokey eye, to a sexy slash of color and everything in between. Formulated with advanced color processes, the four luxurious finishes\u2014sheer sparkle, satin, shimmer and matte\u2014offer a spectrum of intensity and effects and deliver incredible shade fidelity and outstanding adhesion. Two custom applicators included. Two shades\u2014nude dip and honeymoon\u2014feature one-of-a-kind technology that wraps concentrated pigments for a color-true, highly polished, multi-dimensional look. May be applied for a sleek and shimmering look or wet for a bold effect.",
        "additional_information": "{\n    \"Order Amount\": \"9 g\",\n    \"made in\": \"Italy\",\n    \"Warning Hints\": \"Avoid eye contact. Keep away from direct heat and sunlight.\",\n    \"Item Number\": \"1278926\",\n    \"Manufacturer Color\": \"No. 20 - Disco Dust\",\n    \"Product Series\": \"Eye Color Quad\",\n    \"Net Weight\": \"0.009 kg\",\n    \"Package Height\": \"1.9 cm\",\n    \"Package Length\": \"11 cm\",\n    \"Package Width\": \"7.9 cm\"\n}"
    },
    {
        "product_name": "Tom Ford Soleil Bronzing Powder N 02 Terra",
        "brand_name": "Tom Ford",
        "brand_url": "https://shop.frankfurt-airport.com/en-US/brand/tom-ford",
        "retailer_name": "Frankfurt Duty Free",
        "retailer_url": "https://shop.frankfurt-airport.com/en-US/retailer/heinemann",
        "price": "\u20ac62.99",
        "price_per_quantity": "\u20ac787.38 / 100  g",
        "description": "A luxurious mix of botanical butters help condition skin. With specialized pigments, the luxe formula adheres with second-skin like radiance and provides a luminous, lit-from-within glow. A blend of cocoa seed butter, mango seed butter and cupuacu butter helps provide skin with a conditioning and comforting layer.A luxurious mix of botanical butters help condition skin. With specialized pigments, the luxe formula adheres with second-skin like radiance and provides a luminous, lit-from-within glow. A blend of cocoa seed butter, mango seed butter and cupuacu butter helps provide skin with a conditioning and comforting layer.",
        "additional_information": "{\n    \"Order Amount\": \"8 g\",\n    \"made in\": \"Italy\",\n    \"Warning Hints\": \"Please be aware that ingredient lists may change or vary from time to time. Please refer to the ingredient list on the product package you receive for the most up-to-date list of ingredients.\",\n    \"Item Number\": \"1379172\",\n    \"Manufacturer Color\": \"Terra\",\n    \"Product Series\": \"Soleil\",\n    \"Net Weight\": \"0.008 kg\",\n    \"Package Height\": \"7.6 cm\",\n    \"Package Length\": \"7.8 cm\",\n    \"Package Width\": \"1.8 cm\"\n}"
    },
    {
        "product_name": "Tom Ford Private Blend Lip Color Matte Lipstick N 08 Velvet Cherry",
        "brand_name": "Tom Ford",
        "brand_url": "https://shop.frankfurt-airport.com/en-US/brand/tom-ford",
        "retailer_name": "Frankfurt Duty Free",
        "retailer_url": "https://shop.frankfurt-airport.com/en-US/retailer/heinemann",
        "price": "\u20ac57.99",
        "price_per_quantity": "\u20ac1,933.00 / 100  g",
        "description": "Tom Ford Lip Color Matte creates a powerfully sophisticated look of unadulterated color. Formulated with a luxurious, velvet matte finish, the lip color matte smoothes comfortably onto the lips in a spectrum of richly pigmented hues from sensuous pink neutrals to alluring bolds.Tom Ford Lip Color Matte creates a powerfully sophisticated look of unadulterated color. Formulated with a luxurious, velvet matte finish, the lip color matte smoothes comfortably onto the lips in a spectrum of richly pigmented hues from sensuous pink neutrals to alluring bolds.",
        "additional_information": "{\n    \"Order Amount\": \"3 g\",\n    \"made in\": \"Belgium\",\n    \"Warning Hints\": \"Avoid eye contact. Keep away from direct heat and sunlight.\",\n    \"Item Number\": \"1159117\",\n    \"Manufacturer Color\": \"No. 08 - Velvet Cherry\",\n    \"Product Series\": \"Lip Color Matte\",\n    \"Net Weight\": \"0.003 kg\",\n    \"Package Height\": \"7.7 cm\",\n    \"Package Length\": \"2.6 cm\",\n    \"Package Width\": \"2.6 cm\"\n}"
    },
    {
        "product_name": "Tom Ford Eye Color Quad Eyeshadow N 03 Nude Dip",
        "brand_name": "Tom Ford",
        "brand_url": "https://shop.frankfurt-airport.com/en-US/brand/tom-ford",
        "retailer_name": "Frankfurt Duty Free",
        "retailer_url": "https://shop.frankfurt-airport.com/en-US/retailer/heinemann",
        "price": "\u20ac79.99",
        "price_per_quantity": "\u20ac888.78 / 100  g",
        "description": "An eye shadow quad designed with four complementary shades to achieve multiple looks, from a bold, smoky eye, to a sexy slash of color and everything in between. The centerpiece of the tom ford color collection. Each eye color quad is designed with four opulent  complement shades that achieve multiple looks, from a bold, smokey eye, to a sexy slash of color and everything in between. Formulated with advanced color processes, the four luxurious finishes\u2014sheer sparkle, satin, shimmer and matte\u2014offer a spectrum of intensity and effects and deliver incredible shade fidelity and outstanding adhesion. Two custom applicators included. Two shades\u2014nude dip and honeymoon\u2014feature one-of-a-kind technology that wraps concentrated pigments for a color-true, highly polished, multi-dimensional look. May be applied for a sleek and shimmering look or wet for a bold effect.An eye shadow quad designed with four complementary shades to achieve multiple looks, from a bold, smoky eye, to a sexy slash of color and everything in between. The centerpiece of the tom ford color collection. Each eye color quad is designed with four opulent  complement shades that achieve multiple looks, from a bold, smokey eye, to a sexy slash of color and everything in between. Formulated with advanced color processes, the four luxurious finishes\u2014sheer sparkle, satin, shimmer and matte\u2014offer a spectrum of intensity and effects and deliver incredible shade fidelity and outstanding adhesion. Two custom applicators included. Two shades\u2014nude dip and honeymoon\u2014feature one-of-a-kind technology that wraps concentrated pigments for a color-true, highly polished, multi-dimensional look. May be applied for a sleek and shimmering look or wet for a bold effect.",
        "additional_information": "{\n    \"Order Amount\": \"9 g\",\n    \"made in\": \"Italy\",\n    \"Warning Hints\": \"Avoid eye contact. Keep away from direct heat and sunlight.\",\n    \"Item Number\": \"1278935\",\n    \"Manufacturer Color\": \"No. 003 - Nude Dip\",\n    \"Product Series\": \"Eye Color Quad\",\n    \"Net Weight\": \"0.009 kg\",\n    \"Package Height\": \"2 cm\",\n    \"Package Length\": \"11 cm\",\n    \"Package Width\": \"8 cm\"\n}"
    },
    {
        "product_name": "Tom Ford Soleil Sheer Highlighting Duo Reflects Gilt",
        "brand_name": "Tom Ford",
        "brand_url": "https://shop.frankfurt-airport.com/en-US/brand/tom-ford",
        "retailer_name": "Frankfurt Duty Free",
        "retailer_url": "https://shop.frankfurt-airport.com/en-US/retailer/heinemann",
        "price": "\u20ac72.99",
        "price_per_quantity": "\u20ac2,433.00 / 100  g",
        "description": "Eyes and cheeks in reflects gilt, a pair of shimmering rose and yellow gold inspired by the sunrise and the sunset, give a light-reflective finish to bronzed, glowing skin. A versatile cheek and face highlighter and luminous eye shadow, the radiant shades  can be applied wet for a soft veil of color or dry for a sweeping pop of vibrancy. Use shades alone or together for non-streaking, stay-true color that blends easily. Embossed with TOM FORD logo.Eyes and cheeks in reflects gilt, a pair of shimmering rose and yellow gold inspired by the sunrise and the sunset, give a light-reflective finish to bronzed, glowing skin. A versatile cheek and face highlighter and luminous eye shadow, the radiant shades  can be applied wet for a soft veil of color or dry for a sweeping pop of vibrancy. Use shades alone or together for non-streaking, stay-true color that blends easily. Embossed with TOM FORD logo.",
        "additional_information": "{\n    \"Order Amount\": \"3 g\",\n    \"made in\": \"Italy\",\n    \"Warning Hints\": \"Avoid eye contact. Keep away from direct heat and sunlight.\",\n    \"Item Number\": \"1278972\",\n    \"Manufacturer Color\": \"Reflects Gilt\",\n    \"Product Series\": \"Soleil\",\n    \"Net Weight\": \"0.003 kg\",\n    \"Package Height\": \"9.5 cm\",\n    \"Package Length\": \"9 cm\",\n    \"Package Width\": \"2.5 cm\"\n}"
    },
    {
        "product_name": "Tom Ford Summer Soleil Powder N 01 Gold Dust",
        "brand_name": "Tom Ford",
        "brand_url": "https://shop.frankfurt-airport.com/en-US/brand/tom-ford",
        "retailer_name": "Frankfurt Duty Free",
        "retailer_url": "https://shop.frankfurt-airport.com/en-US/retailer/heinemann",
        "price": "\u20ac62.99",
        "price_per_quantity": "\u20ac787.38 / 100  g",
        "description": "A luxurious mix of botanical butters help condition skin. With specialized pigments, the luxe formula adheres with second-skin like radiance and provides a luminous, lit-from-within glow. A blend of cocoa seed butter, mango seed butter and cupuacu butter helps provide skin with a conditioning and comforting layer.A luxurious mix of botanical butters help condition skin. With specialized pigments, the luxe formula adheres with second-skin like radiance and provides a luminous, lit-from-within glow. A blend of cocoa seed butter, mango seed butter and cupuacu butter helps provide skin with a conditioning and comforting layer.",
        "additional_information": "{\n    \"Order Amount\": \"8 g\",\n    \"made in\": \"Italy\",\n    \"Warning Hints\": \"Please be aware that ingredient lists may change or vary from time to time. Please refer to the ingredient list on the product package you receive for the most up-to-date list of ingredients.\",\n    \"Item Number\": \"1379171\",\n    \"Manufacturer Color\": \"Gold Dust\",\n    \"Product Series\": \"Summer Soleil 2019\",\n    \"Net Weight\": \"0.008 kg\",\n    \"Package Height\": \"7.6 cm\",\n    \"Package Length\": \"7.8 cm\",\n    \"Package Width\": \"1.8 cm\"\n}"
    },
    {
        "product_name": "Tom Ford Satin Matte Lip Color Lipstick Marocain",
        "brand_name": "Tom Ford",
        "brand_url": "https://shop.frankfurt-airport.com/en-US/brand/tom-ford",
        "retailer_name": "Frankfurt Duty Free",
        "retailer_url": "https://shop.frankfurt-airport.com/en-US/retailer/heinemann",
        "price": "\u20ac57.99",
        "price_per_quantity": "\u20ac1,757.27 / 100  g",
        "description": "One-Stroke. Visibly-Plumped. Velvet. Vibrant, velvet and saturated with high-pigment color impact in a single stroke. The lightweight, full-coverage, and longwearing formula features the rare and exotic nourishing ingredients of iconic TOM FORD Lip Color , including soja seed extract, Brazilian murmuru butter and rosehip seed oil, to help smooth and moisturize lips for the appearance of the ultimate voluptuous look.One-Stroke. Visibly-Plumped. Velvet. Vibrant, velvet and saturated with high-pigment color impact in a single stroke. The lightweight, full-coverage, and longwearing formula features the rare and exotic nourishing ingredients of iconic TOM FORD Lip Color , including soja seed extract, Brazilian murmuru butter and rosehip seed oil, to help smooth and moisturize lips for the appearance of the ultimate voluptuous look.",
        "additional_information": "{\n    \"Order Amount\": \"3.3 g\",\n    \"made in\": \"Italy\",\n    \"Warning Hints\": \"Avoid eye contact. Keep away from direct heat and sunlight.\",\n    \"Item Number\": \"1416682\",\n    \"Manufacturer Color\": \"Marocain\",\n    \"Product Series\": \"Satin Matte Lip Color\",\n    \"Net Weight\": \"0.003 kg\",\n    \"Package Height\": \"8.5 cm\",\n    \"Package Length\": \"2 cm\",\n    \"Package Width\": \"2 cm\"\n}"
    },
    {
        "product_name": "Tom Ford Eye Defining Pen Eye Liner N 01 Deeper",
        "brand_name": "Tom Ford",
        "brand_url": "https://shop.frankfurt-airport.com/en-US/brand/tom-ford",
        "retailer_name": "Frankfurt Duty Free",
        "retailer_url": "https://shop.frankfurt-airport.com/en-US/retailer/heinemann",
        "price": "\u20ac52.99",
        "price_per_quantity": "\u20ac6,623.75 / 100  ml",
        "description": "A dual-ended liquid eye liner that delivers ultimate precision. Complete the look of the tom ford seductive eye with exceptional polish, using this innovative, dual-ended liquid liner. formulated in the blackest shade of black, it delivers ultimate precision and makes fluid strokes easy to achieve. featuring a fine calligraphy tip on one end and brush on the other, creating a spectrum of transforming effects, from classic, sleek lines to dramatic wing tips or a sultry doe eye.A dual-ended liquid eye liner that delivers ultimate precision. Complete the look of the tom ford seductive eye with exceptional polish, using this innovative, dual-ended liquid liner. formulated in the blackest shade of black, it delivers ultimate precision and makes fluid strokes easy to achieve. featuring a fine calligraphy tip on one end and brush on the other, creating a spectrum of transforming effects, from classic, sleek lines to dramatic wing tips or a sultry doe eye.",
        "additional_information": "{\n    \"Order Amount\": \"0.8 ml\",\n    \"made in\": \"Japan\",\n    \"Warning Hints\": \"Avoid eye contact. Keep away from direct heat and sunlight.\",\n    \"Item Number\": \"1278938\",\n    \"Manufacturer Color\": \"Deeper\",\n    \"Product Series\": \"Eye Defining Pencil\",\n    \"Net Weight\": \"0.001 kg\",\n    \"Package Height\": \"1.8 cm\",\n    \"Package Length\": \"17.4 cm\",\n    \"Package Width\": \"2.6 cm\"\n}"
    },
    {
        "product_name": "Torres, Gran Coronas, Cabernet Sauvignon, Peneds, dry, red, 0.75L",
        "brand_name": "Torres",
        "brand_url": "https://shop.frankfurt-airport.com/en-US/brand/torres",
        "retailer_name": "Frankfurt Duty Free",
        "retailer_url": "https://shop.frankfurt-airport.com/en-US/retailer/heinemann",
        "price": "\u20ac12.49",
        "price_per_quantity": "\u20ac16.65 / 1  l",
        "description": "Torres's best Reserva wine. Made from Cabernet Sauvignon and Tempranillo varieties, a blend that combines the nobility of the internationally prized Cabernet Sauvignon with Spain's most widely appreciated variety, Tempranillo. Recognised at an international level.",
        "additional_information": "{\n    \"Order Amount\": \"0.75 l\",\n    \"Color of Wine\": \"Red\",\n    \"Grape Variety\": \"Cabernet Sauvignon/Merlot\",\n    \"Calories\": \"360.09 kJ\",\n    \"Fat\": \" / \",\n    \"Carbonate\": \"86 kcal\",\n    \"Protein\": \"0 g\",\n    \"Origin of Wine \\u2013 Still\": \"0.19 g\",\n    \"made in\": \"0 g\",\n    \"Sweetness of Still Wine\": \"Spain \\u2013 Catalonia\",\n    \"With Colorant\": \"Spain\",\n    \"GMO Free\": \"Dry\",\n    \"Warning Hints\": \"No\",\n    \"Item Number\": \"Yes\",\n    \"Net Weight\": \"Please drink responsibly\",\n    \"Package Height\": \"38676\",\n    \"Package Length\": \"0.75 kg\",\n    \"Package Width\": \"30 cm\"\n}"
    },
    {
        "product_name": "Tom Ford Satin Matte Lip Color Lipstick To Die For",
        "brand_name": "Tom Ford",
        "brand_url": "https://shop.frankfurt-airport.com/en-US/brand/tom-ford",
        "retailer_name": "Frankfurt Duty Free",
        "retailer_url": "https://shop.frankfurt-airport.com/en-US/retailer/heinemann",
        "price": "\u20ac57.99",
        "price_per_quantity": "\u20ac1,757.27 / 100  g",
        "description": "One-Stroke. Visibly-Plumped. Velvet. Vibrant, velvet and saturated with high-pigment color impact in a single stroke. The lightweight, full-coverage, and longwearing formula features the rare and exotic nourishing ingredients of iconic TOM FORD Lip Color , including soja seed extract, Brazilian murmuru butter and rosehip seed oil, to help smooth and moisturize lips for the appearance of the ultimate voluptuous look.One-Stroke. Visibly-Plumped. Velvet. Vibrant, velvet and saturated with high-pigment color impact in a single stroke. The lightweight, full-coverage, and longwearing formula features the rare and exotic nourishing ingredients of iconic TOM FORD Lip Color , including soja seed extract, Brazilian murmuru butter and rosehip seed oil, to help smooth and moisturize lips for the appearance of the ultimate voluptuous look.",
        "additional_information": "{\n    \"Order Amount\": \"3.3 g\",\n    \"made in\": \"Italy\",\n    \"Warning Hints\": \"Avoid eye contact. Keep away from direct heat and sunlight.\",\n    \"Item Number\": \"1416680\",\n    \"Manufacturer Color\": \"To Die For\",\n    \"Product Series\": \"Satin Matte Lip Color\",\n    \"Net Weight\": \"0.003 kg\",\n    \"Package Height\": \"8.5 cm\",\n    \"Package Length\": \"2 cm\",\n    \"Package Width\": \"2 cm\"\n}"
    },
    {
        "product_name": "Torres, Celeste, Crianza, Ribera del Duero, dry, red, 0.75L",
        "brand_name": "Torres",
        "brand_url": "https://shop.frankfurt-airport.com/en-US/brand/torres",
        "retailer_name": "Frankfurt Duty Free",
        "retailer_url": "https://shop.frankfurt-airport.com/en-US/retailer/heinemann",
        "price": "\u20ac16.99",
        "price_per_quantity": "\u20ac22.65 / 1  l",
        "description": "The top Torres wine from Ribera del Duero. Based on the concept of the \"map of the stars seen from the  winery\". 100% Tempranillo, the Spanish grape per excellence.",
        "additional_information": "{\n    \"Order Amount\": \"0.75 l\",\n    \"Color of Wine\": \"Red\",\n    \"Calories\": \"368.44 kJ\",\n    \"Fat\": \" / \",\n    \"Carbonate\": \"88 kcal\",\n    \"Protein\": \"0 g\",\n    \"Origin of Wine \\u2013 Still\": \"0.11 g\",\n    \"made in\": \"0 g\",\n    \"Sweetness of Still Wine\": \"Spain \\u2013 Castilla Y Leon\",\n    \"With Colorant\": \"Spain\",\n    \"GMO Free\": \"Dry\",\n    \"Warning Hints\": \"No\",\n    \"Item Number\": \"Yes\",\n    \"Net Weight\": \"Drink responsibly\",\n    \"Package Height\": \"151158\",\n    \"Package Length\": \"0.75 kg\",\n    \"Package Width\": \"30.2 cm\"\n}"
    },
    {
        "product_name": "Torres, Sangre de Toro, Original, Peneds, DO, dry, red (screw cap) 0.75L",
        "brand_name": "Torres",
        "brand_url": "https://shop.frankfurt-airport.com/en-US/brand/torres",
        "retailer_name": "Frankfurt Duty Free",
        "retailer_url": "https://shop.frankfurt-airport.com/en-US/retailer/heinemann",
        "price": "\u20ac7.99",
        "price_per_quantity": "\u20ac10.65 / 1  l",
        "description": "A brand with more than 50 years of history that embodies the character of the Spanish land. Sangre de Toro means the \"blood of the bull\". The name is inspired by Bacchus, the Roman god of wine, known in ancient times as \"Son of the bull\". A wine that enjoys international recognition made from local varieties. One of the better known Spanish wines in the world with on-going internationalization: currently available in 130 countries.",
        "additional_information": "{\n    \"Order Amount\": \"0.75 l\",\n    \"Color of Wine\": \"Red\",\n    \"Grape Variety\": \"Garnacha\",\n    \"Calories\": \"348 kJ\",\n    \"Fat\": \" / \",\n    \"Carbonate\": \"83 kcal\",\n    \"Protein\": \"0 g\",\n    \"Origin of Wine \\u2013 Still\": \"0.33 g\",\n    \"made in\": \"0 g\",\n    \"Sweetness of Still Wine\": \"Spain \\u2013 Catalonia\",\n    \"With Colorant\": \"Spain\",\n    \"GMO Free\": \"Dry\",\n    \"Warning Hints\": \"No\",\n    \"Item Number\": \"Yes\",\n    \"Product Series\": \"Drink responsibly\",\n    \"Net Weight\": \"49428\",\n    \"Package Height\": \"Sangre de Toro\",\n    \"Package Length\": \"0.75 kg\",\n    \"Package Width\": \"29.6 cm\"\n}"
    },
    {
        "product_name": "Torres, Sangre de Toro, Reserva, Peneds, DO, dry, red 0.75L",
        "brand_name": "Torres",
        "brand_url": "https://shop.frankfurt-airport.com/en-US/brand/torres",
        "retailer_name": "Frankfurt Duty Free",
        "retailer_url": "https://shop.frankfurt-airport.com/en-US/retailer/heinemann",
        "price": "\u20ac13.49",
        "price_per_quantity": "\u20ac17.99 / 1  l",
        "description": "At the end of the 1960s, my father decided to create a reserva with a well defined identity and its own character using Garnacha and  Syrah. Miguel A. Torres. With all the character of Sangre de Toro, but complemented by the elegant Syrah variety and aged in oak for a longer period of time.",
        "additional_information": "{\n    \"Order Amount\": \"0.75 l\",\n    \"Color of Wine\": \"Red\",\n    \"Grape Variety\": \"Garnacha\",\n    \"Calories\": \"362 kJ\",\n    \"Fat\": \" / \",\n    \"thereof \": \"0.5 g\",\n    \"Saturated Fatty Acids\": \"0 g\",\n    \"Carbonate\": \"0 g\",\n    \"Sugar\": \"0.5 g\",\n    \"Protein\": \"0 g\",\n    \"Origin of Wine \\u2013 Still\": \"Spain \\u2013 Catalonia\",\n    \"made in\": \"Spain\",\n    \"Sweetness of Still Wine\": \"Dry\",\n    \"With Colorant\": \"No\",\n    \"GMO Free\": \"Yes\",\n    \"Storage Conditions\": \"Store in a cool dry place.\",\n    \"Warning Hints\": \"Drink responsibly\",\n    \"Item Number\": \"38656\",\n    \"Product Series\": \"Sangre de Toro\",\n    \"Net Weight\": \"0.75 kg\",\n    \"Package Height\": \"29.5 cm\",\n    \"Package Length\": \"8.09 cm\",\n    \"Package Width\": \"8.09 cm\"\n}"
    },
    {
        "product_name": "Tom Ford Satin Matte Lip Color Lipstick Shameless",
        "brand_name": "Tom Ford",
        "brand_url": "https://shop.frankfurt-airport.com/en-US/brand/tom-ford",
        "retailer_name": "Frankfurt Duty Free",
        "retailer_url": "https://shop.frankfurt-airport.com/en-US/retailer/heinemann",
        "price": "\u20ac57.99",
        "price_per_quantity": "\u20ac1,757.27 / 100  g",
        "description": "One-Stroke. Visibly-Plumped. Velvet. Vibrant, velvet and saturated with high-pigment color impact in a single stroke. The lightweight, full-coverage, and longwearing formula features the rare and exotic nourishing ingredients of iconic TOM FORD Lip Color , including soja seed extract, Brazilian murmuru butter and rosehip seed oil, to help smooth and moisturize lips for the appearance of the ultimate voluptuous look.One-Stroke. Visibly-Plumped. Velvet. Vibrant, velvet and saturated with high-pigment color impact in a single stroke. The lightweight, full-coverage, and longwearing formula features the rare and exotic nourishing ingredients of iconic TOM FORD Lip Color , including soja seed extract, Brazilian murmuru butter and rosehip seed oil, to help smooth and moisturize lips for the appearance of the ultimate voluptuous look.",
        "additional_information": "{\n    \"Order Amount\": \"3.3 g\",\n    \"made in\": \"Italy\",\n    \"Warning Hints\": \"Avoid eye contact. Keep away from direct heat and sunlight.\",\n    \"Item Number\": \"1416679\",\n    \"Manufacturer Color\": \"Shameless\",\n    \"Product Series\": \"Satin Matte Lip Color\",\n    \"Net Weight\": \"0.003 kg\",\n    \"Package Height\": \"8.5 cm\",\n    \"Package Length\": \"2 cm\",\n    \"Package Width\": \"2 cm\"\n}"
    },
    {
        "product_name": "Torres, Gran Via Sol, Chardonnay, DO, Peneds, dry, white, 0.75L",
        "brand_name": "Torres",
        "brand_url": "https://shop.frankfurt-airport.com/en-US/brand/torres",
        "retailer_name": "Frankfurt Duty Free",
        "retailer_url": "https://shop.frankfurt-airport.com/en-US/retailer/heinemann",
        "price": "\u20ac13.49",
        "price_per_quantity": "\u20ac17.99 / 1  l",
        "description": "Chardonnay fermented in oak barrel. Deeper and denser than traditional Spanish white wines. Vi\u00f1a Sol consumers can trade up to Gran Vi\u00f1a Sol.",
        "additional_information": "{\n    \"Order Amount\": \"0.75 l\",\n    \"Color of Wine\": \"White\",\n    \"Calories\": \"355.88 kJ\",\n    \"Fat\": \" / \",\n    \"Carbonate\": \"85 kcal\",\n    \"Protein\": \"0 g\",\n    \"Origin of Wine \\u2013 Still\": \"1 g\",\n    \"made in\": \"0 g\",\n    \"Sweetness of Still Wine\": \"Spain \\u2013 Catalonia\",\n    \"With Colorant\": \"Spain\",\n    \"GMO Free\": \"Dry\",\n    \"Warning Hints\": \"No\",\n    \"Item Number\": \"Yes\",\n    \"Net Weight\": \"Drink responsibly\",\n    \"Package Height\": \"22817\",\n    \"Package Length\": \"0.75 kg\",\n    \"Package Width\": \"29.6 cm\"\n}"
    },
    {
        "product_name": "Valentino Born in Roma Green Stravaganza Eau de Toilette 100 ml",
        "brand_name": "Valentino",
        "brand_url": "https://shop.frankfurt-airport.com/en-US/brand/valentino",
        "retailer_name": "Frankfurt Duty Free",
        "retailer_url": "https://shop.frankfurt-airport.com/en-US/retailer/heinemann",
        "price": "\u20ac114.99",
        "price_per_quantity": "\u20ac114.99 / 100  ml",
        "description": "Valentino Born in Roma Uomo Eau de Toilette 100mlValentino Born in Roma Uomo Eau de Toilette 100ml",
        "additional_information": "{\n    \"Order Amount\": \"100 ml\",\n    \"Target Gender\": \"Male\",\n    \"made in\": \"France\",\n    \"Type of Fragrance\": \"Eau De Toilette\",\n    \"Item Number\": \"1618339\",\n    \"Product Series\": \"Born in Roma\",\n    \"Net Weight\": \"0.1 kg\",\n    \"Package Height\": \"13 cm\",\n    \"Package Length\": \"8 cm\",\n    \"Package Width\": \"5.4 cm\"\n}"
    },
    {
        "product_name": "Valentino Born in Roma Intense Eau de Parfum 100 ml",
        "brand_name": "Valentino",
        "brand_url": "https://shop.frankfurt-airport.com/en-US/brand/valentino",
        "retailer_name": "Frankfurt Duty Free",
        "retailer_url": "https://shop.frankfurt-airport.com/en-US/retailer/heinemann",
        "price": "\u20ac114.99",
        "price_per_quantity": "\u20ac114.99 / 100  ml",
        "description": "An outstanding tribute to Rome and its sunsets, Born In Roma Intense aims at exalting your magnificent personality, celebrating a night in the eternal city. The scent of this Born In Roma fragrance amplifies the Born In Roma addiction by pushing powerful vanilla  infusion. This unsweetened and leathery note is intensified by the Heart of vetiver and lifted with a floral and aromatic freshness  thanks to lavandin. This vibrating scent is a playful duel between an explosion of freshness and deep sensuality. Born In Roma Intense allows cool kids to express themselves with intensity and experience life with abundance and duality. This iconic duo playfully challenges the rivalry between day and night, classic and intensity and you and me.An outstanding tribute to Rome and its sunsets, Born In Roma Intense aims at exalting your magnificent personality, celebrating a night in the eternal city. The scent of this Born In Roma fragrance amplifies the Born In Roma addiction by pushing powerful vanilla  infusion. This unsweetened and leathery note is intensified by the Heart of vetiver and lifted with a floral and aromatic freshness  thanks to lavandin. This vibrating scent is a playful duel between an explosion of freshness and deep sensuality. Born In Roma Intense allows cool kids to express themselves with intensity and experience life with abundance and duality. This iconic duo playfully challenges the rivalry between day and night, classic and intensity and you and me.",
        "additional_information": "{\n    \"Order Amount\": \"100 ml\",\n    \"Target Gender\": \"Male\",\n    \"made in\": \"France\",\n    \"Type of Fragrance\": \"Eau De Parfum\",\n    \"Warning Hints\": \"Avoid eye contact. Keep away from direct heat and sunlight.\",\n    \"Item Number\": \"1558474\",\n    \"Product Series\": \"Born in Roma\",\n    \"Net Weight\": \"0.1 kg\",\n    \"Package Height\": \"13 cm\",\n    \"Package Length\": \"8 cm\",\n    \"Package Width\": \"5.5 cm\"\n}"
    },
    {
        "product_name": "Valentino Voce Viva Eau de Parfum Intense 100 ml",
        "brand_name": "Valentino",
        "brand_url": "https://shop.frankfurt-airport.com/en-US/brand/valentino",
        "retailer_name": "Frankfurt Duty Free",
        "retailer_url": "https://shop.frankfurt-airport.com/en-US/retailer/heinemann",
        "price": "\u20ac144.99",
        "price_per_quantity": "\u20ac144.99 / 100  ml",
        "description": "The sound of your voice, the scent of your fragrance, both a magnetic presence. Voce Viva celebrates every woman\u2019s unique voice in one declaration: My voice, My strength. An invitation to voice dreams, and to live them. Voce Viva, a living voice. A floral reawakened in the spirit of Valentino\u2019s contemporary femininity - couture Orange Blossom flower and opulent Jasmin Absolute paired with luminous Bergamot and Mandarin accord. This harmony is made unexpectedly addictive trough an unexpected Crystal Moss intensified by a double dose of enveloping Vanilla Bourbon.The sound of your voice, the scent of your fragrance, both a magnetic presence. Voce Viva celebrates every woman\u2019s unique voice in one declaration: My voice, My strength. An invitation to voice dreams, and to live them. Voce Viva, a living voice. A floral reawakened in the spirit of Valentino\u2019s contemporary femininity - couture Orange Blossom flower and opulent Jasmin Absolute paired with luminous Bergamot and Mandarin accord. This harmony is made unexpectedly addictive trough an unexpected Crystal Moss intensified by a double dose of enveloping Vanilla Bourbon.",
        "additional_information": "{\n    \"Order Amount\": \"100 ml\",\n    \"Target Gender\": \"Female\",\n    \"made in\": \"France\",\n    \"Type of Fragrance\": \"Eau De Parfum\",\n    \"Warning Hints\": \"Avoid eye contact. Keep away from direct heat and sunlight.\",\n    \"Item Number\": \"1488079\",\n    \"Product Series\": \"Voce Viva\",\n    \"Net Weight\": \"0.1 kg\",\n    \"Package Height\": \"10.75 cm\",\n    \"Package Length\": \"6.95 cm\",\n    \"Package Width\": \"7.05 cm\"\n}"
    },
    {
        "product_name": "Valentino Born in Roma Donna Intense Eau de Parfum 100 ml",
        "brand_name": "Valentino",
        "brand_url": "https://shop.frankfurt-airport.com/en-US/brand/valentino",
        "retailer_name": "Frankfurt Duty Free",
        "retailer_url": "https://shop.frankfurt-airport.com/en-US/retailer/heinemann",
        "price": "\u20ac144.99",
        "price_per_quantity": "\u20ac144.99 / 100  ml",
        "description": "An outstanding tribute to Rome and its sunsets, Born In Roma Intense aims at exalting your magnificent personality, celebrating a night in the eternal city. The scent of this Born In Roma fragrance amplifies the Born In Roma addiction by pushing powerful vanilla  infusion. This unsweetened and leathery note is intensified by the Heart of vetiver and lifted with a floral and aromatic freshness  thanks to lavandin. This vibrating scent is a playful duel between an explosion of freshness and deep sensuality. Born In Roma Intense allows cool kids to express themselves with intensity and experience life with abundance and duality. This iconic duo playfully challenges the rivalry between day and night, classic and intensity and you and me.An outstanding tribute to Rome and its sunsets, Born In Roma Intense aims at exalting your magnificent personality, celebrating a night in the eternal city. The scent of this Born In Roma fragrance amplifies the Born In Roma addiction by pushing powerful vanilla  infusion. This unsweetened and leathery note is intensified by the Heart of vetiver and lifted with a floral and aromatic freshness  thanks to lavandin. This vibrating scent is a playful duel between an explosion of freshness and deep sensuality. Born In Roma Intense allows cool kids to express themselves with intensity and experience life with abundance and duality. This iconic duo playfully challenges the rivalry between day and night, classic and intensity and you and me.",
        "additional_information": "{\n    \"Order Amount\": \"100 ml\",\n    \"Target Gender\": \"Female\",\n    \"made in\": \"France\",\n    \"Type of Fragrance\": \"Eau De Parfum\",\n    \"Warning Hints\": \"Avoid eye contact. Keep away from direct heat and sunlight.\",\n    \"Item Number\": \"1558476\",\n    \"Product Series\": \"Born in Roma\",\n    \"Net Weight\": \"0.1 kg\",\n    \"Package Height\": \"10.6 cm\",\n    \"Package Length\": \"7.6 cm\",\n    \"Package Width\": \"7.5 cm\"\n}"
    },
    {
        "product_name": "Valentino Born in Roma Yellow Dream Donna Eau de Parfum 100 ml",
        "brand_name": "Valentino",
        "brand_url": "https://shop.frankfurt-airport.com/en-US/brand/valentino",
        "retailer_name": "Frankfurt Duty Free",
        "retailer_url": "https://shop.frankfurt-airport.com/en-US/retailer/heinemann",
        "price": "\u20ac134.99",
        "price_per_quantity": "\u20ac134.99 / 100  ml",
        "description": "Discover the Eau de Parfum Valentino Donna Born In Roma Yellow Dream. This new perfume for women with its floral and musk fragrance is enriched with notes of Italian Primoflore Lemon and Rose essence that are perfectly blended with a clean accord overdose.Discover the Eau de Parfum Valentino Donna Born In Roma Yellow Dream. This new perfume for women with its floral and musk fragrance is enriched with notes of Italian Primoflore Lemon and Rose essence that are perfectly blended with a clean accord overdose.",
        "additional_information": "{\n    \"Order Amount\": \"100 ml\",\n    \"Target Gender\": \"Female\",\n    \"made in\": \"France\",\n    \"Type of Fragrance\": \"Eau De Parfum\",\n    \"Warning Hints\": \"Avoid eye contact. Keep away from direct heat and sunlight.\",\n    \"Item Number\": \"1488639\",\n    \"Product Series\": \"Born in Roma\",\n    \"Net Weight\": \"0.1 kg\",\n    \"Package Height\": \"10.8 cm\",\n    \"Package Length\": \"7.7 cm\",\n    \"Package Width\": \"7.7 cm\"\n}"
    },
    {
        "product_name": "Valentino Born in Roma Yellow Dream Uomo Eau de Toilette 100 ml",
        "brand_name": "Valentino",
        "brand_url": "https://shop.frankfurt-airport.com/en-US/brand/valentino",
        "retailer_name": "Frankfurt Duty Free",
        "retailer_url": "https://shop.frankfurt-airport.com/en-US/retailer/heinemann",
        "price": "\u20ac114.99",
        "price_per_quantity": "\u20ac114.99 / 100  ml",
        "description": "With Born in Roma Yellow Dream, Valentino opens a new chapter for a world that needs to dream. The color of Rome, bathed in yellow light, to inspires dreams of tomorrow, new beginnings for now. Signed by the depth and warmth of Rome\u2019s light, Born in Roma Uomo Yellow Dream is a spicy oriental fragrance, built around a tension of exotic freshness. And given an unexpected, generous addiction with a sensual gingerbread accord.With Born in Roma Yellow Dream, Valentino opens a new chapter for a world that needs to dream. The color of Rome, bathed in yellow light, to inspires dreams of tomorrow, new beginnings for now. Signed by the depth and warmth of Rome\u2019s light, Born in Roma Uomo Yellow Dream is a spicy oriental fragrance, built around a tension of exotic freshness. And given an unexpected, generous addiction with a sensual gingerbread accord.",
        "additional_information": "{\n    \"Order Amount\": \"100 ml\",\n    \"Target Gender\": \"Male\",\n    \"made in\": \"France\",\n    \"Type of Fragrance\": \"Eau De Toilette\",\n    \"Warning Hints\": \"Avoid eye contact. Keep away from direct heat and sunlight.\",\n    \"Item Number\": \"1489480\",\n    \"Product Series\": \"Born in Roma\",\n    \"Net Weight\": \"0.1 kg\",\n    \"Package Height\": \"13 cm\",\n    \"Package Length\": \"5 cm\",\n    \"Package Width\": \"8 cm\"\n}"
    },
    {
        "product_name": "Valentino Born in Roma Green Stravaganza Eau de Parfum 100 ml",
        "brand_name": "Valentino",
        "brand_url": "https://shop.frankfurt-airport.com/en-US/brand/valentino",
        "retailer_name": "Frankfurt Duty Free",
        "retailer_url": "https://shop.frankfurt-airport.com/en-US/retailer/heinemann",
        "price": "\u20ac134.99",
        "price_per_quantity": "\u20ac134.99 / 100  ml",
        "description": "As the sun rises and shines over the eternal city, Born in Roma Green Stravaganza takes you on a bold adventure to the cool gardensof Roma where you are free to live and express your unique ways.  Born from the abundant gardens of Roma, this floral-ambery woody fragrance opens the door to an extravagant world created by distinctive lapsang souchong tea accord and radiant jasmine absolute witha captivating touch from vanilla extract. Born in Roma Green Stravaganza leads a way into the extravagance of Roma, allowing cool kids to feel the energy, unleash their personalities, and live excessively, because there are many vibrant ways to be you.As the sun rises and shines over the eternal city, Born in Roma Green Stravaganza takes you on a bold adventure to the cool gardensof Roma where you are free to live and express your unique ways.  Born from the abundant gardens of Roma, this floral-ambery woody fragrance opens the door to an extravagant world created by distinctive lapsang souchong tea accord and radiant jasmine absolute witha captivating touch from vanilla extract. Born in Roma Green Stravaganza leads a way into the extravagance of Roma, allowing cool kids to feel the energy, unleash their personalities, and live excessively, because there are many vibrant ways to be you.",
        "additional_information": "{\n    \"Order Amount\": \"100 ml\",\n    \"Target Gender\": \"Female\",\n    \"made in\": \"France\",\n    \"Type of Fragrance\": \"Eau De Parfum\",\n    \"Item Number\": \"1618337\",\n    \"Product Series\": \"Born in Roma\",\n    \"Net Weight\": \"0.1 kg\",\n    \"Package Height\": \"10.3 cm\",\n    \"Package Length\": \"7 cm\",\n    \"Package Width\": \"7.7 cm\"\n}"
    },
    {
        "product_name": "Valentino Born in Roma Yellow Dream Donna Eau de Parfum 50 ml",
        "brand_name": "Valentino",
        "brand_url": "https://shop.frankfurt-airport.com/en-US/brand/valentino",
        "retailer_name": "Frankfurt Duty Free",
        "retailer_url": "https://shop.frankfurt-airport.com/en-US/retailer/heinemann",
        "price": "\u20ac97.99",
        "price_per_quantity": "\u20ac195.98 / 100  ml",
        "description": "With Born in Roma Yellow Dream, Valentino opens a new chapter for a world that needs to dream. The color of Rome, the eternal city bathed in yellow light, inspires dreams of tomorrow, new beginnings for now. Born in Roma Donna Yellow Dream is a couture floral lift composed of a thousand rose petals and peonies. Blended with white musks and a contrasting clean accord, the floral heart fuses with a lingering powdery softness to create a fresh new feminine addiction.With Born in Roma Yellow Dream, Valentino opens a new chapter for a world that needs to dream. The color of Rome, the eternal city bathed in yellow light, inspires dreams of tomorrow, new beginnings for now. Born in Roma Donna Yellow Dream is a couture floral lift composed of a thousand rose petals and peonies. Blended with white musks and a contrasting clean accord, the floral heart fuses with a lingering powdery softness to create a fresh new feminine addiction.",
        "additional_information": "{\n    \"Order Amount\": \"50 ml\",\n    \"Target Gender\": \"Female\",\n    \"made in\": \"France\",\n    \"Type of Fragrance\": \"Eau De Parfum\",\n    \"Warning Hints\": \"Avoid eye contact. Keep away from direct heat and sunlight.\",\n    \"Item Number\": \"1488637\",\n    \"Product Series\": \"Born in Roma\",\n    \"Net Weight\": \"0.05 kg\",\n    \"Package Height\": \"9.5 cm\",\n    \"Package Length\": \"6.4 cm\",\n    \"Package Width\": \"6.5 cm\"\n}"
    },
    {
        "product_name": "Valentino Born in Roma Green Stravaganza Eau de Parfum 50 ml",
        "brand_name": "Valentino",
        "brand_url": "https://shop.frankfurt-airport.com/en-US/brand/valentino",
        "retailer_name": "Frankfurt Duty Free",
        "retailer_url": "https://shop.frankfurt-airport.com/en-US/retailer/heinemann",
        "price": "\u20ac97.99",
        "price_per_quantity": "\u20ac195.98 / 100  ml",
        "description": "As the sun rises and shines over the eternal city, Born in Roma Green Stravaganza takes you on a bold adventure to the cool gardensof Roma where you are free to live and express your unique ways.  Born from the abundant gardens of Roma, this floral-ambery woody fragrance opens the door to an extravagant world created by distinctive lapsang souchong tea accord and radiant jasmine absolute witha captivating touch from vanilla extract. Born in Roma Green Stravaganza leads a way into the extravagance of Roma, allowing cool kids to feel the energy, unleash their personalities, and live excessively, because there are many vibrant ways to be you.As the sun rises and shines over the eternal city, Born in Roma Green Stravaganza takes you on a bold adventure to the cool gardensof Roma where you are free to live and express your unique ways.  Born from the abundant gardens of Roma, this floral-ambery woody fragrance opens the door to an extravagant world created by distinctive lapsang souchong tea accord and radiant jasmine absolute witha captivating touch from vanilla extract. Born in Roma Green Stravaganza leads a way into the extravagance of Roma, allowing cool kids to feel the energy, unleash their personalities, and live excessively, because there are many vibrant ways to be you.",
        "additional_information": "{\n    \"Order Amount\": \"50 ml\",\n    \"Target Gender\": \"Female\",\n    \"made in\": \"France\",\n    \"Type of Fragrance\": \"Eau De Parfum\",\n    \"Item Number\": \"1618738\",\n    \"Product Series\": \"Born in Roma\",\n    \"Net Weight\": \"0.05 kg\",\n    \"Package Height\": \"9.7 cm\",\n    \"Package Length\": \"6.5 cm\",\n    \"Package Width\": \"6.5 cm\"\n}"
    },
    {
        "product_name": "Valentino Voce Viva Eau de Parfum 100 ml",
        "brand_name": "Valentino",
        "brand_url": "https://shop.frankfurt-airport.com/en-US/brand/valentino",
        "retailer_name": "Frankfurt Duty Free",
        "retailer_url": "https://shop.frankfurt-airport.com/en-US/retailer/heinemann",
        "price": "\u20ac134.99",
        "price_per_quantity": "\u20ac134.99 / 100  ml",
        "description": "Roman at heart, Valentino Beauty is a color cool couture brand. VOCE VIVA VALENTINO draws a parallel between the sound of your voice  and the scent of your fragrance. Like a voice, a fragrance is personal, intimate and leaves a trace. The harmony of a radiant floral bouquet made addictive and powerful through an unexpected crystal moss accord. Celebrating every woman\u2019s voice in one declaration: My voice, My strength. VOCE VIVA eau de parfum is an ode to Valentino multi-faceted femininity: - A COLOR NOTE: a colorful and sparkling opening of Italian Bergamot, softened by sweet and juicy mandarin. - A COUTURE NOTE: an opulent bouquet of orange blossom absolute and golden gardenia accord. - A COOL NOTE: an unexpected crystal moss brings a modern intensity to the base becoming wholly addictive by the addition of enveloping vanilla infusion. The bottle transmits the values of Maison Valentino and the VOCE VIVA femininity. A sleek block of glass refracts the light passing through its golden-hued scent allowing a V of light to emerge. Square and notched on the sides, it fits perfectly in the grip of your hand. The emblematic Valentino rockstud highlights the cap and collar, portraying a modern edgy personality. A vibrant red signs this iconic Valentino bottle. Red has always been the iconic color of the house, but as Pierpaolo Piccioli says, \u201cto give a new perspective is a good challenge\u201d. For him red is not only powerful but also a romantic and personal color. The story of VOCE VIVA started with a simple question. What if a perfume could evoke something else than the sense of smell? Imagined as a voice to spread a message around the world, Valentino Voce Viva invites everyone to touch hearts, inspire others and live their dreams. Voce Viva celebrates one of a woman\u2019s most intimate senses, while expressing the Maison\u2019s values of inclusivity and individuality. Voice of a generation, Lady Gaga has inspired millions of people around the world for more than a decade is the ambassadress of VOCE VIVA. With Valentino, the singer shares more than her Italian origins. A symbol of respect for individualities, and for everyone to find their place, Lady Gaga speaks to the same values as those  of Valentino. \u201cI believe today that the true power is to be able share emotions\u201d. Pierpaolo Piccioli, Maison Valentino Creative DirectorRoman at heart, Valentino Beauty is a color cool couture brand. VOCE VIVA VALENTINO draws a parallel between the sound of your voice  and the scent of your fragrance. Like a voice, a fragrance is personal, intimate and leaves a trace. The harmony of a radiant floral bouquet made addictive and powerful through an unexpected crystal moss accord. Celebrating every woman\u2019s voice in one declaration: My voice, My strength. VOCE VIVA eau de parfum is an ode to Valentino multi-faceted femininity: - A COLOR NOTE: a colorful and sparkling opening of Italian Bergamot, softened by sweet and juicy mandarin. - A COUTURE NOTE: an opulent bouquet of orange blossom absolute and golden gardenia accord. - A COOL NOTE: an unexpected crystal moss brings a modern intensity to the base becoming wholly addictive by the addition of enveloping vanilla infusion. The bottle transmits the values of Maison Valentino and the VOCE VIVA femininity. A sleek block of glass refracts the light passing through its golden-hued scent allowing a V of light to emerge. Square and notched on the sides, it fits perfectly in the grip of your hand. The emblematic Valentino rockstud highlights the cap and collar, portraying a modern edgy personality. A vibrant red signs this iconic Valentino bottle. Red has always been the iconic color of the house, but as Pierpaolo Piccioli says, \u201cto give a new perspective is a good challenge\u201d. For him red is not only powerful but also a romantic and personal color. The story of VOCE VIVA started with a simple question. What if a perfume could evoke something else than the sense of smell? Imagined as a voice to spread a message around the world, Valentino Voce Viva invites everyone to touch hearts, inspire others and live their dreams. Voce Viva celebrates one of a woman\u2019s most intimate senses, while expressing the Maison\u2019s values of inclusivity and individuality. Voice of a generation, Lady Gaga has inspired millions of people around the world for more than a decade is the ambassadress of VOCE VIVA. With Valentino, the singer shares more than her Italian origins. A symbol of respect for individualities, and for everyone to find their place, Lady Gaga speaks to the same values as those  of Valentino. \u201cI believe today that the true power is to be able share emotions\u201d. Pierpaolo Piccioli, Maison Valentino Creative Director",
        "additional_information": "{\n    \"Order Amount\": \"100 ml\",\n    \"Target Gender\": \"Female\",\n    \"made in\": \"France\",\n    \"Type of Fragrance\": \"Eau De Parfum\",\n    \"Warning Hints\": \"Avoid eye contact. Keep away from direct heat and sunlight.\",\n    \"Item Number\": \"1461754\",\n    \"Product Series\": \"Voce Viva\",\n    \"Net Weight\": \"0.1 kg\",\n    \"Package Height\": \"10.8 cm\",\n    \"Package Length\": \"7 cm\",\n    \"Package Width\": \"7.1 cm\"\n}"
    },
    {
        "product_name": "Valentino Born in Roma Eau de Parfum 50 ml",
        "brand_name": "Valentino",
        "brand_url": "https://shop.frankfurt-airport.com/en-US/brand/valentino",
        "retailer_name": "Frankfurt Duty Free",
        "retailer_url": "https://shop.frankfurt-airport.com/en-US/retailer/heinemann",
        "price": "\u20ac99.99",
        "price_per_quantity": "\u20ac199.98 / 100  ml",
        "description": "An outstanding tribute to Rome and its sunsets, Born In Roma Intense aims at exalting your magnificent personality, celebrating a night in the eternal city. The scent of this Born In Roma fragrance amplifies the Born In Roma addiction by pushing powerful vanilla  infusion. This unsweetened and leathery note is intensified by the Heart of vetiver and lifted with a floral and aromatic freshness  thanks to lavandin. This vibrating scent is a playful duel between an explosion of freshness and deep sensuality. Born In Roma Intense allows cool kids to express themselves with intensity and experience life with abundance and duality. This iconic duo playfully challenges the rivalry between day and night, classic and intensity and you and me.An outstanding tribute to Rome and its sunsets, Born In Roma Intense aims at exalting your magnificent personality, celebrating a night in the eternal city. The scent of this Born In Roma fragrance amplifies the Born In Roma addiction by pushing powerful vanilla  infusion. This unsweetened and leathery note is intensified by the Heart of vetiver and lifted with a floral and aromatic freshness  thanks to lavandin. This vibrating scent is a playful duel between an explosion of freshness and deep sensuality. Born In Roma Intense allows cool kids to express themselves with intensity and experience life with abundance and duality. This iconic duo playfully challenges the rivalry between day and night, classic and intensity and you and me.",
        "additional_information": "{\n    \"Order Amount\": \"50 ml\",\n    \"Target Gender\": \"Female\",\n    \"made in\": \"France\",\n    \"Type of Fragrance\": \"Eau De Parfum\",\n    \"Warning Hints\": \"Avoid eye contact. Keep away from direct heat and sunlight.\",\n    \"Item Number\": \"1561535\",\n    \"Product Series\": \"Born in Roma\",\n    \"Net Weight\": \"0.05 kg\",\n    \"Package Height\": \"9.9 cm\",\n    \"Package Length\": \"6.6 cm\",\n    \"Package Width\": \"6.5 cm\"\n}"
    },
    {
        "product_name": "Valentino Donna Born in Roma Coral Fantasy Eau de Parfum 50 ml",
        "brand_name": "Valentino",
        "brand_url": "https://shop.frankfurt-airport.com/en-US/brand/valentino",
        "retailer_name": "Frankfurt Duty Free",
        "retailer_url": "https://shop.frankfurt-airport.com/en-US/retailer/heinemann",
        "price": "\u20ac97.99",
        "price_per_quantity": "\u20ac195.98 / 100  ml",
        "description": "Valentino invites you to a new Rome at sunset. Where the coral sky inspires a floral and fruity scent built in colorful Kiwi accord and couture super-infused Jasmine. Express your fantasy, the city awaits...Valentino invites you to a new Rome at sunset. Where the coral sky inspires a floral and fruity scent built in colorful Kiwi accord and couture super-infused Jasmine. Express your fantasy, the city awaits...",
        "additional_information": "{\n    \"Order Amount\": \"50 ml\",\n    \"Target Gender\": \"Female\",\n    \"made in\": \"France\",\n    \"Type of Fragrance\": \"Eau De Parfum\",\n    \"Warning Hints\": \"Avoid eye contact. Keep away from direct heat and sunlight.\",\n    \"Item Number\": \"1517801\",\n    \"Product Series\": \"Born in Roma\",\n    \"Net Weight\": \"0.05 kg\",\n    \"Package Height\": \"9.5 cm\",\n    \"Package Length\": \"6.4 cm\",\n    \"Package Width\": \"6.5 cm\"\n}"
    },
    {
        "product_name": "Valentino Voce Viva Eau de Parfum 50 ml",
        "brand_name": "Valentino",
        "brand_url": "https://shop.frankfurt-airport.com/en-US/brand/valentino",
        "retailer_name": "Frankfurt Duty Free",
        "retailer_url": "https://shop.frankfurt-airport.com/en-US/retailer/heinemann",
        "price": "\u20ac97.99",
        "price_per_quantity": "\u20ac195.98 / 100  ml",
        "description": "Roman at heart, Valentino Beauty is a color cool couture brand. VOCE VIVA VALENTINO draws a parallel between the sound of your voice  and the scent of your fragrance. Like a voice, a fragrance is personal, intimate and leaves a trace. The harmony of a radiant floral bouquet made addictive and powerful through an unexpected crystal moss accord. Celebrating every woman\u2019s voice in one declaration: My voice, My strength. VOCE VIVA eau de parfum is an ode to Valentino multi-faceted femininity: - A COLOR NOTE: a colorful and sparkling opening of Italian Bergamot, softened by sweet and juicy mandarin. - A COUTURE NOTE: an opulent bouquet of orange blossom absolute and golden gardenia accord. - A COOL NOTE: an unexpected crystal moss brings a modern intensity to the base becoming wholly addictive by the addition of enveloping vanilla infusion. The bottle transmits the values of Maison Valentino and the VOCE VIVA femininity. A sleek block of glass refracts the light passing through its golden-hued scent allowing a V of light to emerge. Square and notched on the sides, it fits perfectly in the grip of your hand. The emblematic Valentino rockstud highlights the cap and collar, portraying a modern edgy personality. A vibrant red signs this iconic Valentino bottle. Red has always been the iconic color of the house, but as Pierpaolo Piccioli says, \u201cto give a new perspective is a good challenge\u201d. For him red is not only powerful but also a romantic and personal color. The story of VOCE VIVA started with a simple question. What if a perfume could evoke something else than the sense of smell? Imagined as a voice to spread a message around the world, Valentino Voce Viva invites everyone to touch hearts, inspire others and live their dreams. Voce Viva celebrates one of a woman\u2019s most intimate senses, while expressing the Maison\u2019s values of inclusivity and individuality. Voice of a generation, Lady Gaga has inspired millions of people around the world for more than a decade is the ambassadress of VOCE VIVA. With Valentino, the singer shares more than her Italian origins. A symbol of respect for individualities, and for everyone to find their place, Lady Gaga speaks to the same values as those  of Valentino. \u201cI believe today that the true power is to be able share emotions\u201d. Pierpaolo Piccioli, Maison Valentino Creative DirectorRoman at heart, Valentino Beauty is a color cool couture brand. VOCE VIVA VALENTINO draws a parallel between the sound of your voice  and the scent of your fragrance. Like a voice, a fragrance is personal, intimate and leaves a trace. The harmony of a radiant floral bouquet made addictive and powerful through an unexpected crystal moss accord. Celebrating every woman\u2019s voice in one declaration: My voice, My strength. VOCE VIVA eau de parfum is an ode to Valentino multi-faceted femininity: - A COLOR NOTE: a colorful and sparkling opening of Italian Bergamot, softened by sweet and juicy mandarin. - A COUTURE NOTE: an opulent bouquet of orange blossom absolute and golden gardenia accord. - A COOL NOTE: an unexpected crystal moss brings a modern intensity to the base becoming wholly addictive by the addition of enveloping vanilla infusion. The bottle transmits the values of Maison Valentino and the VOCE VIVA femininity. A sleek block of glass refracts the light passing through its golden-hued scent allowing a V of light to emerge. Square and notched on the sides, it fits perfectly in the grip of your hand. The emblematic Valentino rockstud highlights the cap and collar, portraying a modern edgy personality. A vibrant red signs this iconic Valentino bottle. Red has always been the iconic color of the house, but as Pierpaolo Piccioli says, \u201cto give a new perspective is a good challenge\u201d. For him red is not only powerful but also a romantic and personal color. The story of VOCE VIVA started with a simple question. What if a perfume could evoke something else than the sense of smell? Imagined as a voice to spread a message around the world, Valentino Voce Viva invites everyone to touch hearts, inspire others and live their dreams. Voce Viva celebrates one of a woman\u2019s most intimate senses, while expressing the Maison\u2019s values of inclusivity and individuality. Voice of a generation, Lady Gaga has inspired millions of people around the world for more than a decade is the ambassadress of VOCE VIVA. With Valentino, the singer shares more than her Italian origins. A symbol of respect for individualities, and for everyone to find their place, Lady Gaga speaks to the same values as those  of Valentino. \u201cI believe today that the true power is to be able share emotions\u201d. Pierpaolo Piccioli, Maison Valentino Creative Director",
        "additional_information": "{\n    \"Order Amount\": \"50 ml\",\n    \"Target Gender\": \"Female\",\n    \"made in\": \"France\",\n    \"Type of Fragrance\": \"Eau De Parfum\",\n    \"Warning Hints\": \"Avoid eye contact. Keep away from direct heat and sunlight.\",\n    \"Item Number\": \"1461753\",\n    \"Product Series\": \"Voce Viva\",\n    \"Net Weight\": \"0.05 kg\",\n    \"Package Height\": \"9.6 cm\",\n    \"Package Length\": \"5.9 cm\",\n    \"Package Width\": \"6 cm\"\n}"
    },
    {
        "product_name": "Valentino Donna Born in Roma Coral Fantasy Eau de Parfum 100 ml",
        "brand_name": "Valentino",
        "brand_url": "https://shop.frankfurt-airport.com/en-US/brand/valentino",
        "retailer_name": "Frankfurt Duty Free",
        "retailer_url": "https://shop.frankfurt-airport.com/en-US/retailer/heinemann",
        "price": "\u20ac134.99",
        "price_per_quantity": "\u20ac134.99 / 100  ml",
        "description": "Valentino invites you to a new Rome at sunset. Where the coral sky inspires a floral and fruity scent built in colorful Kiwi accord and couture super-infused Jasmine. Express your fantasy, the city awaits...Valentino invites you to a new Rome at sunset. Where the coral sky inspires a floral and fruity scent built in colorful Kiwi accord and couture super-infused Jasmine. Express your fantasy, the city awaits...",
        "additional_information": "{\n    \"Order Amount\": \"100 ml\",\n    \"Target Gender\": \"Female\",\n    \"made in\": \"France\",\n    \"Type of Fragrance\": \"Eau De Parfum\",\n    \"Warning Hints\": \"Avoid eye contact. Keep away from direct heat and sunlight.\",\n    \"Item Number\": \"1517600\",\n    \"Product Series\": \"Born in Roma\",\n    \"Net Weight\": \"0.1 kg\",\n    \"Package Height\": \"10.3 cm\",\n    \"Package Length\": \"7.45 cm\",\n    \"Package Width\": \"7.55 cm\"\n}"
    },
    {
        "product_name": "Valentino Uomo Born in Roma Coral Fantasy Eau de Toilette 100 ml",
        "brand_name": "Valentino",
        "brand_url": "https://shop.frankfurt-airport.com/en-US/brand/valentino",
        "retailer_name": "Frankfurt Duty Free",
        "retailer_url": "https://shop.frankfurt-airport.com/en-US/retailer/heinemann",
        "price": "\u20ac99.99",
        "price_per_quantity": "\u20ac99.99 / 100  ml",
        "description": "Valentino invites you to a new Rome at sunset. The coral sky inspires an Amber fruity fragrance, built around a Red Apple accord twisted with a tobacco accord for an unexpected punch.Valentino invites you to a new Rome at sunset. The coral sky inspires an Amber fruity fragrance, built around a Red Apple accord twisted with a tobacco accord for an unexpected punch.",
        "additional_information": "{\n    \"Order Amount\": \"100 ml\",\n    \"Target Gender\": \"Male\",\n    \"made in\": \"France\",\n    \"Type of Fragrance\": \"Eau De Toilette\",\n    \"Warning Hints\": \"Avoid eye contact. Keep away from direct heat and sunlight.\",\n    \"Item Number\": \"1517601\",\n    \"Product Series\": \"Born in Roma\",\n    \"Net Weight\": \"0.1 kg\",\n    \"Package Height\": \"12.9 cm\",\n    \"Package Length\": \"5.3 cm\",\n    \"Package Width\": \"8 cm\"\n}"
    },
    {
        "product_name": "Valentino Born in Roma Uomo Eau de Toilette 100 ml",
        "brand_name": "Valentino",
        "brand_url": "https://shop.frankfurt-airport.com/en-US/brand/valentino",
        "retailer_name": "Frankfurt Duty Free",
        "retailer_url": "https://shop.frankfurt-airport.com/en-US/retailer/heinemann",
        "price": "\u20ac114.99",
        "price_per_quantity": "\u20ac114.99 / 100  ml",
        "description": "Introducing the new fragrance for him, Born in Roma Uomo eau de toilette by Valentino, where masculine elegance meets an unexpected,  modern edge. Born in Roma Uomo is a woody perfume which intertwines Valentino's couture elegance with edgy modernity, reminiscent of Rome's street culture. The sophistication of Aromatic Clary Sage, Violet Leaves and Vetiver Essence are contrasted with cool notes of Mineral Salt, radiant Modern Wood and electrifying Ginger. The bottle is encased in the armour of Valentino\u2019s iconic stud, a fashion signature of Valentino Couture inspired by Roman architecture and representing a rebellious new era for high fashion. Born  In Roma Uomo personifies this juxtaposition of old and new: Roma is where reverence for the past meets an irreverent attitude for now. To wear the Valentino stud is a symbol of strength; to wear Born In Roma is a symbol of celebration. Born In Roma for men celebrates where you have come from, and where you want to go. A statement of your personality, your heritage, and your rules.Introducing the new fragrance for him, Born in Roma Uomo eau de toilette by Valentino, where masculine elegance meets an unexpected,  modern edge. Born in Roma Uomo is a woody perfume which intertwines Valentino's couture elegance with edgy modernity, reminiscent of Rome's street culture. The sophistication of Aromatic Clary Sage, Violet Leaves and Vetiver Essence are contrasted with cool notes of Mineral Salt, radiant Modern Wood and electrifying Ginger. The bottle is encased in the armour of Valentino\u2019s iconic stud, a fashion signature of Valentino Couture inspired by Roman architecture and representing a rebellious new era for high fashion. Born  In Roma Uomo personifies this juxtaposition of old and new: Roma is where reverence for the past meets an irreverent attitude for now. To wear the Valentino stud is a symbol of strength; to wear Born In Roma is a symbol of celebration. Born In Roma for men celebrates where you have come from, and where you want to go. A statement of your personality, your heritage, and your rules.",
        "additional_information": "{\n    \"Order Amount\": \"100 ml\",\n    \"Target Gender\": \"Male\",\n    \"made in\": \"France\",\n    \"Type of Fragrance\": \"Eau De Toilette\",\n    \"Warning Hints\": \"Avoid eye contact. Keep away from direct heat and sunlight.\",\n    \"Item Number\": \"1412895\",\n    \"Product Series\": \"Born in Roma\",\n    \"Net Weight\": \"0.1 kg\",\n    \"Package Height\": \"12.7 cm\",\n    \"Package Length\": \"5.3 cm\",\n    \"Package Width\": \"8 cm\"\n}"
    },
    {
        "product_name": "Valentino Born in Roma Uomo Eau de Toilette 50 ml",
        "brand_name": "Valentino",
        "brand_url": "https://shop.frankfurt-airport.com/en-US/brand/valentino",
        "retailer_name": "Frankfurt Duty Free",
        "retailer_url": "https://shop.frankfurt-airport.com/en-US/retailer/heinemann",
        "price": "\u20ac79.99",
        "price_per_quantity": "\u20ac159.98 / 100  ml",
        "description": "Introducing the new fragrance for him, Born in Roma Uomo eau de toilette by Valentino, where masculine elegance meets an unexpected,  modern edge. Born in Roma Uomo is a woody perfume which intertwines Valentino's couture elegance with edgy modernity, reminiscent of Rome's street culture. The sophistication of Aromatic Clary Sage, Violet Leaves and Vetiver Essence are contrasted with cool notes of Mineral Salt, radiant Modern Wood and electrifying Ginger. The bottle is encased in the armour of Valentino\u2019s iconic stud, a fashion signature of Valentino Couture inspired by Roman architecture and representing a rebellious new era for high fashion. Born  In Roma Uomo personifies this juxtaposition of old and new: Roma is where reverence for the past meets an irreverent attitude for now. To wear the Valentino stud is a symbol of strength; to wear Born In Roma is a symbol of celebration. Born In Roma for men celebrates where you have come from, and where you want to go. A statement of your personality, your heritage, and your rules.Introducing the new fragrance for him, Born in Roma Uomo eau de toilette by Valentino, where masculine elegance meets an unexpected,  modern edge. Born in Roma Uomo is a woody perfume which intertwines Valentino's couture elegance with edgy modernity, reminiscent of Rome's street culture. The sophistication of Aromatic Clary Sage, Violet Leaves and Vetiver Essence are contrasted with cool notes of Mineral Salt, radiant Modern Wood and electrifying Ginger. The bottle is encased in the armour of Valentino\u2019s iconic stud, a fashion signature of Valentino Couture inspired by Roman architecture and representing a rebellious new era for high fashion. Born  In Roma Uomo personifies this juxtaposition of old and new: Roma is where reverence for the past meets an irreverent attitude for now. To wear the Valentino stud is a symbol of strength; to wear Born In Roma is a symbol of celebration. Born In Roma for men celebrates where you have come from, and where you want to go. A statement of your personality, your heritage, and your rules.",
        "additional_information": "{\n    \"Order Amount\": \"50 ml\",\n    \"Target Gender\": \"Male\",\n    \"made in\": \"France\",\n    \"Type of Fragrance\": \"Eau De Toilette\",\n    \"Warning Hints\": \"Avoid eye contact. Keep away from direct heat and sunlight.\",\n    \"Item Number\": \"1412894\",\n    \"Product Series\": \"Born in Roma\",\n    \"Net Weight\": \"0.05 kg\",\n    \"Package Height\": \"11.5 cm\",\n    \"Package Length\": \"7 cm\",\n    \"Package Width\": \"4.5 cm\"\n}"
    },
    {
        "product_name": "Valentino Uomo Eau de Parfum Intense 100 ml",
        "brand_name": "Valentino",
        "brand_url": "https://shop.frankfurt-airport.com/en-US/brand/valentino",
        "retailer_name": "Frankfurt Duty Free",
        "retailer_url": "https://shop.frankfurt-airport.com/en-US/retailer/heinemann",
        "price": "\u20ac114.99",
        "price_per_quantity": "\u20ac114.99 / 100  ml",
        "description": "For this new chapter of Valentino Uomo, our young heir presents a new facet of his personality, more intense and charismatic. His assertive manliness, as a result of a dominant personality and a powerful aura, expresses itself in a true deep gaze.For this new chapter of Valentino Uomo, our young heir presents a new facet of his personality, more intense and charismatic. His assertive manliness, as a result of a dominant personality and a powerful aura, expresses itself in a true deep gaze.",
        "additional_information": "{\n    \"Order Amount\": \"100 ml\",\n    \"Target Gender\": \"Male\",\n    \"made in\": \"France\",\n    \"Type of Fragrance\": \"Eau De Parfum\",\n    \"Warning Hints\": \"Avoid eye contact. Keep away from direct heat and sunlight.\",\n    \"Item Number\": \"1395362\",\n    \"Product Series\": \"Uomo\",\n    \"Net Weight\": \"0.1 kg\",\n    \"Package Height\": \"12.7 cm\",\n    \"Package Length\": \"5.3 cm\",\n    \"Package Width\": \"8 cm\"\n}"
    },
    {
        "product_name": "Valentino Donna Eau de Parfum 100 ml",
        "brand_name": "Valentino",
        "brand_url": "https://shop.frankfurt-airport.com/en-US/brand/valentino",
        "retailer_name": "Frankfurt Duty Free",
        "retailer_url": "https://shop.frankfurt-airport.com/en-US/retailer/heinemann",
        "price": "\u20ac134.99",
        "price_per_quantity": "\u20ac134.99 / 100  ml",
        "description": "Valentino donna classic is a hint of elegance, fragility, irreverence, and candor. Sensuous and independent she is capable of sudden  passion and unexpected shyness. She is well aware of the rules of high society and knows how to break them. A sphynx of nature, fascinating, charismatic and elusive. Enigmatic beauty, fragile grace and timeless elegance.Valentino donna classic is a hint of elegance, fragility, irreverence, and candor. Sensuous and independent she is capable of sudden  passion and unexpected shyness. She is well aware of the rules of high society and knows how to break them. A sphynx of nature, fascinating, charismatic and elusive. Enigmatic beauty, fragile grace and timeless elegance.",
        "additional_information": "{\n    \"Order Amount\": \"100 ml\",\n    \"Target Gender\": \"Female\",\n    \"made in\": \"France\",\n    \"Type of Fragrance\": \"Eau De Parfum\",\n    \"Warning Hints\": \"Avoid eye contact. Keep away from direct heat and sunlight.\",\n    \"Item Number\": \"1387773\",\n    \"Product Series\": \"Donna\",\n    \"Net Weight\": \"0.1 kg\",\n    \"Package Height\": \"10.3 cm\",\n    \"Package Length\": \"7.5 cm\",\n    \"Package Width\": \"7.6 cm\"\n}"
    },
    {
        "product_name": "Valentino Born in Roma Donna Eau de Parfum 50 ml",
        "brand_name": "Valentino",
        "brand_url": "https://shop.frankfurt-airport.com/en-US/brand/valentino",
        "retailer_name": "Frankfurt Duty Free",
        "retailer_url": "https://shop.frankfurt-airport.com/en-US/retailer/heinemann",
        "price": "\u20ac97.99",
        "price_per_quantity": "\u20ac195.98 / 100  ml",
        "description": "Inspired by Rome, a place where past and present coexist, Born in Roma fragrances tell a story of self-expression: a celebration of people living life freely, while embracing their heritage. Born in Roma is a modern Haute Couture floriental. A couture elegance made of three Jasmine to bring a luxurious femininity when blended with Vanilla Bourbon, the most expensive extract in the world. This mix is twisted with a radiant trio of modern woody notes, for an edgy touch inspired by Rome\u2019s street culture today.Inspired by Rome, a place where past and present coexist, Born in Roma fragrances tell a story of self-expression: a celebration of people living life freely, while embracing their heritage. Born in Roma is a modern Haute Couture floriental. A couture elegance made of three Jasmine to bring a luxurious femininity when blended with Vanilla Bourbon, the most expensive extract in the world. This mix is twisted with a radiant trio of modern woody notes, for an edgy touch inspired by Rome\u2019s street culture today.",
        "additional_information": "{\n    \"Order Amount\": \"50 ml\",\n    \"Target Gender\": \"Female\",\n    \"made in\": \"France\",\n    \"Type of Fragrance\": \"Eau De Parfum\",\n    \"Warning Hints\": \"Avoid eye contact. Keep away from direct heat and sunlight.\",\n    \"Item Number\": \"1412892\",\n    \"Product Series\": \"Born in Roma\",\n    \"Net Weight\": \"0.05 kg\",\n    \"Package Height\": \"9.5 cm\",\n    \"Package Length\": \"6.4 cm\",\n    \"Package Width\": \"6.5 cm\"\n}"
    },
    {
        "product_name": "Valentino Born in Roma Donna Eau de Parfum 100 ml",
        "brand_name": "Valentino",
        "brand_url": "https://shop.frankfurt-airport.com/en-US/brand/valentino",
        "retailer_name": "Frankfurt Duty Free",
        "retailer_url": "https://shop.frankfurt-airport.com/en-US/retailer/heinemann",
        "price": "\u20ac134.99",
        "price_per_quantity": "\u20ac134.99 / 100  ml",
        "description": "Introducing new Valentino Born In Roma Donna eau de parfum, an ode to self-celebration. Edgy yet feminine, this modern floriental fragrance rewrites the perfume rules and invites women to celebrate themselves every day. Born in Roma disrupts classic perfumery to  create a modern haute couture harmony. Luxurious Jasmine notes and Vanilla Bourbon, one of the most expensive extracts in the world , are blended with a sensuous Woody base to create a captivating floriental perfume that reconstructs fragrance classicism with an edgy twist, reminiscent of Rome's street culture. The bottle is encased in the armour of Valentino\u2019s iconic stud, a fashion signature of Valentino Couture inspired by Roman architecture and representing a rebellious new era for high fashion. Born In Roma Donna personifies this juxtaposition of old and new: Roma is where reverence for the past meets an irreverent attitude for now. To wear the Valentino stud is a symbol of strength; to wear Born In Roma is a symbol of celebration. Born In Roma celebrates where you have come from, and where you want to go. A statement of your personality, your heritage, and your rulesIntroducing new Valentino Born In Roma Donna eau de parfum, an ode to self-celebration. Edgy yet feminine, this modern floriental fragrance rewrites the perfume rules and invites women to celebrate themselves every day. Born in Roma disrupts classic perfumery to  create a modern haute couture harmony. Luxurious Jasmine notes and Vanilla Bourbon, one of the most expensive extracts in the world , are blended with a sensuous Woody base to create a captivating floriental perfume that reconstructs fragrance classicism with an edgy twist, reminiscent of Rome's street culture. The bottle is encased in the armour of Valentino\u2019s iconic stud, a fashion signature of Valentino Couture inspired by Roman architecture and representing a rebellious new era for high fashion. Born In Roma Donna personifies this juxtaposition of old and new: Roma is where reverence for the past meets an irreverent attitude for now. To wear the Valentino stud is a symbol of strength; to wear Born In Roma is a symbol of celebration. Born In Roma celebrates where you have come from, and where you want to go. A statement of your personality, your heritage, and your rules",
        "additional_information": "{\n    \"Order Amount\": \"100 ml\",\n    \"Target Gender\": \"Female\",\n    \"made in\": \"France\",\n    \"Type of Fragrance\": \"Eau De Parfum\",\n    \"Warning Hints\": \"Avoid eye contact. Keep away from direct heat and sunlight.\",\n    \"Item Number\": \"1412893\",\n    \"Product Series\": \"Born in Roma\",\n    \"Net Weight\": \"0.1 kg\",\n    \"Package Height\": \"10.3 cm\",\n    \"Package Length\": \"7.5 cm\",\n    \"Package Width\": \"7.6 cm\"\n}"
    },
    {
        "product_name": "Valentino Valentino Donna Eau de Parfum 50 ml",
        "brand_name": "Valentino",
        "brand_url": "https://shop.frankfurt-airport.com/en-US/brand/valentino",
        "retailer_name": "Frankfurt Duty Free",
        "retailer_url": "https://shop.frankfurt-airport.com/en-US/retailer/heinemann",
        "price": "\u20ac97.99",
        "price_per_quantity": "\u20ac195.98 / 100  ml",
        "description": "Valentino donna classic is a hint of elegance, fragility, irreverence, and candor. Sensuous and independent she is capable of sudden  passion and unexpected shyness. She is well aware of the rules of high society and knows how to break them. A sphynx of nature, fascinating, charismatic and elusive. Enigmatic beauty, fragile grace and timeless elegance.Valentino donna classic is a hint of elegance, fragility, irreverence, and candor. Sensuous and independent she is capable of sudden  passion and unexpected shyness. She is well aware of the rules of high society and knows how to break them. A sphynx of nature, fascinating, charismatic and elusive. Enigmatic beauty, fragile grace and timeless elegance.",
        "additional_information": "{\n    \"Order Amount\": \"50 ml\",\n    \"Target Gender\": \"Female\",\n    \"made in\": \"France\",\n    \"Type of Fragrance\": \"Eau De Parfum\",\n    \"Warning Hints\": \"Avoid eye contact. Keep away from direct heat and sunlight.\",\n    \"Item Number\": \"1387658\",\n    \"Product Series\": \"Donna\",\n    \"Net Weight\": \"0.05 kg\",\n    \"Package Height\": \"9.5 cm\",\n    \"Package Length\": \"6.4 cm\",\n    \"Package Width\": \"6.5 cm\"\n}"
    },
    {
        "product_name": "Valentino Valentino Uomo Eau de Toilette 100 ml",
        "brand_name": "Valentino",
        "brand_url": "https://shop.frankfurt-airport.com/en-US/brand/valentino",
        "retailer_name": "Frankfurt Duty Free",
        "retailer_url": "https://shop.frankfurt-airport.com/en-US/retailer/heinemann",
        "price": "\u20ac99.99",
        "price_per_quantity": "\u20ac99.99 / 100  ml",
        "description": "Valentino uomo classic derives the intensity of its character from a quintessentially italian elegance. Valentino uomo is classic and brilliant, with accords that change on the person over time: it is a profoundly italian blend made of precisely chosen ingredients. A classic fragrance with soft smoky and woody accords and a touch of vagueness that upsets the balance, it is an expression of unmistakable style.Everything about valentino uomo is restrained, yet enticing.Valentino uomo classic derives the intensity of its character from a quintessentially italian elegance. Valentino uomo is classic and brilliant, with accords that change on the person over time: it is a profoundly italian blend made of precisely chosen ingredients. A classic fragrance with soft smoky and woody accords and a touch of vagueness that upsets the balance, it is an expression of unmistakable style.Everything about valentino uomo is restrained, yet enticing.",
        "additional_information": "{\n    \"Order Amount\": \"100 ml\",\n    \"Target Gender\": \"Male\",\n    \"made in\": \"France\",\n    \"Type of Fragrance\": \"Eau De Toilette\",\n    \"Warning Hints\": \"Avoid eye contact. Keep away from direct heat and sunlight.\",\n    \"Item Number\": \"1387659\",\n    \"Product Series\": \"Uomo\",\n    \"Net Weight\": \"0.1 kg\",\n    \"Package Height\": \"12.7 cm\",\n    \"Package Length\": \"5.3 cm\",\n    \"Package Width\": \"8 cm\"\n}"
    },
    {
        "product_name": "Travel Blue, puffy the penguin travel neck pillow",
        "brand_name": "Travel Blue",
        "brand_url": "https://shop.frankfurt-airport.com/en-US/brand/travel-blue",
        "retailer_name": "Frankfurt Duty Free",
        "retailer_url": "https://shop.frankfurt-airport.com/en-US/retailer/heinemann",
        "price": "\u20ac29.90",
        "price_per_quantity": "",
        "description": "Colorful, super soft and comfortable penguin shaped neck pillowColorful, super soft and comfortable penguin shaped neck pillow",
        "additional_information": "{\n    \"made in\": \"China\",\n    \"Item Number\": \"1557697\",\n    \"Net Weight\": \"0.183 kg\",\n    \"Package Height\": \"5 cm\",\n    \"Package Length\": \"26 cm\",\n    \"Package Width\": \"25 cm\"\n}"
    },
    {
        "product_name": "Travel Blue, tranquility pillow navy",
        "brand_name": "Travel Blue",
        "brand_url": "https://shop.frankfurt-airport.com/en-US/brand/travel-blue",
        "retailer_name": "Frankfurt Duty Free",
        "retailer_url": "https://shop.frankfurt-airport.com/en-US/retailer/heinemann",
        "price": "\u20ac34.90",
        "price_per_quantity": "",
        "description": "The great Tranquillity Pillow also available in a WIDER fit. Take your travel experience to the next level and let the pillow relieve pressure around the head, neck and shoulders. Rest comfortably with good neck support. Pillow is designed for travellers to enjoy a relaxing and restful trip.The great Tranquillity Pillow also available in a WIDER fit. Take your travel experience to the next level and let the pillow relieve pressure around the head, neck and shoulders. Rest comfortably with good neck support. Pillow is designed for travellers to enjoy a relaxing and restful trip.",
        "additional_information": "{\n    \"made in\": \"China\",\n    \"Item Number\": \"1209310\",\n    \"Net Weight\": \"0.271 kg\",\n    \"Package Height\": \"12 cm\",\n    \"Package Length\": \"24 cm\",\n    \"Package Width\": \"22 cm\"\n}"
    },
    {
        "product_name": "Travel Blue, tws earphones",
        "brand_name": "Travel Blue",
        "brand_url": "https://shop.frankfurt-airport.com/en-US/brand/travel-blue",
        "retailer_name": "Frankfurt Duty Free",
        "retailer_url": "https://shop.frankfurt-airport.com/en-US/retailer/heinemann",
        "price": "\u20ac39.90",
        "price_per_quantity": "",
        "description": "In-ear design and ergonomic shape that fits comfortably in your ears;",
        "additional_information": "{\n    \"Item Number\": \"1541977\",\n    \"Net Weight\": \"0.105 kg\",\n    \"Package Height\": \"4 cm\",\n    \"Package Length\": \"21 cm\",\n    \"Package Width\": \"10.5 cm\"\n}"
    },
    {
        "product_name": "Travel Blue, tws earphones",
        "brand_name": "Travel Blue",
        "brand_url": "https://shop.frankfurt-airport.com/en-US/brand/travel-blue",
        "retailer_name": "Frankfurt Duty Free",
        "retailer_url": "https://shop.frankfurt-airport.com/en-US/retailer/heinemann",
        "price": "\u20ac29.90",
        "price_per_quantity": "",
        "description": "A True Wireless Stereo earphone, with in-ear design and ergonomic shape that fit comfortably in the ears. High quality sound brings perfect listening experience; Equipped with intelligent force sensor, convenient to control; Intelligent and reliable transmission with Bluetooth V5.1, transmission distance of around 10-12m. Quick and simple pairing, support primary/secondary switching between left and right earbud, easy use for single or both earbuds; Choose from three sizes of soft and flexible silicone tips to find the best fit and comfort. Play time: 3.5 hours. Talking time: 3 hoursA True Wireless Stereo earphone, with in-ear design and ergonomic shape that fit comfortably in the ears. High quality sound brings perfect listening experience; Equipped with intelligent force sensor, convenient to control; Intelligent and reliable transmission with Bluetooth V5.1, transmission distance of around 10-12m. Quick and simple pairing, support primary/secondary switching between left and right earbud, easy use for single or both earbuds; Choose from three sizes of soft and flexible silicone tips to find the best fit and comfort. Play time: 3.5 hours. Talking time: 3 hours",
        "additional_information": "{\n    \"Item Number\": \"1642315\",\n    \"Net Weight\": \"0.068 kg\",\n    \"Package Height\": \"2.3 cm\",\n    \"Package Length\": \"15 cm\",\n    \"Package Width\": \"10 cm\"\n}"
    },
    {
        "product_name": "Ty, Beanie Bellies 15cm, stubby monkey",
        "brand_name": "TY",
        "brand_url": "https://shop.frankfurt-airport.com/en-US/brand/ty",
        "retailer_name": "Frankfurt Duty Free",
        "retailer_url": "https://shop.frankfurt-airport.com/en-US/retailer/heinemann",
        "price": "\u20ac8.90",
        "price_per_quantity": "",
        "description": "Part of Ty's very popular Ty Beanie Babies range. A collectable plush toy made from colorful plush material and with a high tactile feel. Suitable from birth.Part of Ty's very popular Ty Beanie Babies range. A collectable plush toy made from colorful plush material and with a high tactile feel. Suitable from birth.",
        "additional_information": "{\n    \"Warning Hints\": \"0 months and up\",\n    \"Item Number\": \"1623058\",\n    \"Product Series\": \"Beanie Bellies 15cm\",\n    \"Net Weight\": \"0.082 kg\",\n    \"Package Height\": \"6 cm\",\n    \"Package Length\": \"13 cm\",\n    \"Package Width\": \"7.5 cm\"\n}"
    },
    {
        "product_name": "Ty, Squish A Boo 20Cm Harry Potter, ron weasley",
        "brand_name": "TY",
        "brand_url": "https://shop.frankfurt-airport.com/en-US/brand/ty",
        "retailer_name": "Frankfurt Duty Free",
        "retailer_url": "https://shop.frankfurt-airport.com/en-US/retailer/heinemann",
        "price": "\u20ac11.90",
        "price_per_quantity": "",
        "description": "Part of the brand new Squish-Aboo Heron. One of the extremely popular Harry Potter series - an instantly recognizable TV and movie character. A collectible plush toy made of colorful plush and with a high tactile feel. Suitable from birth.Part of the brand new Squish-Aboo Heron. One of the extremely popular Harry Potter series - an instantly recognizable TV and movie character. A collectible plush toy made of colorful plush and with a high tactile feel. Suitable from birth.",
        "additional_information": "{\n    \"Warning Hints\": \"0 months and up\",\n    \"Item Number\": \"1623055\",\n    \"Product Series\": \"Squish A Boo 20cm Harry Potter\",\n    \"Net Weight\": \"0.193 kg\",\n    \"Package Height\": \"2.5 cm\",\n    \"Package Length\": \"35 cm\",\n    \"Package Width\": \"18 cm\"\n}"
    },
    {
        "product_name": "Ty, Beanie Boo 24Cm, fox atlas",
        "brand_name": "TY",
        "brand_url": "https://shop.frankfurt-airport.com/en-US/brand/ty",
        "retailer_name": "Frankfurt Duty Free",
        "retailer_url": "https://shop.frankfurt-airport.com/en-US/retailer/heinemann",
        "price": "\u20ac15.90",
        "price_per_quantity": "",
        "description": "Beanie Boo's are the best selling and most popular plush brand. Many different designs of the coveted collectors objects with the well-known glitter eyes are available.Beanie Boo's are the best selling and most popular plush brand. Many different designs of the coveted collectors objects with the well-known glitter eyes are available.",
        "additional_information": "{\n    \"Warning Hints\": \"0 months and up\",\n    \"Item Number\": \"1501580\",\n    \"Product Series\": \"Beanie Boo 24cm\",\n    \"Net Weight\": \"0.196 kg\",\n    \"Package Height\": \"8 cm\",\n    \"Package Length\": \"19 cm\",\n    \"Package Width\": \"14 cm\"\n}"
    },
    {
        "product_name": "Travel Blue, infinity ergonomic pillow",
        "brand_name": "Travel Blue",
        "brand_url": "https://shop.frankfurt-airport.com/en-US/brand/travel-blue",
        "retailer_name": "Frankfurt Duty Free",
        "retailer_url": "https://shop.frankfurt-airport.com/en-US/retailer/heinemann",
        "price": "\u20ac36.90",
        "price_per_quantity": "",
        "description": "Enjoy uninterrupted sleep with 360-degree support",
        "additional_information": "{\n    \"made in\": \"China\",\n    \"Item Number\": \"1541976\",\n    \"Net Weight\": \"0.313 kg\",\n    \"Package Height\": \"12 cm\",\n    \"Package Length\": \"26 cm\",\n    \"Package Width\": \"21 cm\"\n}"
    },
    {
        "product_name": "Ty, Beanie Bellies 15cm, clawdia tiger",
        "brand_name": "TY",
        "brand_url": "https://shop.frankfurt-airport.com/en-US/brand/ty",
        "retailer_name": "Frankfurt Duty Free",
        "retailer_url": "https://shop.frankfurt-airport.com/en-US/retailer/heinemann",
        "price": "\u20ac8.90",
        "price_per_quantity": "",
        "description": "Part of Ty's very popular Ty Beanie Babies range. A collectable plush toy made from colorful plush material and with a high tactile feel. Suitable from birth.Part of Ty's very popular Ty Beanie Babies range. A collectable plush toy made from colorful plush material and with a high tactile feel. Suitable from birth.",
        "additional_information": "{\n    \"Warning Hints\": \"0 months and up\",\n    \"Item Number\": \"1623056\",\n    \"Product Series\": \"Beanie Bellies 15cm\",\n    \"Net Weight\": \"0.082 kg\",\n    \"Package Height\": \"6 cm\",\n    \"Package Length\": \"17 cm\",\n    \"Package Width\": \"6 cm\"\n}"
    },
    {
        "product_name": "Ty, Squish A Boo 20Cm Harry Potter, harry potter",
        "brand_name": "TY",
        "brand_url": "https://shop.frankfurt-airport.com/en-US/brand/ty",
        "retailer_name": "Frankfurt Duty Free",
        "retailer_url": "https://shop.frankfurt-airport.com/en-US/retailer/heinemann",
        "price": "\u20ac11.90",
        "price_per_quantity": "",
        "description": "Part of the brand new Squish-Aboo Heron. One of the extremely popular Harry Potter series - an instantly recognizable TV and movie character. A collectible plush toy made of colorful plush and with a high tactile feel. Suitable from birth.Part of the brand new Squish-Aboo Heron. One of the extremely popular Harry Potter series - an instantly recognizable TV and movie character. A collectible plush toy made of colorful plush and with a high tactile feel. Suitable from birth.",
        "additional_information": "{\n    \"Warning Hints\": \"0 months and up\",\n    \"Item Number\": \"1623053\",\n    \"Product Series\": \"Squish A Boo 20cm Harry Potter\",\n    \"Net Weight\": \"0.176 kg\",\n    \"Package Height\": \"4 cm\",\n    \"Package Length\": \"26 cm\",\n    \"Package Width\": \"23 cm\"\n}"
    },
    {
        "product_name": "TY, Marvel Squish A Boo Medium, BLACK PANTHER - squish 25cm",
        "brand_name": "TY",
        "brand_url": "https://shop.frankfurt-airport.com/en-US/brand/ty",
        "retailer_name": "Frankfurt Duty Free",
        "retailer_url": "https://shop.frankfurt-airport.com/en-US/retailer/heinemann",
        "price": "\u20ac11.90",
        "price_per_quantity": "",
        "description": "Part of Ty's hugely popular Marvel range - an instantly recognisable television & movie character. Plush fabric, highly tactile, brightly coloured, collectable soft toy.Part of Ty's hugely popular Marvel range - an instantly recognisable television & movie character. Plush fabric, highly tactile, brightly coloured, collectable soft toy.",
        "additional_information": "{\n    \"Warning Hints\": \"0 months and up\",\n    \"Item Number\": \"1556127\",\n    \"Product Series\": \"Squish A Boo 20cm Marvel\",\n    \"Net Weight\": \"0.181 kg\",\n    \"Package Height\": \"2.5 cm\",\n    \"Package Length\": \"30 cm\",\n    \"Package Width\": \"18 cm\"\n}"
    },
    {
        "product_name": "Ty, Squish A Boo 20Cm Harry Potter, hermoine granger",
        "brand_name": "TY",
        "brand_url": "https://shop.frankfurt-airport.com/en-US/brand/ty",
        "retailer_name": "Frankfurt Duty Free",
        "retailer_url": "https://shop.frankfurt-airport.com/en-US/retailer/heinemann",
        "price": "\u20ac11.90",
        "price_per_quantity": "",
        "description": "Part of the brand new Squish-Aboo Heron. One of the extremely popular Harry Potter series - an instantly recognizable TV and movie character. A collectible plush toy made of colorful plush and with a high tactile feel. Suitable from birth.Part of the brand new Squish-Aboo Heron. One of the extremely popular Harry Potter series - an instantly recognizable TV and movie character. A collectible plush toy made of colorful plush and with a high tactile feel. Suitable from birth.",
        "additional_information": "{\n    \"Warning Hints\": \"0 months and up\",\n    \"Item Number\": \"1623054\",\n    \"Product Series\": \"Squish A Boo 20cm Harry Potter\",\n    \"Net Weight\": \"0.187 kg\",\n    \"Package Height\": \"2 cm\",\n    \"Package Length\": \"35 cm\",\n    \"Package Width\": \"18 cm\"\n}"
    },
    {
        "product_name": "TY, Marvel Squish A Boo Medium, IRON MAN - squish 25cm",
        "brand_name": "TY",
        "brand_url": "https://shop.frankfurt-airport.com/en-US/brand/ty",
        "retailer_name": "Frankfurt Duty Free",
        "retailer_url": "https://shop.frankfurt-airport.com/en-US/retailer/heinemann",
        "price": "\u20ac11.90",
        "price_per_quantity": "",
        "description": "Part of Ty's hugely popular Marvel range - an instantly recognisable television & movie character. Plush fabric, highly tactile, brightly coloured, collectable soft toy.Part of Ty's hugely popular Marvel range - an instantly recognisable television & movie character. Plush fabric, highly tactile, brightly coloured, collectable soft toy.",
        "additional_information": "{\n    \"Warning Hints\": \"0 months and up\",\n    \"Item Number\": \"1556250\",\n    \"Product Series\": \"Squish A Boo 20cm Marvel\",\n    \"Net Weight\": \"0.176 kg\",\n    \"Package Height\": \"6 cm\",\n    \"Package Length\": \"33 cm\",\n    \"Package Width\": \"18 cm\"\n}"
    },
    {
        "product_name": "Ty, Squish A Boo 35Cm, cow milkshake",
        "brand_name": "TY",
        "brand_url": "https://shop.frankfurt-airport.com/en-US/brand/ty",
        "retailer_name": "Frankfurt Duty Free",
        "retailer_url": "https://shop.frankfurt-airport.com/en-US/retailer/heinemann",
        "price": "\u20ac15.90",
        "price_per_quantity": "",
        "description": "Part of the brand new Squish-Aboo Heron. One of the extremely popular Star Wars series - an instantly recognizable TV and movie character. A collectible plush toy made of colorful plush and with a high tactile feel. Suitable from birth.Part of the brand new Squish-Aboo Heron. One of the extremely popular Star Wars series - an instantly recognizable TV and movie character. A collectible plush toy made of colorful plush and with a high tactile feel. Suitable from birth.",
        "additional_information": "{\n    \"Warning Hints\": \"0 months and up\",\n    \"Item Number\": \"1598377\",\n    \"Product Series\": \"Squish A Boo 35cm\",\n    \"Net Weight\": \"0.542 kg\",\n    \"Package Height\": \"4.5 cm\",\n    \"Package Length\": \"43 cm\",\n    \"Package Width\": \"33 cm\"\n}"
    },
    {
        "product_name": "TY, Starwars Squish A Boo Medium, Grogu 25cm",
        "brand_name": "TY",
        "brand_url": "https://shop.frankfurt-airport.com/en-US/brand/ty",
        "retailer_name": "Frankfurt Duty Free",
        "retailer_url": "https://shop.frankfurt-airport.com/en-US/retailer/heinemann",
        "price": "\u20ac11.90",
        "price_per_quantity": "",
        "description": "Part of the brand new Squish-Aboo Heron. One of the extremely popular Star Wars series - an instantly recognizable TV and movie character. A collectible plush toy made of colorful plush and with a high tactile feel. Suitable from birth.Part of the brand new Squish-Aboo Heron. One of the extremely popular Star Wars series - an instantly recognizable TV and movie character. A collectible plush toy made of colorful plush and with a high tactile feel. Suitable from birth.",
        "additional_information": "{\n    \"Warning Hints\": \"0 months and up\",\n    \"Item Number\": \"1556252\",\n    \"Product Series\": \"Squish A Boo 25cm Star Wars\",\n    \"Net Weight\": \"0.173 kg\",\n    \"Package Height\": \"3 cm\",\n    \"Package Length\": \"30 cm\",\n    \"Package Width\": \"19 cm\"\n}"
    },
    {
        "product_name": "TY, Starwars Squish A Boo Medium, Yoda 25cm",
        "brand_name": "TY",
        "brand_url": "https://shop.frankfurt-airport.com/en-US/brand/ty",
        "retailer_name": "Frankfurt Duty Free",
        "retailer_url": "https://shop.frankfurt-airport.com/en-US/retailer/heinemann",
        "price": "\u20ac11.90",
        "price_per_quantity": "",
        "description": "Part of the brand new Squish-Aboo Heron. One of the extremely popular Star Wars series - an instantly recognizable TV and movie character. A collectible plush toy made of colorful plush and with a high tactile feel. Suitable from birth.Part of the brand new Squish-Aboo Heron. One of the extremely popular Star Wars series - an instantly recognizable TV and movie character. A collectible plush toy made of colorful plush and with a high tactile feel. Suitable from birth.",
        "additional_information": "{\n    \"Warning Hints\": \"0 months and up\",\n    \"Item Number\": \"1556253\",\n    \"Product Series\": \"Squish A Boo 25cm Star Wars\",\n    \"Net Weight\": \"0.191 kg\",\n    \"Package Height\": \"3 cm\",\n    \"Package Length\": \"32 cm\",\n    \"Package Width\": \"18 cm\"\n}"
    },
    {
        "product_name": "Ty, Squish A Boo 25Cm Star Wars, chewbacca",
        "brand_name": "TY",
        "brand_url": "https://shop.frankfurt-airport.com/en-US/brand/ty",
        "retailer_name": "Frankfurt Duty Free",
        "retailer_url": "https://shop.frankfurt-airport.com/en-US/retailer/heinemann",
        "price": "\u20ac11.90",
        "price_per_quantity": "",
        "description": "Part of the brand new Squish-Aboo Heron. One of the extremely popular Star Wars series - an instantly recognizable TV and movie character. A collectible plush toy made of colorful plush and with a high tactile feel. Suitable from birth.Part of the brand new Squish-Aboo Heron. One of the extremely popular Star Wars series - an instantly recognizable TV and movie character. A collectible plush toy made of colorful plush and with a high tactile feel. Suitable from birth.",
        "additional_information": "{\n    \"Warning Hints\": \"0 months and up\",\n    \"Item Number\": \"1587389\",\n    \"Product Series\": \"Squish A Boo 25cm Star Wars\",\n    \"Net Weight\": \"0.173 kg\",\n    \"Package Height\": \"2.5 cm\",\n    \"Package Length\": \"29 cm\",\n    \"Package Width\": \"25 cm\"\n}"
    },
    {
        "product_name": "TY, Marvel Squish A Boo Medium, GROOT - squish 25cm",
        "brand_name": "TY",
        "brand_url": "https://shop.frankfurt-airport.com/en-US/brand/ty",
        "retailer_name": "Frankfurt Duty Free",
        "retailer_url": "https://shop.frankfurt-airport.com/en-US/retailer/heinemann",
        "price": "\u20ac11.90",
        "price_per_quantity": "",
        "description": "Part of Ty's hugely popular Marvel range - an instantly recognisable television & movie character. Plush fabric, highly tactile, brightly coloured, collectable soft toy.Part of Ty's hugely popular Marvel range - an instantly recognisable television & movie character. Plush fabric, highly tactile, brightly coloured, collectable soft toy.",
        "additional_information": "{\n    \"Warning Hints\": \"0 months and up\",\n    \"Item Number\": \"1556128\",\n    \"Product Series\": \"Squish A Boo 20cm Marvel\",\n    \"Net Weight\": \"0.2 kg\",\n    \"Package Height\": \"2 cm\",\n    \"Package Length\": \"25 cm\",\n    \"Package Width\": \"18 cm\"\n}"
    },
    {
        "product_name": "Ty, Squish A Boo 35Cm, walrus toofers",
        "brand_name": "TY",
        "brand_url": "https://shop.frankfurt-airport.com/en-US/brand/ty",
        "retailer_name": "Frankfurt Duty Free",
        "retailer_url": "https://shop.frankfurt-airport.com/en-US/retailer/heinemann",
        "price": "\u20ac15.90",
        "price_per_quantity": "",
        "description": "Part of the brand new Squish-Aboo Heron. One of the extremely popular Star Wars series - an instantly recognizable TV and movie character. A collectible plush toy made of colorful plush and with a high tactile feel. Suitable from birth.Part of the brand new Squish-Aboo Heron. One of the extremely popular Star Wars series - an instantly recognizable TV and movie character. A collectible plush toy made of colorful plush and with a high tactile feel. Suitable from birth.",
        "additional_information": "{\n    \"Warning Hints\": \"0 months and up\",\n    \"Item Number\": \"1598375\",\n    \"Product Series\": \"Squish A Boo 35cm\",\n    \"Net Weight\": \"0.57 kg\",\n    \"Package Height\": \"5 cm\",\n    \"Package Length\": \"38 cm\",\n    \"Package Width\": \"34 cm\"\n}"
    },
    {
        "product_name": "TY, ty squishy beanies hildee - hedgehog squish 25cm",
        "brand_name": "TY",
        "brand_url": "https://shop.frankfurt-airport.com/en-US/brand/ty",
        "retailer_name": "Frankfurt Duty Free",
        "retailer_url": "https://shop.frankfurt-airport.com/en-US/retailer/heinemann",
        "price": "\u20ac8.90",
        "price_per_quantity": "",
        "description": "Part of the brand new Squish-Aboo Heron. One of the extremely popular Star Wars series - an instantly recognizable TV and movie character. A collectible plush toy made of colorful plush and with a high tactile feel. Suitable from birth.Part of the brand new Squish-Aboo Heron. One of the extremely popular Star Wars series - an instantly recognizable TV and movie character. A collectible plush toy made of colorful plush and with a high tactile feel. Suitable from birth.",
        "additional_information": "{\n    \"Warning Hints\": \"Not suitable for children under 3 years\",\n    \"Item Number\": \"1606932\",\n    \"Product Series\": \"Squish A Boo 20cm\",\n    \"Net Weight\": \"0.2 kg\",\n    \"Package Height\": \"4 cm\",\n    \"Package Length\": \"35 cm\",\n    \"Package Width\": \"18 cm\"\n}"
    },
    {
        "product_name": "Ty, Squish A Boo 25Cm Star Wars, darth vader",
        "brand_name": "TY",
        "brand_url": "https://shop.frankfurt-airport.com/en-US/brand/ty",
        "retailer_name": "Frankfurt Duty Free",
        "retailer_url": "https://shop.frankfurt-airport.com/en-US/retailer/heinemann",
        "price": "\u20ac11.90",
        "price_per_quantity": "",
        "description": "Part of the brand new Squish-Aboo Heron. One of the extremely popular Star Wars series - an instantly recognizable TV and movie character. A collectible plush toy made of colorful plush and with a high tactile feel. Suitable from birth.Part of the brand new Squish-Aboo Heron. One of the extremely popular Star Wars series - an instantly recognizable TV and movie character. A collectible plush toy made of colorful plush and with a high tactile feel. Suitable from birth.",
        "additional_information": "{\n    \"Warning Hints\": \"0 months and up\",\n    \"Item Number\": \"1587388\",\n    \"Product Series\": \"Squish A Boo 25cm Star Wars\",\n    \"Net Weight\": \"0.2 kg\",\n    \"Package Height\": \"4 cm\",\n    \"Package Length\": \"33 cm\",\n    \"Package Width\": \"16 cm\"\n}"
    },
    {
        "product_name": "Ty, Squish A Boo 35Cm, unicorn fantasia",
        "brand_name": "TY",
        "brand_url": "https://shop.frankfurt-airport.com/en-US/brand/ty",
        "retailer_name": "Frankfurt Duty Free",
        "retailer_url": "https://shop.frankfurt-airport.com/en-US/retailer/heinemann",
        "price": "\u20ac15.90",
        "price_per_quantity": "",
        "description": "Part of the brand new Squish-Aboo Heron. One of the extremely popular Star Wars series - an instantly recognizable TV and movie character. A collectible plush toy made of colorful plush and with a high tactile feel. Suitable from birth.Part of the brand new Squish-Aboo Heron. One of the extremely popular Star Wars series - an instantly recognizable TV and movie character. A collectible plush toy made of colorful plush and with a high tactile feel. Suitable from birth.",
        "additional_information": "{\n    \"Warning Hints\": \"0 months and up\",\n    \"Item Number\": \"1456368\",\n    \"Product Series\": \"Squish A Boo 35cm\",\n    \"Net Weight\": \"0.511 kg\",\n    \"Package Height\": \"5 cm\",\n    \"Package Length\": \"40 cm\",\n    \"Package Width\": \"33 cm\"\n}"
    },
    {
        "product_name": "Ty, Sonny plush",
        "brand_name": "TY",
        "brand_url": "https://shop.frankfurt-airport.com/en-US/brand/ty",
        "retailer_name": "Frankfurt Duty Free",
        "retailer_url": "https://shop.frankfurt-airport.com/en-US/retailer/heinemann",
        "price": "\u20ac8.90",
        "price_per_quantity": "",
        "description": "Part of the brand new Squish-Aboo Heron. One of the extremely popular Star Wars series - an instantly recognizable TV and movie character. A collectible plush toy made of colorful plush and with a high tactile feel. Suitable from birth.Part of the brand new Squish-Aboo Heron. One of the extremely popular Star Wars series - an instantly recognizable TV and movie character. A collectible plush toy made of colorful plush and with a high tactile feel. Suitable from birth.",
        "additional_information": "{\n    \"Warning Hints\": \"0 months and up\",\n    \"Item Number\": \"1606931\",\n    \"Product Series\": \"Squish A Boo 20cm\",\n    \"Net Weight\": \"0.162 kg\",\n    \"Package Height\": \"8 cm\",\n    \"Package Length\": \"20.5 cm\",\n    \"Package Width\": \"18 cm\"\n}"
    },
    {
        "product_name": "Ty, Beanie Bellies 15cm, wilffed dog",
        "brand_name": "TY",
        "brand_url": "https://shop.frankfurt-airport.com/en-US/brand/ty",
        "retailer_name": "Frankfurt Duty Free",
        "retailer_url": "https://shop.frankfurt-airport.com/en-US/retailer/heinemann",
        "price": "\u20ac8.90",
        "price_per_quantity": "",
        "description": "Part of Ty's very popular Ty Beanie Babies range. A collectable plush toy made from colorful plush material and with a high tactile feel. Suitable from birth.Part of Ty's very popular Ty Beanie Babies range. A collectable plush toy made from colorful plush material and with a high tactile feel. Suitable from birth.",
        "additional_information": "{\n    \"Warning Hints\": \"0 months and up\",\n    \"Item Number\": \"1623057\",\n    \"Product Series\": \"Beanie Bellies 15cm\",\n    \"Net Weight\": \"0.092 kg\",\n    \"Package Height\": \"8 cm\",\n    \"Package Length\": \"12 cm\",\n    \"Package Width\": \"8 cm\"\n}"
    },
    {
        "product_name": "Ty, Beanie Bellies 15cm, llyod leopard",
        "brand_name": "TY",
        "brand_url": "https://shop.frankfurt-airport.com/en-US/brand/ty",
        "retailer_name": "Frankfurt Duty Free",
        "retailer_url": "https://shop.frankfurt-airport.com/en-US/retailer/heinemann",
        "price": "\u20ac8.90",
        "price_per_quantity": "",
        "description": "Part of Ty's very popular Ty Beanie Babies range. A collectable plush toy made from colorful plush material and with a high tactile feel. Suitable from birth.Part of Ty's very popular Ty Beanie Babies range. A collectable plush toy made from colorful plush material and with a high tactile feel. Suitable from birth.",
        "additional_information": "{\n    \"Warning Hints\": \"0 months and up\",\n    \"Item Number\": \"1623059\",\n    \"Product Series\": \"Beanie Bellies 15cm\",\n    \"Net Weight\": \"0.089 kg\",\n    \"Package Height\": \"8 cm\",\n    \"Package Length\": \"12 cm\",\n    \"Package Width\": \"8 cm\"\n}"
    },
    {
        "product_name": "TY, Squish (Lic), hulk",
        "brand_name": "TY",
        "brand_url": "https://shop.frankfurt-airport.com/en-US/brand/ty",
        "retailer_name": "Frankfurt Duty Free",
        "retailer_url": "https://shop.frankfurt-airport.com/en-US/retailer/heinemann",
        "price": "\u20ac11.90",
        "price_per_quantity": "",
        "description": "Part of Ty's hugely popular Marvel range - an instantly recognisable television & movie character. Plush fabric, highly tactile, brightly coloured, collectable soft toy.Part of Ty's hugely popular Marvel range - an instantly recognisable television & movie character. Plush fabric, highly tactile, brightly coloured, collectable soft toy.",
        "additional_information": "{\n    \"Warning Hints\": \"0 months and up\",\n    \"Item Number\": \"1556129\",\n    \"Product Series\": \"Squish A Boo 20cm Harry Potter\",\n    \"Net Weight\": \"0.181 kg\",\n    \"Package Height\": \"2.5 cm\",\n    \"Package Length\": \"27 cm\",\n    \"Package Width\": \"16 cm\"\n}"
    },
    {
        "product_name": "Ty, Beanie Boo 24Cm, fox meadow",
        "brand_name": "TY",
        "brand_url": "https://shop.frankfurt-airport.com/en-US/brand/ty",
        "retailer_name": "Frankfurt Duty Free",
        "retailer_url": "https://shop.frankfurt-airport.com/en-US/retailer/heinemann",
        "price": "\u20ac15.90",
        "price_per_quantity": "",
        "description": "Beanie Boo's are the best selling and most popular plush brand. Many different designs of the coveted collectors objects with the well-known glitter eyes are available.Beanie Boo's are the best selling and most popular plush brand. Many different designs of the coveted collectors objects with the well-known glitter eyes are available.",
        "additional_information": "{\n    \"Warning Hints\": \"0 months and up\",\n    \"Item Number\": \"1598370\",\n    \"Product Series\": \"Beanie Boo 24cm\",\n    \"Net Weight\": \"0.196 kg\",\n    \"Package Height\": \"9 cm\",\n    \"Package Length\": \"22 cm\",\n    \"Package Width\": \"14 cm\"\n}"
    },
    {
        "product_name": "TY, ty Beanie Bellies 15cm mitzi - grey tabby cat",
        "brand_name": "TY",
        "brand_url": "https://shop.frankfurt-airport.com/en-US/brand/ty",
        "retailer_name": "Frankfurt Duty Free",
        "retailer_url": "https://shop.frankfurt-airport.com/en-US/retailer/heinemann",
        "price": "\u20ac8.90",
        "price_per_quantity": "",
        "description": "Part of Ty's very popular Ty Beanie Babies range. A collectable plush toy made from colorful plush material and with a high tactile feel. Suitable from birth.Part of Ty's very popular Ty Beanie Babies range. A collectable plush toy made from colorful plush material and with a high tactile feel. Suitable from birth.",
        "additional_information": "{\n    \"Warning Hints\": \"Not suitable for children under 3 years\",\n    \"Item Number\": \"1544885\",\n    \"Product Series\": \"Beanie Bellies 15cm\",\n    \"Net Weight\": \"0.087 kg\",\n    \"Package Height\": \"5 cm\",\n    \"Package Length\": \"15 cm\",\n    \"Package Width\": \"9 cm\"\n}"
    },
    {
        "product_name": "Ty, Squish A Boo 20cm, turtle shruggie",
        "brand_name": "TY",
        "brand_url": "https://shop.frankfurt-airport.com/en-US/brand/ty",
        "retailer_name": "Frankfurt Duty Free",
        "retailer_url": "https://shop.frankfurt-airport.com/en-US/retailer/heinemann",
        "price": "\u20ac8.90",
        "price_per_quantity": "",
        "description": "Part of the brand new Squish-Aboo Heron. One of the extremely popular Star Wars series - an instantly recognizable TV and movie character. A collectible plush toy made of colorful plush and with a high tactile feel. Suitable from birth.Part of the brand new Squish-Aboo Heron. One of the extremely popular Star Wars series - an instantly recognizable TV and movie character. A collectible plush toy made of colorful plush and with a high tactile feel. Suitable from birth.",
        "additional_information": "{\n    \"Warning Hints\": \"0 months and up\",\n    \"Item Number\": \"1598372\",\n    \"Product Series\": \"Squish A Boo 20cm\",\n    \"Net Weight\": \"0.219 kg\",\n    \"Package Height\": \"3 cm\",\n    \"Package Length\": \"32 cm\",\n    \"Package Width\": \"24 cm\"\n}"
    },
    {
        "product_name": "Ty, Squish A Boo 35Cm, shark finsley",
        "brand_name": "TY",
        "brand_url": "https://shop.frankfurt-airport.com/en-US/brand/ty",
        "retailer_name": "Frankfurt Duty Free",
        "retailer_url": "https://shop.frankfurt-airport.com/en-US/retailer/heinemann",
        "price": "\u20ac15.90",
        "price_per_quantity": "",
        "description": "Part of the brand new Squish-Aboo Heron. One of the extremely popular Star Wars series - an instantly recognizable TV and movie character. A collectible plush toy made of colorful plush and with a high tactile feel. Suitable from birth.Part of the brand new Squish-Aboo Heron. One of the extremely popular Star Wars series - an instantly recognizable TV and movie character. A collectible plush toy made of colorful plush and with a high tactile feel. Suitable from birth.",
        "additional_information": "{\n    \"Warning Hints\": \"0 months and up\",\n    \"Item Number\": \"1598378\",\n    \"Product Series\": \"Squish A Boo 35cm\",\n    \"Net Weight\": \"0.549 kg\",\n    \"Package Height\": \"5.5 cm\",\n    \"Package Length\": \"35 cm\",\n    \"Package Width\": \"35 cm\"\n}"
    },
    {
        "product_name": "Ty, Kitrra Cat plush",
        "brand_name": "TY",
        "brand_url": "https://shop.frankfurt-airport.com/en-US/brand/ty",
        "retailer_name": "Frankfurt Duty Free",
        "retailer_url": "https://shop.frankfurt-airport.com/en-US/retailer/heinemann",
        "price": "\u20ac8.90",
        "price_per_quantity": "",
        "description": "Part of the brand new Squish-Aboo Heron. One of the extremely popular Star Wars series - an instantly recognizable TV and movie character. A collectible plush toy made of colorful plush and with a high tactile feel. Suitable from birth.Part of the brand new Squish-Aboo Heron. One of the extremely popular Star Wars series - an instantly recognizable TV and movie character. A collectible plush toy made of colorful plush and with a high tactile feel. Suitable from birth.",
        "additional_information": "{\n    \"Warning Hints\": \"0 months and up\",\n    \"Item Number\": \"1606930\",\n    \"Product Series\": \"Squish A Boo 20cm\",\n    \"Net Weight\": \"0.209 kg\",\n    \"Package Height\": \"6 cm\",\n    \"Package Length\": \"32 cm\",\n    \"Package Width\": \"20 cm\"\n}"
    },
    {
        "product_name": "TY, Beanie Boos Regular 6in, NINA - white ballerina mouse reg",
        "brand_name": "TY",
        "brand_url": "https://shop.frankfurt-airport.com/en-US/brand/ty",
        "retailer_name": "Frankfurt Duty Free",
        "retailer_url": "https://shop.frankfurt-airport.com/en-US/retailer/heinemann",
        "price": "\u20ac8.90",
        "price_per_quantity": "",
        "description": "Beanie Boo's are the best selling and most popular plush brand. Many different designs of the coveted collectors objects with the well-known glitter eyes are available.",
        "additional_information": "{\n    \"Warning Hints\": \"0 months and up\",\n    \"Item Number\": \"1494503\",\n    \"Product Series\": \"Beanie Boo 15cm\",\n    \"Net Weight\": \"0.083 kg\",\n    \"Package Height\": \"7 cm\",\n    \"Package Length\": \"13 cm\",\n    \"Package Width\": \"7 cm\"\n}"
    },
    {
        "product_name": "TY, ty beanie boos zuzu - tan dog",
        "brand_name": "TY",
        "brand_url": "https://shop.frankfurt-airport.com/en-US/brand/ty",
        "retailer_name": "Frankfurt Duty Free",
        "retailer_url": "https://shop.frankfurt-airport.com/en-US/retailer/heinemann",
        "price": "\u20ac8.90",
        "price_per_quantity": "",
        "description": "Beanie Boo's are the best selling and most popular plush brand. Many different designs of the coveted collectors objects with the well-known glitter eyes are available.Beanie Boo's are the best selling and most popular plush brand. Many different designs of the coveted collectors objects with the well-known glitter eyes are available.",
        "additional_information": "{\n    \"Warning Hints\": \"Not suitable for children under 3 years\",\n    \"Item Number\": \"1526683\",\n    \"Product Series\": \"Beanie Boo 15cm\",\n    \"Net Weight\": \"0.087 kg\",\n    \"Package Height\": \"8 cm\",\n    \"Package Length\": \"15 cm\",\n    \"Package Width\": \"8 cm\"\n}"
    },
    {
        "product_name": "Ty, Squish A Boo 35Cm, caterpillar nessa",
        "brand_name": "TY",
        "brand_url": "https://shop.frankfurt-airport.com/en-US/brand/ty",
        "retailer_name": "Frankfurt Duty Free",
        "retailer_url": "https://shop.frankfurt-airport.com/en-US/retailer/heinemann",
        "price": "\u20ac15.90",
        "price_per_quantity": "",
        "description": "Part of the brand new Squish-Aboo Heron. One of the extremely popular Star Wars series - an instantly recognizable TV and movie character. A collectible plush toy made of colorful plush and with a high tactile feel. Suitable from birth.Part of the brand new Squish-Aboo Heron. One of the extremely popular Star Wars series - an instantly recognizable TV and movie character. A collectible plush toy made of colorful plush and with a high tactile feel. Suitable from birth.",
        "additional_information": "{\n    \"Warning Hints\": \"0 months and up\",\n    \"Item Number\": \"1598373\",\n    \"Product Series\": \"Squish A Boo 35cm\",\n    \"Net Weight\": \"0.527 kg\",\n    \"Package Height\": \"34 cm\",\n    \"Package Length\": \"34 cm\",\n    \"Package Width\": \"5 cm\"\n}"
    },
    {
        "product_name": "Squish A Boos, Beanie Boo, squish a boo 14\" peppa pig george",
        "brand_name": "TY",
        "brand_url": "https://shop.frankfurt-airport.com/en-US/brand/ty",
        "retailer_name": "Frankfurt Duty Free",
        "retailer_url": "https://shop.frankfurt-airport.com/en-US/retailer/heinemann",
        "price": "\u20ac18.90",
        "price_per_quantity": "",
        "description": "George Squishaboo is part of the brandnew and very popular Squishaboo range - nine motives of the really popular Beanie Boo range are now available as colourful, super soft and squeezable pillows! Perfect for cuddling, either at home or on thego! Suitable from birth.George Squishaboo is part of the brandnew and very popular Squishaboo range - nine motives of the really popular Beanie Boo range are now available as colourful, super soft and squeezable pillows! Perfect for cuddling, either at home or on thego! Suitable from birth.",
        "additional_information": "{\n    \"Warning Hints\": \"0 months and up\",\n    \"Item Number\": \"1494509\",\n    \"Product Series\": \"Squish A Boo 35cm\",\n    \"Net Weight\": \"0.521 kg\",\n    \"Package Height\": \"7 cm\",\n    \"Package Length\": \"32 cm\",\n    \"Package Width\": \"32 cm\"\n}"
    },
    {
        "product_name": "Squish A Boos, Beanie Boo, squish a boo 14\" peppa pig",
        "brand_name": "TY",
        "brand_url": "https://shop.frankfurt-airport.com/en-US/brand/ty",
        "retailer_name": "Frankfurt Duty Free",
        "retailer_url": "https://shop.frankfurt-airport.com/en-US/retailer/heinemann",
        "price": "\u20ac18.90",
        "price_per_quantity": "",
        "description": "Peppa Squishaboo is part of the brandnew and very popular Squishaboo range - nine motives of the really popular Beanie Boo range are  now available as colourful, super soft and squeezable pillows! Perfect for cuddling, either at home or on thego! Suitable from birth.Peppa Squishaboo is part of the brandnew and very popular Squishaboo range - nine motives of the really popular Beanie Boo range are  now available as colourful, super soft and squeezable pillows! Perfect for cuddling, either at home or on thego! Suitable from birth.",
        "additional_information": "{\n    \"Warning Hints\": \"0 months and up\",\n    \"Item Number\": \"1494508\",\n    \"Product Series\": \"Squish A Boo 35cm\",\n    \"Net Weight\": \"0.551 kg\",\n    \"Package Height\": \"5 cm\",\n    \"Package Length\": \"41 cm\",\n    \"Package Width\": \"31 cm\"\n}"
    },
    {
        "product_name": "Ty, Squish A Boo 25Cm Star Wars, r2d2",
        "brand_name": "TY",
        "brand_url": "https://shop.frankfurt-airport.com/en-US/brand/ty",
        "retailer_name": "Frankfurt Duty Free",
        "retailer_url": "https://shop.frankfurt-airport.com/en-US/retailer/heinemann",
        "price": "\u20ac11.90",
        "price_per_quantity": "",
        "description": "Part of the brand new Squish-Aboo Heron. One of the extremely popular Star Wars series - an instantly recognizable TV and movie character. A collectible plush toy made of colorful plush and with a high tactile feel. Suitable from birth.Part of the brand new Squish-Aboo Heron. One of the extremely popular Star Wars series - an instantly recognizable TV and movie character. A collectible plush toy made of colorful plush and with a high tactile feel. Suitable from birth.",
        "additional_information": "{\n    \"Warning Hints\": \"0 months and up\",\n    \"Item Number\": \"1588110\",\n    \"Product Series\": \"Squish A Boo 25cm Star Wars\",\n    \"Net Weight\": \"0.173 kg\",\n    \"Package Height\": \"3 cm\",\n    \"Package Length\": \"32 cm\",\n    \"Package Width\": \"18 cm\"\n}"
    },
    {
        "product_name": "TY, Beanie Boos Regular 6in, TURBO - spotted turtle reg",
        "brand_name": "TY",
        "brand_url": "https://shop.frankfurt-airport.com/en-US/brand/ty",
        "retailer_name": "Frankfurt Duty Free",
        "retailer_url": "https://shop.frankfurt-airport.com/en-US/retailer/heinemann",
        "price": "\u20ac8.90",
        "price_per_quantity": "",
        "description": "Beanie Boo's are the best selling and most popular plush brand. Many different designs of the coveted collectors objects with the well-known glitter eyes are available.Beanie Boo's are the best selling and most popular plush brand. Many different designs of the coveted collectors objects with the well-known glitter eyes are available.",
        "additional_information": "{\n    \"Warning Hints\": \"0 months and up\",\n    \"Item Number\": \"1526682\",\n    \"Product Series\": \"Beanie Boo 15cm\",\n    \"Net Weight\": \"0.084 kg\",\n    \"Package Height\": \"8 cm\",\n    \"Package Length\": \"14 cm\",\n    \"Package Width\": \"9 cm\"\n}"
    },
    {
        "product_name": "TY, ty beanie boos muddles - brown/white dog med",
        "brand_name": "TY",
        "brand_url": "https://shop.frankfurt-airport.com/en-US/brand/ty",
        "retailer_name": "Frankfurt Duty Free",
        "retailer_url": "https://shop.frankfurt-airport.com/en-US/retailer/heinemann",
        "price": "\u20ac15.90",
        "price_per_quantity": "",
        "description": "Beanie Boo's are the best selling and most popular plush brand. Many different designs of the coveted collectors objects with the well-known glitter eyes are available.",
        "additional_information": "{\n    \"Warning Hints\": \"Not suitable for children under 3 years\",\n    \"Item Number\": \"1494505\",\n    \"Product Series\": \"Beanie Boo 24cm\",\n    \"Net Weight\": \"0.193 kg\",\n    \"Package Height\": \"11 cm\",\n    \"Package Length\": \"20 cm\",\n    \"Package Width\": \"11 cm\"\n}"
    },
    {
        "product_name": "Ty, Beanie Boo 15Cm, leopard cobalt",
        "brand_name": "TY",
        "brand_url": "https://shop.frankfurt-airport.com/en-US/brand/ty",
        "retailer_name": "Frankfurt Duty Free",
        "retailer_url": "https://shop.frankfurt-airport.com/en-US/retailer/heinemann",
        "price": "\u20ac8.90",
        "price_per_quantity": "",
        "description": "Beanie Boo's are the best selling and most popular plush brand. Many different designs of the coveted collectors objects with the well-known glitter eyes are available.Beanie Boo's are the best selling and most popular plush brand. Many different designs of the coveted collectors objects with the well-known glitter eyes are available.",
        "additional_information": "{\n    \"Warning Hints\": \"0 months and up\",\n    \"Item Number\": \"1589011\",\n    \"Product Series\": \"Beanie Boo 15cm\",\n    \"Net Weight\": \"0.081 kg\",\n    \"Package Height\": \"8 cm\",\n    \"Package Length\": \"14 cm\",\n    \"Package Width\": \"9 cm\"\n}"
    },
    {
        "product_name": "West Red 200s Germany",
        "brand_name": "West",
        "brand_url": "https://shop.frankfurt-airport.com/en-US/brand/west",
        "retailer_name": "Frankfurt Duty Free",
        "retailer_url": "https://shop.frankfurt-airport.com/en-US/retailer/heinemann",
        "price": "\u20ac61.90",
        "price_per_quantity": "",
        "description": "Delicious milk chocolate mini eggs in a collectable tin egg.Delicious milk chocolate mini eggs in a collectable tin egg.",
        "additional_information": "{\n    \"Flight Destination Restrictions\": \"Non-EU\",\n    \"Warning Hints\": \"Warning: Choking hazard.\",\n    \"Item Number\": \" Not recommended for children under 3 years.\",\n    \"Net Weight\": \" Product contains small parts that can be Swallowed.\",\n    \"Package Height\": \" Toys only use under adult supervision.\",\n    \"Package Length\": \"1488132\",\n    \"Package Width\": \"0.237 kg\"\n}"
    },
    {
        "product_name": "TY, ty beanie boos spirit- german shepherd",
        "brand_name": "TY",
        "brand_url": "https://shop.frankfurt-airport.com/en-US/brand/ty",
        "retailer_name": "Frankfurt Duty Free",
        "retailer_url": "https://shop.frankfurt-airport.com/en-US/retailer/heinemann",
        "price": "\u20ac8.90",
        "price_per_quantity": "",
        "description": "Beanie Boo's are the best selling and most popular plush brand. Many different designs of the coveted collectors objects with the well-known glitter eyes are available.",
        "additional_information": "{\n    \"Warning Hints\": \"Not suitable for children under 3 years\",\n    \"Item Number\": \"1494502\",\n    \"Product Series\": \"Beanie Boo 15cm\",\n    \"Net Weight\": \"0.076 kg\",\n    \"Package Height\": \"7 cm\",\n    \"Package Length\": \"15 cm\",\n    \"Package Width\": \"7 cm\"\n}"
    },
    {
        "product_name": "Van Cleef & Arpels Collection Extraordinaire Encens Precieux Eau de Parfum 75 ml",
        "brand_name": "Van Cleef & Arpels",
        "brand_url": "https://shop.frankfurt-airport.com/en-US/brand/van-cleef-and-arpels",
        "retailer_name": "Frankfurt Duty Free",
        "retailer_url": "https://shop.frankfurt-airport.com/en-US/retailer/heinemann",
        "price": "\u20ac144.99",
        "price_per_quantity": "\u20ac193.32 / 100  ml",
        "description": "A natural treasure\u2026 Van Cleef & Arpels has thoroughly captured the desert heat in this new and deeply mysterious fragrance. With ethereal top notes bursting forth, our senses are immediately awakened by a duo of black and pink pepper to reveal a crackling incense. In the heart notes, this flame burns to create an atmosphere full of character, blending myrrh and a leather accord. As we reach the base notes, the smoke has dissipated, leaving a trail of incense and tobacco to drift over an enveloping base of delicately vanilla-scented amber. A captivating fragrance with a strong signature.A natural treasure\u2026 Van Cleef & Arpels has thoroughly captured the desert heat in this new and deeply mysterious fragrance. With ethereal top notes bursting forth, our senses are immediately awakened by a duo of black and pink pepper to reveal a crackling incense. In the heart notes, this flame burns to create an atmosphere full of character, blending myrrh and a leather accord. As we reach the base notes, the smoke has dissipated, leaving a trail of incense and tobacco to drift over an enveloping base of delicately vanilla-scented amber. A captivating fragrance with a strong signature.",
        "additional_information": "{\n    \"Order Amount\": \"75 ml\",\n    \"Target Gender\": \"Female\",\n    \"made in\": \"France\",\n    \"Type of Fragrance\": \"Eau De Parfum\",\n    \"Item Number\": \"1617479\",\n    \"Product Series\": \"Collection Extraordinaire\",\n    \"Net Weight\": \"0.075 kg\",\n    \"Package Height\": \"18.1 cm\",\n    \"Package Length\": \"5 cm\",\n    \"Package Width\": \"10 cm\"\n}"
    },
    {
        "product_name": "West Silver 200s Deutschland",
        "brand_name": "West",
        "brand_url": "https://shop.frankfurt-airport.com/en-US/brand/west",
        "retailer_name": "Frankfurt Duty Free",
        "retailer_url": "https://shop.frankfurt-airport.com/en-US/retailer/heinemann",
        "price": "\u20ac61.90",
        "price_per_quantity": "",
        "description": "Smoking kills. Due to tobacco shortages, there are currently severe delivery problems with Cuban cigars. If you use our Click & Collect service, we can therefore unfortunately not guarantee that the pre-ordered Cuban cigars are still available in the desired quantity at the time of pickup at the airport.",
        "additional_information": "{\n    \"Flight Destination Restrictions\": \"Non-EU\",\n    \"Item Number\": \"1488601\",\n    \"Net Weight\": \"0.216 kg\",\n    \"Package Height\": \"8.8 cm\",\n    \"Package Length\": \"4.7 cm\",\n    \"Package Width\": \"28 cm\"\n}"
    },
    {
        "product_name": "West Red 400s Deutschland",
        "brand_name": "West",
        "brand_url": "https://shop.frankfurt-airport.com/en-US/brand/west",
        "retailer_name": "Frankfurt Duty Free",
        "retailer_url": "https://shop.frankfurt-airport.com/en-US/retailer/heinemann",
        "price": "\u20ac107.90",
        "price_per_quantity": "\u20ac249.77 / 1  kg",
        "description": "Smoking kills. Due to tobacco shortages, there are currently severe delivery problems with Cuban cigars. If you use our Click & Collect service, we can therefore unfortunately not guarantee that the pre-ordered Cuban cigars are still available in the desired quantity at the time of pickup at the airport.",
        "additional_information": "{\n    \"Order Amount\": \"0.432 kg\",\n    \"Flight Destination Restrictions\": \"Non-EU\",\n    \"Item Number\": \"1488133\",\n    \"Net Weight\": \"0.432 kg\",\n    \"Package Height\": \"8.8 cm\",\n    \"Package Length\": \"9.4 cm\",\n    \"Package Width\": \"28.2 cm\"\n}"
    },
    {
        "product_name": "Van Cleef & Arpels Collection Extraordinaire Moonlight Rose Eau de Parfum 75 ml",
        "brand_name": "Van Cleef & Arpels",
        "brand_url": "https://shop.frankfurt-airport.com/en-US/brand/van-cleef-and-arpels",
        "retailer_name": "Frankfurt Duty Free",
        "retailer_url": "https://shop.frankfurt-airport.com/en-US/retailer/heinemann",
        "price": "\u20ac144.99",
        "price_per_quantity": "\u20ac193.32 / 100  ml",
        "description": "A Rose in the Moonlight...For this new Rose, Collection Extraordinaire is inspired by a Rose at its olfactory apogee, when its aromas are fully expressed...",
        "additional_information": "{\n    \"Order Amount\": \"75 ml\",\n    \"Target Gender\": \"Female\",\n    \"made in\": \"France\",\n    \"Type of Fragrance\": \"Eau De Parfum\",\n    \"Item Number\": \"1558860\",\n    \"Product Series\": \"Collection Extraordinaire\",\n    \"Net Weight\": \"0.075 kg\",\n    \"Package Height\": \"18 cm\",\n    \"Package Length\": \"10 cm\",\n    \"Package Width\": \"5 cm\"\n}"
    },
    {
        "product_name": "Van Cleef & Arpels Collection Extraordinaire Bois d'Amande Eau de Parfum 75 ml",
        "brand_name": "Van Cleef & Arpels",
        "brand_url": "https://shop.frankfurt-airport.com/en-US/brand/van-cleef-and-arpels",
        "retailer_name": "Frankfurt Duty Free",
        "retailer_url": "https://shop.frankfurt-airport.com/en-US/retailer/heinemann",
        "price": "\u20ac144.99",
        "price_per_quantity": "\u20ac193.32 / 100  ml",
        "description": "For its new tale\u2026The Collection tells us about the sweetness of a wood by evoking the almond tree. The emblematic Cedarwood is at the heart of the fragrance, its warm and sweet aromas remind us a tender almond\u2026For its new tale\u2026The Collection tells us about the sweetness of a wood by evoking the almond tree. The emblematic Cedarwood is at the heart of the fragrance, its warm and sweet aromas remind us a tender almond\u2026",
        "additional_information": "{\n    \"Order Amount\": \"75 ml\",\n    \"Target Gender\": \"Male\",\n    \"made in\": \"France\",\n    \"Type of Fragrance\": \"Eau De Parfum\",\n    \"Warning Hints\": \"Avoid eye contact. Keep away from direct heat and sunlight.\",\n    \"Item Number\": \"1437844\",\n    \"Product Series\": \"Collection Extraordinaire\",\n    \"Net Weight\": \"0.075 kg\",\n    \"Package Height\": \"18 cm\",\n    \"Package Length\": \"10 cm\",\n    \"Package Width\": \"5 cm\"\n}"
    },
    {
        "product_name": "Van Cleef & Arpels Collection Extraordinaire Moonlight Patchouli Eau de Parfum 75 ml",
        "brand_name": "Van Cleef & Arpels",
        "brand_url": "https://shop.frankfurt-airport.com/en-US/brand/van-cleef-and-arpels",
        "retailer_name": "Frankfurt Duty Free",
        "retailer_url": "https://shop.frankfurt-airport.com/en-US/retailer/heinemann",
        "price": "\u20ac144.99",
        "price_per_quantity": "\u20ac193.32 / 100  ml",
        "description": "Collection Extraordinaire writes a new poem, a wonderful Patchouli between light and shade. The olfactive interpretation of a moonlight Patchouli enhanced with exceptional ingredients. Patchouli caresses the skin\u2026 Like a wood in the moonlight, its soft tones  reveal a delicate floral note that combines Rose and Iris. From this light, it releases the precious notes of a warm suede accord, imbued with leather and fruity accents.Collection Extraordinaire writes a new poem, a wonderful Patchouli between light and shade. The olfactive interpretation of a moonlight Patchouli enhanced with exceptional ingredients. Patchouli caresses the skin\u2026 Like a wood in the moonlight, its soft tones  reveal a delicate floral note that combines Rose and Iris. From this light, it releases the precious notes of a warm suede accord, imbued with leather and fruity accents.",
        "additional_information": "{\n    \"Order Amount\": \"75 ml\",\n    \"Target Gender\": \"Female\",\n    \"made in\": \"France\",\n    \"Type of Fragrance\": \"Eau De Parfum\",\n    \"Warning Hints\": \"Avoid eye contact. Keep away from direct heat and sunlight.\",\n    \"Item Number\": \"1229669\",\n    \"Product Series\": \"Collection Extraordinaire\",\n    \"Net Weight\": \"0.075 kg\",\n    \"Package Height\": \"18 cm\",\n    \"Package Length\": \"10 cm\",\n    \"Package Width\": \"5 cm\"\n}"
    },
    {
        "product_name": "Van Cleef Collection Extraordinaire Bois Dor Eau de Parfum 75 ml",
        "brand_name": "Van Cleef & Arpels",
        "brand_url": "https://shop.frankfurt-airport.com/en-US/brand/van-cleef-and-arpels",
        "retailer_name": "Frankfurt Duty Free",
        "retailer_url": "https://shop.frankfurt-airport.com/en-US/retailer/heinemann",
        "price": "\u20ac144.99",
        "price_per_quantity": "\u20ac193.32 / 100  ml",
        "description": "The new poem of the \u201cCollection Extraordinaire\u201d, a wonderful wood as radiant as gold\u2026. A luminous wood enveloped in a delicate golden veil of Musks and delicious Tonka Bean. An addictive and sensual fragrance that soothes and warm the skin.The new poem of the \u201cCollection Extraordinaire\u201d, a wonderful wood as radiant as gold\u2026. A luminous wood enveloped in a delicate golden veil of Musks and delicious Tonka Bean. An addictive and sensual fragrance that soothes and warm the skin.",
        "additional_information": "{\n    \"Order Amount\": \"75 ml\",\n    \"Target Gender\": \"Female\",\n    \"made in\": \"France\",\n    \"Type of Fragrance\": \"Eau De Parfum\",\n    \"Warning Hints\": \"Avoid eye contact. Keep away from direct heat and sunlight.\",\n    \"Item Number\": \"1260490\",\n    \"Product Series\": \"Collection Extraordinaire\",\n    \"Net Weight\": \"0.075 kg\",\n    \"Package Height\": \"18 cm\",\n    \"Package Length\": \"10 cm\",\n    \"Package Width\": \"5 cm\"\n}"
    },
    {
        "product_name": "Van Cleef & Arpels Collection Extraordinaire Another Rose Eau de Parfum 75 ml",
        "brand_name": "Van Cleef & Arpels",
        "brand_url": "https://shop.frankfurt-airport.com/en-US/brand/van-cleef-and-arpels",
        "retailer_name": "Frankfurt Duty Free",
        "retailer_url": "https://shop.frankfurt-airport.com/en-US/retailer/heinemann",
        "price": "\u20ac144.99",
        "price_per_quantity": "\u20ac193.32 / 100  ml",
        "description": "The Collection Extraordinaire presents an emblematic material in perfumery: Neroli. Floral, green, and citrusy all at once, Neroli breathes new air into the Collection, making it more aqueous and botanical. The fragrance of Neroli Amara tells the tale of a princess\u2019s love for her flower, Amara Orange Blossom.The Collection Extraordinaire presents an emblematic material in perfumery: Neroli. Floral, green, and citrusy all at once, Neroli breathes new air into the Collection, making it more aqueous and botanical. The fragrance of Neroli Amara tells the tale of a princess\u2019s love for her flower, Amara Orange Blossom.",
        "additional_information": "{\n    \"Order Amount\": \"75 ml\",\n    \"Target Gender\": \"Female\",\n    \"made in\": \"France\",\n    \"Type of Fragrance\": \"Eau De Parfum\",\n    \"Warning Hints\": \"Avoid eye contact. Keep away from direct heat and sunlight.\",\n    \"Item Number\": \"1300344\",\n    \"Product Series\": \"Collection Extraordinaire\",\n    \"Net Weight\": \"0.075 kg\",\n    \"Package Height\": \"18 cm\",\n    \"Package Length\": \"10 cm\",\n    \"Package Width\": \"5 cm\"\n}"
    },
    {
        "product_name": "Vogue Bleue SSL 200s Deutschland",
        "brand_name": "Vogue",
        "brand_url": "https://shop.frankfurt-airport.com/en-US/brand/vogue",
        "retailer_name": "Frankfurt Duty Free",
        "retailer_url": "https://shop.frankfurt-airport.com/en-US/retailer/heinemann",
        "price": "\u20ac64.90",
        "price_per_quantity": "\u20ac441.50 / 1  kg",
        "description": "Smoking kills. Due to tobacco shortages, there are currently severe delivery problems with Cuban cigars. If you use our Click & Collect service, we can therefore unfortunately not guarantee that the pre-ordered Cuban cigars are still available in the desired quantity at the time of pickup at the airport.",
        "additional_information": "{\n    \"Order Amount\": \"0.147 kg\",\n    \"Flight Destination Restrictions\": \"Non-EU\",\n    \"Item Number\": \"1495496\",\n    \"Net Weight\": \"0.147 kg\",\n    \"Package Height\": \"10.3 cm\",\n    \"Package Length\": \"27 cm\",\n    \"Package Width\": \"3.5 cm\"\n}"
    },
    {
        "product_name": "Versace Yellow Diamond Natural Eau de Toilette 50 ml",
        "brand_name": "Versace",
        "brand_url": "https://shop.frankfurt-airport.com/en-US/brand/versace",
        "retailer_name": "Frankfurt Duty Free",
        "retailer_url": "https://shop.frankfurt-airport.com/en-US/retailer/heinemann",
        "price": "\u20ac72.99",
        "price_per_quantity": "\u20ac145.98 / 100  ml",
        "description": "An extraordinary bright hue that radiates with a fiery intensity, sparkling the way that only a diamond can. Pure sensuality, pure transparency, pure light: an authentic jewel of rare beauty. An enveloping perfume with new floral accents. Voluptuous and feminine, in harmony with the unmistakable glamour of Versace.An extraordinary bright hue that radiates with a fiery intensity, sparkling the way that only a diamond can. Pure sensuality, pure transparency, pure light: an authentic jewel of rare beauty. An enveloping perfume with new floral accents. Voluptuous and feminine, in harmony with the unmistakable glamour of Versace.",
        "additional_information": "{\n    \"Order Amount\": \"50 ml\",\n    \"Target Gender\": \"Female\",\n    \"made in\": \"Italy\",\n    \"Type of Fragrance\": \"Eau De Toilette\",\n    \"Item Number\": \"520960\",\n    \"Product Series\": \"Yellow Diamond\",\n    \"Net Weight\": \"0.05 kg\",\n    \"Package Height\": \"9.5 cm\",\n    \"Package Length\": \"9.8 cm\",\n    \"Package Width\": \"7.3 cm\"\n}"
    },
    {
        "product_name": "Versace Pour Homme Eau de Toilette 100 ml",
        "brand_name": "Versace",
        "brand_url": "https://shop.frankfurt-airport.com/en-US/brand/versace",
        "retailer_name": "Frankfurt Duty Free",
        "retailer_url": "https://shop.frankfurt-airport.com/en-US/retailer/heinemann",
        "price": "\u20ac87.99",
        "price_per_quantity": "\u20ac87.99 / 100  ml",
        "description": "An intense, decidedly masculine fragrance. A classic yet contemporary aroma. A vibrant blend of foug\u00e8re created from essential ingredients of Mediterranean origins.An intense, decidedly masculine fragrance. A classic yet contemporary aroma. A vibrant blend of foug\u00e8re created from essential ingredients of Mediterranean origins.",
        "additional_information": "{\n    \"Order Amount\": \"100 ml\",\n    \"Target Gender\": \"Male\",\n    \"made in\": \"Italy\",\n    \"Type of Fragrance\": \"Eau De Toilette\",\n    \"Item Number\": \"954878\",\n    \"Product Series\": \"Pour Homme\",\n    \"Net Weight\": \"0.1 kg\",\n    \"Package Height\": \"13.5 cm\",\n    \"Package Length\": \"7.8 cm\",\n    \"Package Width\": \"4 cm\"\n}"
    },
    {
        "product_name": "Versace Man Eau Frache Duo Set",
        "brand_name": "Versace",
        "brand_url": "https://shop.frankfurt-airport.com/en-US/brand/versace",
        "retailer_name": "Frankfurt Duty Free",
        "retailer_url": "https://shop.frankfurt-airport.com/en-US/retailer/heinemann",
        "price": "\u20ac59.99",
        "price_per_quantity": "",
        "description": "A new harmony of scent, a surprisingly fresh fragrance. Synonymous with elegance and seduction, it is dedicated to the modern man, full of charisma and self-confidence. Eau Fra\u00eeche Duo-Set cont.: 2x 30ml Eau de Toilette SprayA new harmony of scent, a surprisingly fresh fragrance. Synonymous with elegance and seduction, it is dedicated to the modern man, full of charisma and self-confidence. Eau Fra\u00eeche Duo-Set cont.: 2x 30ml Eau de Toilette Spray",
        "additional_information": "{\n    \"Target Gender\": \"Male\",\n    \"made in\": \"Italy\",\n    \"Warning Hints\": \"Avoid eye contact. Keep away from direct heat and sunlight.\",\n    \"Item Number\": \"803614\",\n    \"Product Series\": \"Eau Fraiche\",\n    \"Net Weight\": \"0.06 kg\",\n    \"Package Height\": \"10.2 cm\",\n    \"Package Length\": \"3.7 cm\",\n    \"Package Width\": \"12.5 cm\"\n}"
    },
    {
        "product_name": "Versace Eros Deodorant Stick 75 ml",
        "brand_name": "Versace",
        "brand_url": "https://shop.frankfurt-airport.com/en-US/brand/versace",
        "retailer_name": "Frankfurt Duty Free",
        "retailer_url": "https://shop.frankfurt-airport.com/en-US/retailer/heinemann",
        "price": "\u20ac29.99",
        "price_per_quantity": "\u20ac39.99 / 100  ml",
        "description": "Love, passion, beauty and desire. Versace Eros is a fragrance for a strong man, passionate and master of himself. Intensively fresh, sensual on the skin, elegant and virile. A reference to the Mediterranean Sea and Greek mythology revisited in a contemporary way.Love, passion, beauty and desire. Versace Eros is a fragrance for a strong man, passionate and master of himself. Intensively fresh, sensual on the skin, elegant and virile. A reference to the Mediterranean Sea and Greek mythology revisited in a contemporary way.",
        "additional_information": "{\n    \"Order Amount\": \"75 ml\",\n    \"Target Gender\": \"Male\",\n    \"made in\": \"Italy\",\n    \"Item Number\": \"1016714\",\n    \"Product Series\": \"Eros\",\n    \"Net Weight\": \"0.075 kg\",\n    \"Package Height\": \"10.5 cm\",\n    \"Package Length\": \"5 cm\",\n    \"Package Width\": \"5 cm\"\n}"
    },
    {
        "product_name": "Van Cleef & Arpels Collection Extraordinaire Neroli Amara Eau de Parfum 75 ml",
        "brand_name": "Van Cleef & Arpels",
        "brand_url": "https://shop.frankfurt-airport.com/en-US/brand/van-cleef-and-arpels",
        "retailer_name": "Frankfurt Duty Free",
        "retailer_url": "https://shop.frankfurt-airport.com/en-US/retailer/heinemann",
        "price": "\u20ac144.99",
        "price_per_quantity": "\u20ac193.32 / 100  ml",
        "description": "The Collection Extraordinaire presents an emblematic material in perfumery: Neroli. Floral, green, and citrusy all at once, Neroli breathes new air into the Collection, making it more aqueous and botanical. The fragrance of Neroli Amara tells the tale of a princess\u2019s love for her flower, Amara Orange Blossom.The Collection Extraordinaire presents an emblematic material in perfumery: Neroli. Floral, green, and citrusy all at once, Neroli breathes new air into the Collection, making it more aqueous and botanical. The fragrance of Neroli Amara tells the tale of a princess\u2019s love for her flower, Amara Orange Blossom.",
        "additional_information": "{\n    \"Order Amount\": \"75 ml\",\n    \"Target Gender\": \"Female\",\n    \"made in\": \"France\",\n    \"Type of Fragrance\": \"Eau De Parfum\",\n    \"Warning Hints\": \"Avoid eye contact. Keep away from direct heat and sunlight.\",\n    \"Item Number\": \"1300345\",\n    \"Product Series\": \"Collection Extraordinaire\",\n    \"Net Weight\": \"0.075 kg\",\n    \"Package Height\": \"18 cm\",\n    \"Package Length\": \"10 cm\",\n    \"Package Width\": \"5 cm\"\n}"
    },
    {
        "product_name": "Versace Eros Eau de Toilette 50 ml",
        "brand_name": "Versace",
        "brand_url": "https://shop.frankfurt-airport.com/en-US/brand/versace",
        "retailer_name": "Frankfurt Duty Free",
        "retailer_url": "https://shop.frankfurt-airport.com/en-US/retailer/heinemann",
        "price": "\u20ac54.99",
        "price_per_quantity": "\u20ac109.98 / 100  ml",
        "description": "Love, passion, beauty and desire. Versace Eros is a fragrance for a strong man, passionate and master of himself. Intensively fresh, sensual on the skin, elegant and virile. A reference to the Mediterranean Sea and Greek mythology revisited in a contemporary way.Love, passion, beauty and desire. Versace Eros is a fragrance for a strong man, passionate and master of himself. Intensively fresh, sensual on the skin, elegant and virile. A reference to the Mediterranean Sea and Greek mythology revisited in a contemporary way.",
        "additional_information": "{\n    \"Order Amount\": \"50 ml\",\n    \"Target Gender\": \"Male\",\n    \"made in\": \"Italy\",\n    \"Type of Fragrance\": \"Eau De Toilette\",\n    \"Warning Hints\": \"Keep away from direct heat and sunlight.\",\n    \"Item Number\": \"1016711\",\n    \"Product Series\": \"Eros\",\n    \"Net Weight\": \"0.05 kg\",\n    \"Package Height\": \"10.8 cm\",\n    \"Package Length\": \"7 cm\",\n    \"Package Width\": \"4 cm\"\n}"
    },
    {
        "product_name": "Van Cleef & Arpels Collection Extraordinaire Santal Blanc Eau de Parfum 75 ml",
        "brand_name": "Van Cleef & Arpels",
        "brand_url": "https://shop.frankfurt-airport.com/en-US/brand/van-cleef-and-arpels",
        "retailer_name": "Frankfurt Duty Free",
        "retailer_url": "https://shop.frankfurt-airport.com/en-US/retailer/heinemann",
        "price": "\u20ac144.99",
        "price_per_quantity": "\u20ac193.32 / 100  ml",
        "description": "Symbolizing purity, softness, and perfect balance, \u201cWhite\u201d is a truly inspiring theme for the Collection, whose values are based on minimalism and olfactory excellence. This approach gives rise to the new fragrance: Santal Blanc. A velvety texture for a marvellous Sandalwood. Combined with a note of fig milk and a delicate powdery musk, its trail reveals a tender addiction.Symbolizing purity, softness, and perfect balance, \u201cWhite\u201d is a truly inspiring theme for the Collection, whose values are based on minimalism and olfactory excellence. This approach gives rise to the new fragrance: Santal Blanc. A velvety texture for a marvellous Sandalwood. Combined with a note of fig milk and a delicate powdery musk, its trail reveals a tender addiction.",
        "additional_information": "{\n    \"Order Amount\": \"75 ml\",\n    \"Target Gender\": \"Female\",\n    \"made in\": \"France\",\n    \"Type of Fragrance\": \"Eau De Parfum\",\n    \"Warning Hints\": \"Avoid eye contact. Keep away from direct heat and sunlight.\",\n    \"Item Number\": \"1372971\",\n    \"Product Series\": \"Collection Extraordinaire\",\n    \"Net Weight\": \"0.075 kg\",\n    \"Package Height\": \"18 cm\",\n    \"Package Length\": \"10 cm\",\n    \"Package Width\": \"5 cm\"\n}"
    },
    {
        "product_name": "Versace Pour Homme Eau de Toilette 50 ml",
        "brand_name": "Versace",
        "brand_url": "https://shop.frankfurt-airport.com/en-US/brand/versace",
        "retailer_name": "Frankfurt Duty Free",
        "retailer_url": "https://shop.frankfurt-airport.com/en-US/retailer/heinemann",
        "price": "\u20ac64.99",
        "price_per_quantity": "\u20ac129.98 / 100  ml",
        "description": "An intense, decidedly masculine fragrance. A classic yet contemporary aroma. A vibrant blend of foug\u00e8re created from essential ingredients of Mediterranean origins.An intense, decidedly masculine fragrance. A classic yet contemporary aroma. A vibrant blend of foug\u00e8re created from essential ingredients of Mediterranean origins.",
        "additional_information": "{\n    \"Order Amount\": \"50 ml\",\n    \"Target Gender\": \"Male\",\n    \"made in\": \"Italy\",\n    \"Type of Fragrance\": \"Eau De Toilette\",\n    \"Item Number\": \"954877\",\n    \"Product Series\": \"Pour Homme\",\n    \"Net Weight\": \"0.05 kg\",\n    \"Package Height\": \"11.5 cm\",\n    \"Package Length\": \"6.5 cm\",\n    \"Package Width\": \"3.5 cm\"\n}"
    },
    {
        "product_name": "Versace Eros Eau de Toilette 100 ml",
        "brand_name": "Versace",
        "brand_url": "https://shop.frankfurt-airport.com/en-US/brand/versace",
        "retailer_name": "Frankfurt Duty Free",
        "retailer_url": "https://shop.frankfurt-airport.com/en-US/retailer/heinemann",
        "price": "\u20ac69.99",
        "price_per_quantity": "\u20ac69.99 / 100  ml",
        "description": "Love, passion, beauty and desire. Versace Eros is a fragrance for a strong man, passionate and master of himself. Intensively fresh, sensual on the skin, elegant and virile. A reference to the Mediterranean Sea and Greek mythology revisited in a contemporary way.Love, passion, beauty and desire. Versace Eros is a fragrance for a strong man, passionate and master of himself. Intensively fresh, sensual on the skin, elegant and virile. A reference to the Mediterranean Sea and Greek mythology revisited in a contemporary way.",
        "additional_information": "{\n    \"Order Amount\": \"100 ml\",\n    \"Target Gender\": \"Male\",\n    \"made in\": \"Italy\",\n    \"Type of Fragrance\": \"Eau De Toilette\",\n    \"Item Number\": \"1016712\",\n    \"Product Series\": \"Eros\",\n    \"Net Weight\": \"0.1 kg\",\n    \"Package Height\": \"12.5 cm\",\n    \"Package Length\": \"4.5 cm\",\n    \"Package Width\": \"9 cm\"\n}"
    },
    {
        "product_name": "Versace Woman Eau de Parfum  50 ml",
        "brand_name": "Versace",
        "brand_url": "https://shop.frankfurt-airport.com/en-US/brand/versace",
        "retailer_name": "Frankfurt Duty Free",
        "retailer_url": "https://shop.frankfurt-airport.com/en-US/retailer/heinemann",
        "price": "\u20ac29.90",
        "price_per_quantity": "\u20ac59.80 / 100  ml",
        "description": "The versace woman has individuality, intelligence and inner confidence, which reflects on the outside. This is a fragrance to emphasize a woman\u2019s femininity, a modern woman who is determined, free and at the same time very sensual. A perfect blend of fashion and fragrance, a magical instrument of seduction, and pleasure.The versace woman has individuality, intelligence and inner confidence, which reflects on the outside. This is a fragrance to emphasize a woman\u2019s femininity, a modern woman who is determined, free and at the same time very sensual. A perfect blend of fashion and fragrance, a magical instrument of seduction, and pleasure.",
        "additional_information": "{\n    \"Order Amount\": \"50 ml\",\n    \"Target Gender\": \"Female\",\n    \"made in\": \"Italy\",\n    \"Type of Fragrance\": \"Eau De Parfum\",\n    \"Item Number\": \"628062\",\n    \"Product Series\": \"Woman\",\n    \"Net Weight\": \"0.05 kg\",\n    \"Package Height\": \"17 cm\",\n    \"Package Length\": \"6 cm\",\n    \"Package Width\": \"6 cm\"\n}"
    },
    {
        "product_name": "Versace Woman Eau de Parfum 100 ml",
        "brand_name": "Versace",
        "brand_url": "https://shop.frankfurt-airport.com/en-US/brand/versace",
        "retailer_name": "Frankfurt Duty Free",
        "retailer_url": "https://shop.frankfurt-airport.com/en-US/retailer/heinemann",
        "price": "\u20ac39.90",
        "price_per_quantity": "\u20ac39.90 / 100  ml",
        "description": "The versace woman has individuality, intelligence and inner confidence, which reflects on the outside. This is a fragrance to emphasize a woman\u2019s femininity, a modern woman who is determined, free and at the same time very sensual. A perfect blend of fashion and fragrance, a magical instrument of seduction, and pleasure.The versace woman has individuality, intelligence and inner confidence, which reflects on the outside. This is a fragrance to emphasize a woman\u2019s femininity, a modern woman who is determined, free and at the same time very sensual. A perfect blend of fashion and fragrance, a magical instrument of seduction, and pleasure.",
        "additional_information": "{\n    \"Order Amount\": \"100 ml\",\n    \"Target Gender\": \"Female\",\n    \"made in\": \"Italy\",\n    \"Type of Fragrance\": \"Eau De Parfum\",\n    \"Item Number\": \"633662\",\n    \"Product Series\": \"Woman\",\n    \"Net Weight\": \"0.1 kg\",\n    \"Package Height\": \"20 cm\",\n    \"Package Length\": \"7 cm\",\n    \"Package Width\": \"7 cm\"\n}"
    },
    {
        "product_name": "Versace Blue Jeans Man Eau de Toilette 75 ml",
        "brand_name": "Versace",
        "brand_url": "https://shop.frankfurt-airport.com/en-US/brand/versace",
        "retailer_name": "Frankfurt Duty Free",
        "retailer_url": "https://shop.frankfurt-airport.com/en-US/retailer/heinemann",
        "price": "\u20ac19.90",
        "price_per_quantity": "\u20ac26.53 / 100  ml",
        "description": "A clear sky, a warm wind, a masculine perfume. A surprising, immediate and clean freshness.A clear sky, a warm wind, a masculine perfume. A surprising, immediate and clean freshness.",
        "additional_information": "{\n    \"Order Amount\": \"75 ml\",\n    \"Target Gender\": \"Male\",\n    \"made in\": \"Italy\",\n    \"Type of Fragrance\": \"Eau De Toilette\",\n    \"Item Number\": \"15425\",\n    \"Product Series\": \"Blue Jeans\",\n    \"Net Weight\": \"0.075 kg\",\n    \"Package Height\": \"16 cm\",\n    \"Package Length\": \"7 cm\",\n    \"Package Width\": \"7 cm\"\n}"
    },
    {
        "product_name": "Versace, Women's sunglasses",
        "brand_name": "Versace",
        "brand_url": "https://shop.frankfurt-airport.com/en-US/brand/versace",
        "retailer_name": "Frankfurt Duty Free",
        "retailer_url": "https://shop.frankfurt-airport.com/en-US/retailer/heinemann",
        "price": "\u20ac425.90",
        "price_per_quantity": "",
        "description": "",
        "additional_information": "{\n    \"made in\": \"Italy\",\n    \"Item Number\": \"1671712\",\n    \"Net Weight\": \"0.414 kg\",\n    \"Package Height\": \"8 cm\",\n    \"Package Length\": \"18 cm\",\n    \"Package Width\": \"9 cm\"\n}"
    },
    {
        "product_name": "Versace, women's sunglasses",
        "brand_name": "Versace",
        "brand_url": "https://shop.frankfurt-airport.com/en-US/brand/versace",
        "retailer_name": "Frankfurt Duty Free",
        "retailer_url": "https://shop.frankfurt-airport.com/en-US/retailer/heinemann",
        "price": "\u20ac355.90",
        "price_per_quantity": "",
        "description": "",
        "additional_information": "{\n    \"made in\": \"Italy\",\n    \"Item Number\": \"1670599\",\n    \"Net Weight\": \"0.377 kg\",\n    \"Package Height\": \"8 cm\",\n    \"Package Length\": \"18 cm\",\n    \"Package Width\": \"9 cm\"\n}"
    },
    {
        "product_name": "Versace, Women's sunglasses",
        "brand_name": "Versace",
        "brand_url": "https://shop.frankfurt-airport.com/en-US/brand/versace",
        "retailer_name": "Frankfurt Duty Free",
        "retailer_url": "https://shop.frankfurt-airport.com/en-US/retailer/heinemann",
        "price": "\u20ac255.90",
        "price_per_quantity": "",
        "description": "",
        "additional_information": "{\n    \"made in\": \"Italy\",\n    \"Item Number\": \"1671177\",\n    \"Net Weight\": \"0.465 kg\",\n    \"Package Height\": \"8 cm\",\n    \"Package Length\": \"18 cm\",\n    \"Package Width\": \"10 cm\"\n}"
    },
    {
        "product_name": "Versace, Men's sunglasses",
        "brand_name": "Versace",
        "brand_url": "https://shop.frankfurt-airport.com/en-US/brand/versace",
        "retailer_name": "Frankfurt Duty Free",
        "retailer_url": "https://shop.frankfurt-airport.com/en-US/retailer/heinemann",
        "price": "\u20ac255.90",
        "price_per_quantity": "",
        "description": "",
        "additional_information": "{\n    \"made in\": \"Italy\",\n    \"Item Number\": \"1669899\",\n    \"Net Weight\": \"0.416 kg\",\n    \"Package Height\": \"8 cm\",\n    \"Package Length\": \"18 cm\",\n    \"Package Width\": \"8.5 cm\"\n}"
    },
    {
        "product_name": "Versace, Men's sunglasses",
        "brand_name": "Versace",
        "brand_url": "https://shop.frankfurt-airport.com/en-US/brand/versace",
        "retailer_name": "Frankfurt Duty Free",
        "retailer_url": "https://shop.frankfurt-airport.com/en-US/retailer/heinemann",
        "price": "\u20ac255.90",
        "price_per_quantity": "",
        "description": "",
        "additional_information": "{\n    \"made in\": \"Italy\",\n    \"Item Number\": \"1671701\",\n    \"Net Weight\": \"0.418 kg\",\n    \"Package Height\": \"8 cm\",\n    \"Package Length\": \"18 cm\",\n    \"Package Width\": \"9 cm\"\n}"
    },
    {
        "product_name": "Atelier Versace Atelier Santal Boise Eau de Parfum 100 ml",
        "brand_name": "Versace",
        "brand_url": "https://shop.frankfurt-airport.com/en-US/brand/versace",
        "retailer_name": "Frankfurt Duty Free",
        "retailer_url": "https://shop.frankfurt-airport.com/en-US/retailer/heinemann",
        "price": "\u20ac299.99",
        "price_per_quantity": "\u20ac299.99 / 100  ml",
        "description": "Atelier Versace's relentless pursuit of the highest quality materials and exceptional craftsmanship has translated into the creation  of a line of 12 exclusive genderfree fragrances that bears the Atelier Versace name. Crafted from Srilankan sandalwood, the milky and balsamic fragrance is obtained from the roots and heart of the wood. Cypriol, a delicate flowering herb, adds a distinctive woody, smoky and slightly oud note to the perfume.Atelier Versace's relentless pursuit of the highest quality materials and exceptional craftsmanship has translated into the creation  of a line of 12 exclusive genderfree fragrances that bears the Atelier Versace name. Crafted from Srilankan sandalwood, the milky and balsamic fragrance is obtained from the roots and heart of the wood. Cypriol, a delicate flowering herb, adds a distinctive woody, smoky and slightly oud note to the perfume.",
        "additional_information": "{\n    \"Order Amount\": \"100 ml\",\n    \"Target Gender\": \"Female\",\n    \"made in\": \"Italy\",\n    \"Type of Fragrance\": \"Eau De Parfum\",\n    \"Warning Hints\": \"Avoid eye contact. Keep away from direct heat and sunlight.\",\n    \"Item Number\": \"1509439\",\n    \"Product Series\": \"Atelier Versace\",\n    \"Net Weight\": \"0.1 kg\",\n    \"Package Height\": \"22.7 cm\",\n    \"Package Length\": \"12.3 cm\",\n    \"Package Width\": \"12.7 cm\"\n}"
    },
    {
        "product_name": "Versace Bright Crystal Duo Set",
        "brand_name": "Versace",
        "brand_url": "https://shop.frankfurt-airport.com/en-US/brand/versace",
        "retailer_name": "Frankfurt Duty Free",
        "retailer_url": "https://shop.frankfurt-airport.com/en-US/retailer/heinemann",
        "price": "\u20ac74.99",
        "price_per_quantity": "",
        "description": "A precious jewel of timeless elegance characterized by sheer sensuality, crystal tranparency, luminous brightness. A fresh and floral scent, where iced freshness meets the delicate beauty of peony, magnolia and lotus flowers. For a confident, feminine and sensual woman.Versace Bright Crystal Duo-Set cont.: 2 x 30 ml Eau de Toilette SprayA precious jewel of timeless elegance characterized by sheer sensuality, crystal tranparency, luminous brightness. A fresh and floral scent, where iced freshness meets the delicate beauty of peony, magnolia and lotus flowers. For a confident, feminine and sensual woman.Versace Bright Crystal Duo-Set cont.: 2 x 30 ml Eau de Toilette Spray",
        "additional_information": "{\n    \"Target Gender\": \"Female\",\n    \"made in\": \"Italy\",\n    \"Item Number\": \"934081\",\n    \"Product Series\": \"Bright Crystal\",\n    \"Net Weight\": \"0.06 kg\",\n    \"Package Height\": \"10 cm\",\n    \"Package Length\": \"4.8 cm\",\n    \"Package Width\": \"13.7 cm\"\n}"
    },
    {
        "product_name": "Atelier Versace Atelier Iris D`Elite Eau de Parfum 100 ml",
        "brand_name": "Versace",
        "brand_url": "https://shop.frankfurt-airport.com/en-US/brand/versace",
        "retailer_name": "Frankfurt Duty Free",
        "retailer_url": "https://shop.frankfurt-airport.com/en-US/retailer/heinemann",
        "price": "\u20ac299.99",
        "price_per_quantity": "\u20ac299.99 / 100  ml",
        "description": "Atelier Versace's relentless pursuit of the highest quality materials and exceptional craftsmanship has translated into the creation  of a line of 12 exclusive genderfree fragrances that bears the Atelier Versace name. Standing out for its dry woody notes, Iris D'\u00c9lite is exalted by a sparkling touch of spice that highlights the scent's powdery feel. Iris, a noble flower in Italian tradition , exudes a sumptuous feel, with the delicate petals warming from a fusion with tonka beans and musky amber tones.Atelier Versace's relentless pursuit of the highest quality materials and exceptional craftsmanship has translated into the creation  of a line of 12 exclusive genderfree fragrances that bears the Atelier Versace name. Standing out for its dry woody notes, Iris D'\u00c9lite is exalted by a sparkling touch of spice that highlights the scent's powdery feel. Iris, a noble flower in Italian tradition , exudes a sumptuous feel, with the delicate petals warming from a fusion with tonka beans and musky amber tones.",
        "additional_information": "{\n    \"Order Amount\": \"100 ml\",\n    \"Target Gender\": \"Female\",\n    \"made in\": \"Italy\",\n    \"Type of Fragrance\": \"Eau De Parfum\",\n    \"Warning Hints\": \"Avoid eye contact. Keep away from direct heat and sunlight.\",\n    \"Item Number\": \"1509453\",\n    \"Product Series\": \"Atelier Versace\",\n    \"Net Weight\": \"0.1 kg\",\n    \"Package Height\": \"22.7 cm\",\n    \"Package Length\": \"12.3 cm\",\n    \"Package Width\": \"12.7 cm\"\n}"
    },
    {
        "product_name": "Versace Bright Crystal Parfum 90 ml",
        "brand_name": "Versace",
        "brand_url": "https://shop.frankfurt-airport.com/en-US/brand/versace",
        "retailer_name": "Frankfurt Duty Free",
        "retailer_url": "https://shop.frankfurt-airport.com/en-US/retailer/heinemann",
        "price": "\u20ac159.99",
        "price_per_quantity": "\u20ac177.77 / 100  ml",
        "description": "Sheer sensuality, crystal transparency, and luminous brightness \u2013 this is the new Bright Crystal Parfum by Versace. It comes in a bottle of timeless elegance, a precious jewel of rare beauty characterized by fresh, vibrant, flowery scent. Enriched by a surprising accord of caramelized red fruits, illuminated floral, sophisticated woody - ambery facets reach a new level of addiction.Sheer sensuality, crystal transparency, and luminous brightness \u2013 this is the new Bright Crystal Parfum by Versace. It comes in a bottle of timeless elegance, a precious jewel of rare beauty characterized by fresh, vibrant, flowery scent. Enriched by a surprising accord of caramelized red fruits, illuminated floral, sophisticated woody - ambery facets reach a new level of addiction.",
        "additional_information": "{\n    \"Order Amount\": \"90 ml\",\n    \"Target Gender\": \"Female\",\n    \"made in\": \"Italy\",\n    \"Type of Fragrance\": \"Parfum\",\n    \"Warning Hints\": \"Avoid eye contact. Keep away from direct heat and sunlight.\",\n    \"Item Number\": \"1628311\",\n    \"Product Series\": \"Bright Crystal\",\n    \"Net Weight\": \"0.09 kg\",\n    \"Package Height\": \"11.5 cm\",\n    \"Package Length\": \"7.2 cm\",\n    \"Package Width\": \"9.8 cm\"\n}"
    },
    {
        "product_name": "Atelier Versace Atelier Eclat De Rose Eau de Parfum 100 ml",
        "brand_name": "Versace",
        "brand_url": "https://shop.frankfurt-airport.com/en-US/brand/versace",
        "retailer_name": "Frankfurt Duty Free",
        "retailer_url": "https://shop.frankfurt-airport.com/en-US/retailer/heinemann",
        "price": "\u20ac299.99",
        "price_per_quantity": "\u20ac299.99 / 100  ml",
        "description": "Atelier Versace's relentless pursuit of the highest quality materials and exceptional craftsmanship has translated into the creation  of a line of 12 exclusive genderfree fragrances that bears the Atelier Versace name. \u00c9clat de Rose boasts the Moroccan Rose Centifolia: the delicate flowers are hand-picked during the early hours of the morning and then rapidly processed. Velvety rose accords are complemented by Ambrox, a signature note that reveals facets of amber, incense, wood, tobacco and musk.Atelier Versace's relentless pursuit of the highest quality materials and exceptional craftsmanship has translated into the creation  of a line of 12 exclusive genderfree fragrances that bears the Atelier Versace name. \u00c9clat de Rose boasts the Moroccan Rose Centifolia: the delicate flowers are hand-picked during the early hours of the morning and then rapidly processed. Velvety rose accords are complemented by Ambrox, a signature note that reveals facets of amber, incense, wood, tobacco and musk.",
        "additional_information": "{\n    \"Order Amount\": \"100 ml\",\n    \"Target Gender\": \"Female\",\n    \"made in\": \"Italy\",\n    \"Type of Fragrance\": \"Eau De Parfum\",\n    \"Warning Hints\": \"Avoid eye contact. Keep away from direct heat and sunlight.\",\n    \"Item Number\": \"1509435\",\n    \"Product Series\": \"Atelier Versace\",\n    \"Net Weight\": \"0.1 kg\",\n    \"Package Height\": \"20 cm\",\n    \"Package Length\": \"10.5 cm\",\n    \"Package Width\": \"10.8 cm\"\n}"
    },
    {
        "product_name": "Versace Dylan Turquoise Eau de Toilette 50 ml",
        "brand_name": "Versace",
        "brand_url": "https://shop.frankfurt-airport.com/en-US/brand/versace",
        "retailer_name": "Frankfurt Duty Free",
        "retailer_url": "https://shop.frankfurt-airport.com/en-US/retailer/heinemann",
        "price": "\u20ac72.99",
        "price_per_quantity": "\u20ac145.98 / 100  ml",
        "description": "Versace pour femme Dylan Turquoise is an ode to the sensuality of the Versace woman. A refreshing breeze with luminous juicy sensual  aromas envelops a prestigious fragrance reminding summer day\u00b4s at the beach on faraway islands where the blue sky meets crystal waters.Versace pour femme Dylan Turquoise is an ode to the sensuality of the Versace woman. A refreshing breeze with luminous juicy sensual  aromas envelops a prestigious fragrance reminding summer day\u00b4s at the beach on faraway islands where the blue sky meets crystal waters.",
        "additional_information": "{\n    \"Order Amount\": \"50 ml\",\n    \"Target Gender\": \"Female\",\n    \"made in\": \"Italy\",\n    \"Type of Fragrance\": \"Eau De Toilette\",\n    \"Warning Hints\": \"Avoid eye contact. Keep away from direct heat and sunlight.\",\n    \"Item Number\": \"1466844\",\n    \"Product Series\": \"Dylan Turquoise\",\n    \"Net Weight\": \"0.05 kg\",\n    \"Package Height\": \"11 cm\",\n    \"Package Length\": \"7.4 cm\",\n    \"Package Width\": \"7 cm\"\n}"
    },
    {
        "product_name": "Atelier Versace Atelier Tabac Imperiale Eau de Parfum 100 ml",
        "brand_name": "Versace",
        "brand_url": "https://shop.frankfurt-airport.com/en-US/brand/versace",
        "retailer_name": "Frankfurt Duty Free",
        "retailer_url": "https://shop.frankfurt-airport.com/en-US/retailer/heinemann",
        "price": "\u20ac299.99",
        "price_per_quantity": "\u20ac299.99 / 100  ml",
        "description": "Atelier Versace's relentless pursuit of the highest quality materials and exceptional craftsmanship has translated into the creation  of a line of 12 exclusive genderfree fragrances that bears the Atelier Versace name. Tabac Imperial is a sublimation of tobacco absolute enriched with Proven\u00e7al honey and amber notes from benzoin. Composed of sweet honey, smoky tobacco, herbaceous and musky undertones, Immortelle Absolute gives the fragrance a distinctive aroma, while noble woods, patchouli and cypriol enhance the sense of depth.Atelier Versace's relentless pursuit of the highest quality materials and exceptional craftsmanship has translated into the creation  of a line of 12 exclusive genderfree fragrances that bears the Atelier Versace name. Tabac Imperial is a sublimation of tobacco absolute enriched with Proven\u00e7al honey and amber notes from benzoin. Composed of sweet honey, smoky tobacco, herbaceous and musky undertones, Immortelle Absolute gives the fragrance a distinctive aroma, while noble woods, patchouli and cypriol enhance the sense of depth.",
        "additional_information": "{\n    \"Order Amount\": \"100 ml\",\n    \"Target Gender\": \"Female\",\n    \"made in\": \"Italy\",\n    \"Type of Fragrance\": \"Eau De Parfum\",\n    \"Warning Hints\": \"Avoid eye contact. Keep away from direct heat and sunlight.\",\n    \"Item Number\": \"1509445\",\n    \"Product Series\": \"Atelier Versace\",\n    \"Net Weight\": \"0.1 kg\",\n    \"Package Height\": \"22.5 cm\",\n    \"Package Length\": \"12.3 cm\",\n    \"Package Width\": \"12.6 cm\"\n}"
    },
    {
        "product_name": "Versace Versense Eau de Toilette 100 ml",
        "brand_name": "Versace",
        "brand_url": "https://shop.frankfurt-airport.com/en-US/brand/versace",
        "retailer_name": "Frankfurt Duty Free",
        "retailer_url": "https://shop.frankfurt-airport.com/en-US/retailer/heinemann",
        "price": "\u20ac94.99",
        "price_per_quantity": "\u20ac94.99 / 100  ml",
        "description": "A unique fragrance combining Mediterranean elements with the glamorous sensuality of the Versace woman. A beautiful contemporary bouquet, inspired by nature's elements and conveying freshness and vital energy.A unique fragrance combining Mediterranean elements with the glamorous sensuality of the Versace woman. A beautiful contemporary bouquet, inspired by nature's elements and conveying freshness and vital energy.",
        "additional_information": "{\n    \"Order Amount\": \"100 ml\",\n    \"Target Gender\": \"Female\",\n    \"made in\": \"Italy\",\n    \"Type of Fragrance\": \"Eau De Toilette\",\n    \"Item Number\": \"171408\",\n    \"Product Series\": \"Versense\",\n    \"Net Weight\": \"0.1 kg\",\n    \"Package Height\": \"11.5 cm\",\n    \"Package Length\": \"11.5 cm\",\n    \"Package Width\": \"4.1 cm\"\n}"
    },
    {
        "product_name": "Atelier Versace Atelier Jasmin Au Soleil Eau de Parfum 100 ml",
        "brand_name": "Versace",
        "brand_url": "https://shop.frankfurt-airport.com/en-US/brand/versace",
        "retailer_name": "Frankfurt Duty Free",
        "retailer_url": "https://shop.frankfurt-airport.com/en-US/retailer/heinemann",
        "price": "\u20ac299.99",
        "price_per_quantity": "\u20ac299.99 / 100  ml",
        "description": "Atelier Versace's relentless pursuit of the highest quality materials and exceptional craftsmanship has translated into the creation  of a line of 12 exclusive genderfree fragrances that bears the Atelier Versace name. Jasmin au Soleil highlights jasmine flowers from India picked at sunrise to preserve their freshness. Petals are complemented by beeswax from France, containing balsamic and honey notes with hints of hay and tobacco, adding a light, velvety dimension to the perfume.Atelier Versace's relentless pursuit of the highest quality materials and exceptional craftsmanship has translated into the creation  of a line of 12 exclusive genderfree fragrances that bears the Atelier Versace name. Jasmin au Soleil highlights jasmine flowers from India picked at sunrise to preserve their freshness. Petals are complemented by beeswax from France, containing balsamic and honey notes with hints of hay and tobacco, adding a light, velvety dimension to the perfume.",
        "additional_information": "{\n    \"Order Amount\": \"100 ml\",\n    \"Target Gender\": \"Female\",\n    \"made in\": \"Italy\",\n    \"Type of Fragrance\": \"Eau De Parfum\",\n    \"Warning Hints\": \"Avoid eye contact. Keep away from direct heat and sunlight.\",\n    \"Item Number\": \"1509437\",\n    \"Product Series\": \"Atelier Versace\",\n    \"Net Weight\": \"0.1 kg\",\n    \"Package Height\": \"20 cm\",\n    \"Package Length\": \"10.5 cm\",\n    \"Package Width\": \"10.8 cm\"\n}"
    },
    {
        "product_name": "Versace Versense Eau de Toilette 50 ml",
        "brand_name": "Versace",
        "brand_url": "https://shop.frankfurt-airport.com/en-US/brand/versace",
        "retailer_name": "Frankfurt Duty Free",
        "retailer_url": "https://shop.frankfurt-airport.com/en-US/retailer/heinemann",
        "price": "\u20ac72.99",
        "price_per_quantity": "\u20ac145.98 / 100  ml",
        "description": "A unique fragrance combining Mediterranean elements with the glamorous sensuality of the Versace woman. A beautiful contemporary bouquet, inspired by nature's elements and conveying freshness and vital energy.A unique fragrance combining Mediterranean elements with the glamorous sensuality of the Versace woman. A beautiful contemporary bouquet, inspired by nature's elements and conveying freshness and vital energy.",
        "additional_information": "{\n    \"Order Amount\": \"50 ml\",\n    \"Target Gender\": \"Female\",\n    \"made in\": \"Italy\",\n    \"Type of Fragrance\": \"Eau De Toilette\",\n    \"Item Number\": \"167792\",\n    \"Product Series\": \"Versense\",\n    \"Net Weight\": \"0.05 kg\",\n    \"Package Height\": \"9.8 cm\",\n    \"Package Length\": \"9.5 cm\",\n    \"Package Width\": \"4.3 cm\"\n}"
    },
    {
        "product_name": "Versace Atelier Versace Cedrat De Diamante Eau de Parfum 100 ml",
        "brand_name": "Versace",
        "brand_url": "https://shop.frankfurt-airport.com/en-US/brand/versace",
        "retailer_name": "Frankfurt Duty Free",
        "retailer_url": "https://shop.frankfurt-airport.com/en-US/retailer/heinemann",
        "price": "\u20ac299.99",
        "price_per_quantity": "\u20ac299.99 / 100  ml",
        "description": "Atelier Versace's relentless pursuit of the highest quality materials and exceptional craftsmanship has translated into the creation  of a line of 12 exclusive genderfree fragrances that bears the Atelier Versace name. C\u00e9drat de Diamante boasts the zest of Italian lemon, more efflorescent than traditional citrus aromas. Inspired by the Mediterranean, the perfume encompasses notes of pink grapefruit and natural woods, enhanced by aromatic cedarwood and vetiver.Atelier Versace's relentless pursuit of the highest quality materials and exceptional craftsmanship has translated into the creation  of a line of 12 exclusive genderfree fragrances that bears the Atelier Versace name. C\u00e9drat de Diamante boasts the zest of Italian lemon, more efflorescent than traditional citrus aromas. Inspired by the Mediterranean, the perfume encompasses notes of pink grapefruit and natural woods, enhanced by aromatic cedarwood and vetiver.",
        "additional_information": "{\n    \"Order Amount\": \"100 ml\",\n    \"Target Gender\": \"Female\",\n    \"made in\": \"Italy\",\n    \"Type of Fragrance\": \"Eau De Parfum\",\n    \"Warning Hints\": \"Avoid eye contact. Keep away from direct heat and sunlight.\",\n    \"Item Number\": \"1509431\",\n    \"Product Series\": \"Atelier Versace\",\n    \"Net Weight\": \"0.1 kg\",\n    \"Package Height\": \"22.7 cm\",\n    \"Package Length\": \"12.3 cm\",\n    \"Package Width\": \"12.7 cm\"\n}"
    },
    {
        "product_name": "Versace Yellow Diamond Bright Crystal Set",
        "brand_name": "Versace",
        "brand_url": "https://shop.frankfurt-airport.com/en-US/brand/versace",
        "retailer_name": "Frankfurt Duty Free",
        "retailer_url": "https://shop.frankfurt-airport.com/en-US/retailer/heinemann",
        "price": "\u20ac74.99",
        "price_per_quantity": "",
        "description": "Two precious creations from Versace Parfum's \"crystals' collection\". Bright Crystal and Yellow Diamond are fresh, light and elegant bouquets for confident sensual women. Yellow Diamond Eau de Toilette Spray Spray 30ml + Bright Crystal Eau de Toilette Spray Spray 30mlTwo precious creations from Versace Parfum's \"crystals' collection\". Bright Crystal and Yellow Diamond are fresh, light and elegant bouquets for confident sensual women. Yellow Diamond Eau de Toilette Spray Spray 30ml + Bright Crystal Eau de Toilette Spray Spray 30ml",
        "additional_information": "{\n    \"Target Gender\": \"Female\",\n    \"made in\": \"Italy\",\n    \"Item Number\": \"549862\",\n    \"Product Series\": \"Mixed Lines\",\n    \"Net Weight\": \"0.06 kg\",\n    \"Package Height\": \"10 cm\",\n    \"Package Length\": \"5 cm\",\n    \"Package Width\": \"14 cm\"\n}"
    },
    {
        "product_name": "Versace Red Jeans Eau de Toilette 75 ml",
        "brand_name": "Versace",
        "brand_url": "https://shop.frankfurt-airport.com/en-US/brand/versace",
        "retailer_name": "Frankfurt Duty Free",
        "retailer_url": "https://shop.frankfurt-airport.com/en-US/retailer/heinemann",
        "price": "\u20ac19.90",
        "price_per_quantity": "\u20ac26.53 / 100  ml",
        "description": "A surprising and pungent perfume, a play of contrasts between colour and transparencies and between nature and magic.A surprising and pungent perfume, a play of contrasts between colour and transparencies and between nature and magic.",
        "additional_information": "{\n    \"Order Amount\": \"75 ml\",\n    \"Target Gender\": \"Female\",\n    \"made in\": \"Italy\",\n    \"Type of Fragrance\": \"Eau De Toilette\",\n    \"Item Number\": \"15415\",\n    \"Product Series\": \"Red Jeans\",\n    \"Net Weight\": \"0.075 kg\",\n    \"Package Height\": \"16 cm\",\n    \"Package Length\": \"6.3 cm\",\n    \"Package Width\": \"6.3 cm\"\n}"
    },
    {
        "product_name": "Versace Crystal Noir Eau de Parfum 50 ml",
        "brand_name": "Versace",
        "brand_url": "https://shop.frankfurt-airport.com/en-US/brand/versace",
        "retailer_name": "Frankfurt Duty Free",
        "retailer_url": "https://shop.frankfurt-airport.com/en-US/retailer/heinemann",
        "price": "\u20ac79.99",
        "price_per_quantity": "\u20ac159.98 / 100  ml",
        "description": "Versace Crystal Noir Eau de Parfum the magical fragrance for the \"red carpet\"! A unique fragrance precious, delicate and persistent with and an ultra-feminine oriental floral note. As multi-faceted as a diamond: sensual and enticing, daring and yet reassuring. The modern interpretation of luxury, inspired by the virtuosity and creativity of Versace.Versace Crystal Noir Eau de Parfum the magical fragrance for the \"red carpet\"! A unique fragrance precious, delicate and persistent with and an ultra-feminine oriental floral note. As multi-faceted as a diamond: sensual and enticing, daring and yet reassuring. The modern interpretation of luxury, inspired by the virtuosity and creativity of Versace.",
        "additional_information": "{\n    \"Order Amount\": \"50 ml\",\n    \"Target Gender\": \"Female\",\n    \"made in\": \"Italy\",\n    \"Type of Fragrance\": \"Eau De Parfum\",\n    \"Warning Hints\": \"Avoid eye contact. Keep away from direct heat and sunlight.\",\n    \"Item Number\": \"727928\",\n    \"Product Series\": \"Crystal Noir\",\n    \"Net Weight\": \"0.05 kg\",\n    \"Package Height\": \"9.2 cm\",\n    \"Package Length\": \"9.7 cm\",\n    \"Package Width\": \"7.2 cm\"\n}"
    },
    {
        "product_name": "Versace Pour Homme Set",
        "brand_name": "Versace",
        "brand_url": "https://shop.frankfurt-airport.com/en-US/brand/versace",
        "retailer_name": "Frankfurt Duty Free",
        "retailer_url": "https://shop.frankfurt-airport.com/en-US/retailer/heinemann",
        "price": "\u20ac87.99",
        "price_per_quantity": "",
        "description": "A classic yet surprisingly contemporary aroma,",
        "additional_information": "{\n    \"Target Gender\": \"Male\",\n    \"made in\": \"Italy\",\n    \"Item Number\": \"1683394\",\n    \"Product Series\": \"Pour Homme\",\n    \"Net Weight\": \"0.255 kg\",\n    \"Package Height\": \"6.6 cm\",\n    \"Package Length\": \"22.2 cm\",\n    \"Package Width\": \"25.3 cm\"\n}"
    },
    {
        "product_name": "Versace Eros Set",
        "brand_name": "Versace",
        "brand_url": "https://shop.frankfurt-airport.com/en-US/brand/versace",
        "retailer_name": "Frankfurt Duty Free",
        "retailer_url": "https://shop.frankfurt-airport.com/en-US/retailer/heinemann",
        "price": "\u20ac97.99",
        "price_per_quantity": "",
        "description": "Eros Eau de Parfum embodies excess and provocation.",
        "additional_information": "{\n    \"Target Gender\": \"Male\",\n    \"made in\": \"Italy\",\n    \"Item Number\": \"1683194\",\n    \"Product Series\": \"Eros\",\n    \"Net Weight\": \"0.255 kg\",\n    \"Package Height\": \"6.6 cm\",\n    \"Package Length\": \"19.4 cm\",\n    \"Package Width\": \"35.8 cm\"\n}"
    },
    {
        "product_name": "Versace Dylan Blue pour Femme Eau de Parfum 100 ml",
        "brand_name": "Versace",
        "brand_url": "https://shop.frankfurt-airport.com/en-US/brand/versace",
        "retailer_name": "Frankfurt Duty Free",
        "retailer_url": "https://shop.frankfurt-airport.com/en-US/retailer/heinemann",
        "price": "\u20ac99.99",
        "price_per_quantity": "\u20ac99.99 / 100  ml",
        "description": "Versace pour femme Dylan Blue is a tribute to femininity, elegant and sensual at the same time. Discover this new ultra-elegant perfume by Versace.Versace pour femme Dylan Blue is a tribute to femininity, elegant and sensual at the same time. Discover this new ultra-elegant perfume by Versace.",
        "additional_information": "{\n    \"Order Amount\": \"100 ml\",\n    \"Target Gender\": \"Female\",\n    \"made in\": \"Italy\",\n    \"Type of Fragrance\": \"Eau De Parfum\",\n    \"Warning Hints\": \"Avoid eye contact. Keep away from direct heat and sunlight.\",\n    \"Item Number\": \"1287585\",\n    \"Product Series\": \"Dylan Blue pour Femme\",\n    \"Net Weight\": \"0.1 kg\",\n    \"Package Height\": \"12.5 cm\",\n    \"Package Length\": \"10 cm\",\n    \"Package Width\": \"10 cm\"\n}"
    },
    {
        "product_name": "Versace Eros Eau de Parfum Natural Spray 100 ml",
        "brand_name": "Versace",
        "brand_url": "https://shop.frankfurt-airport.com/en-US/brand/versace",
        "retailer_name": "Frankfurt Duty Free",
        "retailer_url": "https://shop.frankfurt-airport.com/en-US/retailer/heinemann",
        "price": "\u20ac79.99",
        "price_per_quantity": "\u20ac79.99 / 100  ml",
        "description": "Eros, the god of love, whose arrow can make you fall in love, reaches the passionate heights of oriental obsession, from which an unprecedented desire emanates, to the limits of the forbidden. Eros Eau de Parfum embodies excess and provocation. The fragrance has  a signature with strong contrast between the extremely citrusy and the extremely delicate notes. A new chapter based on the depth of its woody accord, rekindled by the radiant, energetic freshness and the intoxicating enhancing oriental character. Eros Eau de Parfum is a fragrance in line with vegan principles. The product contains no intentionally added animal products or animal-derived products such as dairy, eggs, bee products or animal enzymes.Eros, the god of love, whose arrow can make you fall in love, reaches the passionate heights of oriental obsession, from which an unprecedented desire emanates, to the limits of the forbidden. Eros Eau de Parfum embodies excess and provocation. The fragrance has  a signature with strong contrast between the extremely citrusy and the extremely delicate notes. A new chapter based on the depth of its woody accord, rekindled by the radiant, energetic freshness and the intoxicating enhancing oriental character. Eros Eau de Parfum is a fragrance in line with vegan principles. The product contains no intentionally added animal products or animal-derived products such as dairy, eggs, bee products or animal enzymes.",
        "additional_information": "{\n    \"Order Amount\": \"100 ml\",\n    \"Target Gender\": \"Male\",\n    \"made in\": \"Italy\",\n    \"Type of Fragrance\": \"Eau De Parfum\",\n    \"Warning Hints\": \"Avoid eye contact. Keep away from direct heat and sunlight.\",\n    \"Item Number\": \"1471030\",\n    \"Product Series\": \"Eros\",\n    \"Net Weight\": \"0.1 kg\",\n    \"Package Height\": \"12.5 cm\",\n    \"Package Length\": \"8.8 cm\",\n    \"Package Width\": \"4.1 cm\"\n}"
    },
    {
        "product_name": "Versace The Dreamer Eau de Toilette  50 ml",
        "brand_name": "Versace",
        "brand_url": "https://shop.frankfurt-airport.com/en-US/brand/versace",
        "retailer_name": "Frankfurt Duty Free",
        "retailer_url": "https://shop.frankfurt-airport.com/en-US/retailer/heinemann",
        "price": "\u20ac29.90",
        "price_per_quantity": "\u20ac59.80 / 100  ml",
        "description": "A man who knows no limits, who experiences his strength naturally, his elegance spontaneously. A transparent perfume, warm and fresh  at the same time, all around, drawing out natural, intangible, sensual and comforting feelings. A natural velvety freshness a sensual and possessing deepness.A man who knows no limits, who experiences his strength naturally, his elegance spontaneously. A transparent perfume, warm and fresh  at the same time, all around, drawing out natural, intangible, sensual and comforting feelings. A natural velvety freshness a sensual and possessing deepness.",
        "additional_information": "{\n    \"Order Amount\": \"50 ml\",\n    \"Target Gender\": \"Male\",\n    \"made in\": \"Italy\",\n    \"Type of Fragrance\": \"Eau De Toilette\",\n    \"Item Number\": \"13737\",\n    \"Product Series\": \"The Dreamer\",\n    \"Net Weight\": \"0.05 kg\",\n    \"Package Height\": \"12 cm\",\n    \"Package Length\": \"4.9 cm\",\n    \"Package Width\": \"4.5 cm\"\n}"
    },
    {
        "product_name": "Versace Bright Crystal & Bright Crystal Absolu Set",
        "brand_name": "Versace",
        "brand_url": "https://shop.frankfurt-airport.com/en-US/brand/versace",
        "retailer_name": "Frankfurt Duty Free",
        "retailer_url": "https://shop.frankfurt-airport.com/en-US/retailer/heinemann",
        "price": "\u20ac79.99",
        "price_per_quantity": "",
        "description": "Bright Crystal: A precious jewel of timeless elegance characterized by sheer sensuality, crystal tranparency, luminous brightness. A  fresh and floral scent, where iced freshness meets the delicate beauty of peony, magnolia and lotus flowers. For a confident, feminine and sensual woman. Versace introduces bright crystal absolu, the intense version of one of the most beloved jewel-fragrances in the world, where the essence of bright crystal is enhanced to the extreme. A fragrance made even more intoxicating by its enhanced olfactory concentrations and prolonged persistence. For a woman who entrusts her femininity to the timeless seductive power of bright crystal, in harmony with versace glamour. The set cont.: Bright Crystal Eau de Toilette 30 ml + Bright Crystal Absolu Eau de Parfum 30 ml.Bright Crystal: A precious jewel of timeless elegance characterized by sheer sensuality, crystal tranparency, luminous brightness. A  fresh and floral scent, where iced freshness meets the delicate beauty of peony, magnolia and lotus flowers. For a confident, feminine and sensual woman. Versace introduces bright crystal absolu, the intense version of one of the most beloved jewel-fragrances in the world, where the essence of bright crystal is enhanced to the extreme. A fragrance made even more intoxicating by its enhanced olfactory concentrations and prolonged persistence. For a woman who entrusts her femininity to the timeless seductive power of bright crystal, in harmony with versace glamour. The set cont.: Bright Crystal Eau de Toilette 30 ml + Bright Crystal Absolu Eau de Parfum 30 ml.",
        "additional_information": "{\n    \"Target Gender\": \"Female\",\n    \"made in\": \"Italy\",\n    \"Warning Hints\": \"Avoid eye contact. Keep away from direct heat and sunlight.\",\n    \"Item Number\": \"1267794\",\n    \"Product Series\": \"Mixed Lines\",\n    \"Net Weight\": \"0.06 kg\",\n    \"Package Height\": \"4.5 cm\",\n    \"Package Length\": \"9.5 cm\",\n    \"Package Width\": \"13.7 cm\"\n}"
    },
    {
        "product_name": "Versace Eau Fraiche Sets",
        "brand_name": "Versace",
        "brand_url": "https://shop.frankfurt-airport.com/en-US/brand/versace",
        "retailer_name": "Frankfurt Duty Free",
        "retailer_url": "https://shop.frankfurt-airport.com/en-US/retailer/heinemann",
        "price": "\u20ac87.99",
        "price_per_quantity": "",
        "description": "limitiertes Set: Eau de Toilette Spray 100ml + gratis 150ml Shower Gel + gratis Miniature EDT 5mllimitiertes Set: Eau de Toilette Spray 100ml + gratis 150ml Shower Gel + gratis Miniature EDT 5ml",
        "additional_information": "{\n    \"Target Gender\": \"Male\",\n    \"made in\": \"Italy\",\n    \"Warning Hints\": \"Avoid eye contact. Keep away from direct heat and sunlight.\",\n    \"Item Number\": \"1683029\",\n    \"Product Series\": \"Eau Fraiche\",\n    \"Net Weight\": \"0.255 kg\",\n    \"Package Height\": \"6.6 cm\",\n    \"Package Length\": \"22.2 cm\",\n    \"Package Width\": \"25.3 cm\"\n}"
    },
    {
        "product_name": "Versace Dylan Blue Set",
        "brand_name": "Versace",
        "brand_url": "https://shop.frankfurt-airport.com/en-US/brand/versace",
        "retailer_name": "Frankfurt Duty Free",
        "retailer_url": "https://shop.frankfurt-airport.com/en-US/retailer/heinemann",
        "price": "\u20ac87.99",
        "price_per_quantity": "",
        "description": "A foug\u00e8re fragrance.",
        "additional_information": "{\n    \"Target Gender\": \"Male\",\n    \"made in\": \"Italy\",\n    \"Item Number\": \"1683294\",\n    \"Product Series\": \"Dylan Blue\",\n    \"Net Weight\": \"0.255 kg\",\n    \"Package Height\": \"6.6 cm\",\n    \"Package Length\": \"22.2 cm\",\n    \"Package Width\": \"25.3 cm\"\n}"
    },
    {
        "product_name": "Versace Coffret",
        "brand_name": "Versace",
        "brand_url": "https://shop.frankfurt-airport.com/en-US/brand/versace",
        "retailer_name": "Frankfurt Duty Free",
        "retailer_url": "https://shop.frankfurt-airport.com/en-US/retailer/heinemann",
        "price": "\u20ac64.99",
        "price_per_quantity": "",
        "description": "Discover the exclusive miniature collection by Versace with precious creations of timeless elegance and glamorous sensuality. Fresh and intense fragrances with unique, contemporary bouquet`s, full of freshness, vital energy and unforgetable seductive notes.Discover the exclusive miniature collection by Versace with precious creations of timeless elegance and glamorous sensuality. Fresh and intense fragrances with unique, contemporary bouquet`s, full of freshness, vital energy and unforgetable seductive notes.",
        "additional_information": "{\n    \"Target Gender\": \"Female\",\n    \"made in\": \"Italy\",\n    \"Warning Hints\": \"Avoid eye contact. Keep away from direct heat and sunlight.\",\n    \"Item Number\": \"1650871\",\n    \"Product Series\": \"Coffret\",\n    \"Net Weight\": \"0.025 kg\",\n    \"Package Height\": \"9.3 cm\",\n    \"Package Length\": \"3.8 cm\",\n    \"Package Width\": \"26.2 cm\"\n}"
    },
    {
        "product_name": "Versace Eros pour Femme Set",
        "brand_name": "Versace",
        "brand_url": "https://shop.frankfurt-airport.com/en-US/brand/versace",
        "retailer_name": "Frankfurt Duty Free",
        "retailer_url": "https://shop.frankfurt-airport.com/en-US/retailer/heinemann",
        "price": "\u20ac109.99",
        "price_per_quantity": "",
        "description": "Attraction, desire, passion. Eros in a perfume.",
        "additional_information": "{\n    \"Target Gender\": \"Female\",\n    \"made in\": \"Italy\",\n    \"Item Number\": \"1683393\",\n    \"Product Series\": \"Eros pour Femme\",\n    \"Net Weight\": \"0.305 kg\",\n    \"Package Height\": \"6.6 cm\",\n    \"Package Length\": \"19.4 cm\",\n    \"Package Width\": \"35.8 cm\"\n}"
    },
    {
        "product_name": "Versace Eros Energy Eau de Parfum 50 ml",
        "brand_name": "Versace",
        "brand_url": "https://shop.frankfurt-airport.com/en-US/brand/versace",
        "retailer_name": "Frankfurt Duty Free",
        "retailer_url": "https://shop.frankfurt-airport.com/en-US/retailer/heinemann",
        "price": "\u20ac74.99",
        "price_per_quantity": "\u20ac149.98 / 100  ml",
        "description": "Opening with a tantalizing burst of citrus brilliance, it offers a vibrant and uplifting start.",
        "additional_information": "{\n    \"Order Amount\": \"50 ml\",\n    \"Target Gender\": \"Male\",\n    \"made in\": \"Italy\",\n    \"Type of Fragrance\": \"Eau De Parfum\",\n    \"Item Number\": \"1638014\",\n    \"Product Series\": \"Eros Energy\",\n    \"Net Weight\": \"0.05 kg\",\n    \"Package Height\": \"10.7 cm\",\n    \"Package Length\": \"3.8 cm\",\n    \"Package Width\": \"7 cm\"\n}"
    },
    {
        "product_name": "Versace Crystal Noir Set",
        "brand_name": "Versace",
        "brand_url": "https://shop.frankfurt-airport.com/en-US/brand/versace",
        "retailer_name": "Frankfurt Duty Free",
        "retailer_url": "https://shop.frankfurt-airport.com/en-US/retailer/heinemann",
        "price": "\u20ac109.99",
        "price_per_quantity": "",
        "description": "limited Set: Eau de Parfum Spray 90ml + gratis 100ml Bath & Shower Gel + gratis Body Lotion 100ml & gratis Miniature 5mllimited Set: Eau de Parfum Spray 90ml + gratis 100ml Bath & Shower Gel + gratis Body Lotion 100ml & gratis Miniature 5ml",
        "additional_information": "{\n    \"Target Gender\": \"Female\",\n    \"made in\": \"Italy\",\n    \"Warning Hints\": \"Avoid eye contact. Keep away from direct heat and sunlight.\",\n    \"Item Number\": \"1683028\",\n    \"Product Series\": \"Crystal Noir\",\n    \"Net Weight\": \"0.295 kg\",\n    \"Package Height\": \"22.2 cm\",\n    \"Package Length\": \"8 cm\",\n    \"Package Width\": \"30.5 cm\"\n}"
    },
    {
        "product_name": "Versace Bright Crystal Sets",
        "brand_name": "Versace",
        "brand_url": "https://shop.frankfurt-airport.com/en-US/brand/versace",
        "retailer_name": "Frankfurt Duty Free",
        "retailer_url": "https://shop.frankfurt-airport.com/en-US/retailer/heinemann",
        "price": "\u20ac97.99",
        "price_per_quantity": "",
        "description": "limited Set: Eau de Toilette Spray 90ml + gratis 100ml Bath & Shower Gel + gratis Body Lotion 100ml & gratis Miniature 5mllimited Set: Eau de Toilette Spray 90ml + gratis 100ml Bath & Shower Gel + gratis Body Lotion 100ml & gratis Miniature 5ml",
        "additional_information": "{\n    \"Target Gender\": \"Female\",\n    \"made in\": \"Italy\",\n    \"Warning Hints\": \"Avoid eye contact. Keep away from direct heat and sunlight.\",\n    \"Item Number\": \"1683379\",\n    \"Product Series\": \"Bright Crystal\",\n    \"Net Weight\": \"0.295 kg\",\n    \"Package Height\": \"22.7 cm\",\n    \"Package Length\": \"30.5 cm\",\n    \"Package Width\": \"8 cm\"\n}"
    },
    {
        "product_name": "Versace Eros Energy Eau de Parfum 100 ml",
        "brand_name": "Versace",
        "brand_url": "https://shop.frankfurt-airport.com/en-US/brand/versace",
        "retailer_name": "Frankfurt Duty Free",
        "retailer_url": "https://shop.frankfurt-airport.com/en-US/retailer/heinemann",
        "price": "\u20ac97.99",
        "price_per_quantity": "\u20ac97.99 / 100  ml",
        "description": "Opening with a tantalizing burst of citrus brilliance, it offers a vibrant and uplifting start.",
        "additional_information": "{\n    \"Order Amount\": \"100 ml\",\n    \"Target Gender\": \"Male\",\n    \"made in\": \"Italy\",\n    \"Type of Fragrance\": \"Eau De Parfum\",\n    \"Warning Hints\": \"Avoid eye contact. Keep away from direct heat and sunlight.\",\n    \"Item Number\": \"1638072\",\n    \"Product Series\": \"Eros Energy\",\n    \"Net Weight\": \"0.1 kg\",\n    \"Package Height\": \"12.5 cm\",\n    \"Package Length\": \"4.1 cm\",\n    \"Package Width\": \"8.8 cm\"\n}"
    },
    {
        "product_name": "Versace Dylan Purple Eau de Parfum 100 ml",
        "brand_name": "Versace",
        "brand_url": "https://shop.frankfurt-airport.com/en-US/brand/versace",
        "retailer_name": "Frankfurt Duty Free",
        "retailer_url": "https://shop.frankfurt-airport.com/en-US/retailer/heinemann",
        "price": "\u20ac99.99",
        "price_per_quantity": "\u20ac99.99 / 100  ml",
        "description": "Versace pour femme Dylan Purple; the new woman fragrance of Versace takes you on an unforgettable journey. Fresh, fruity and addictive, like a tribute to the iced delights of Italy and its iconic citrus. The floral heart evokes a hypnotic sunset on the water with violet reflections and a delicate scented breeze. Vibrant woods and the elegance of musk recall the golden and reassuring sandVersace pour femme Dylan Purple; the new woman fragrance of Versace takes you on an unforgettable journey. Fresh, fruity and addictive, like a tribute to the iced delights of Italy and its iconic citrus. The floral heart evokes a hypnotic sunset on the water with violet reflections and a delicate scented breeze. Vibrant woods and the elegance of musk recall the golden and reassuring sand",
        "additional_information": "{\n    \"Order Amount\": \"100 ml\",\n    \"Target Gender\": \"Female\",\n    \"made in\": \"Italy\",\n    \"Type of Fragrance\": \"Eau De Parfum\",\n    \"Warning Hints\": \"Avoid eye contact. Keep away from direct heat and sunlight.\",\n    \"Item Number\": \"1535316\",\n    \"Product Series\": \"Dylan Purple\",\n    \"Net Weight\": \"0.1 kg\",\n    \"Package Height\": \"12.5 cm\",\n    \"Package Length\": \"8.8 cm\",\n    \"Package Width\": \"8.5 cm\"\n}"
    },
    {
        "product_name": "Versace Coffret",
        "brand_name": "Versace",
        "brand_url": "https://shop.frankfurt-airport.com/en-US/brand/versace",
        "retailer_name": "Frankfurt Duty Free",
        "retailer_url": "https://shop.frankfurt-airport.com/en-US/retailer/heinemann",
        "price": "\u20ac64.99",
        "price_per_quantity": "",
        "description": "Discover the exclusive miniature collection by Versace with precious creations of timeless elegance. This unique collection with different fresh, floral and intense fragrances is a perfect gift for every occasion.Discover the exclusive miniature collection by Versace with precious creations of timeless elegance. This unique collection with different fresh, floral and intense fragrances is a perfect gift for every occasion.",
        "additional_information": "{\n    \"Target Gender\": \"Female\",\n    \"made in\": \"Italy\",\n    \"Warning Hints\": \"Avoid eye contact. Keep away from direct heat and sunlight.\",\n    \"Item Number\": \"1650741\",\n    \"Product Series\": \"Coffret\",\n    \"Net Weight\": \"0.025 kg\",\n    \"Package Height\": \"9.3 cm\",\n    \"Package Length\": \"3.8 cm\",\n    \"Package Width\": \"26 cm\"\n}"
    },
    {
        "product_name": "Versace Eros Parfum Natural Spray 100 ml",
        "brand_name": "Versace",
        "brand_url": "https://shop.frankfurt-airport.com/en-US/brand/versace",
        "retailer_name": "Frankfurt Duty Free",
        "retailer_url": "https://shop.frankfurt-airport.com/en-US/retailer/heinemann",
        "price": "\u20ac99.99",
        "price_per_quantity": "\u20ac99.99 / 100  ml",
        "description": "Eros, the God of love, whose arrow can make you fall in love, reaches the passionate heights of oriental obsession, from which an unprecedented desire emanates, to the limits of the forbidden.",
        "additional_information": "{\n    \"Order Amount\": \"100 ml\",\n    \"Target Gender\": \"Male\",\n    \"made in\": \"Italy\",\n    \"Type of Fragrance\": \"Parfum\",\n    \"Item Number\": \"1508713\",\n    \"Product Series\": \"Eros\",\n    \"Net Weight\": \"0.1 kg\",\n    \"Package Height\": \"12.5 cm\",\n    \"Package Length\": \"8.8 cm\",\n    \"Package Width\": \"4.1 cm\"\n}"
    },
    {
        "product_name": "Atelier Versace Atelier Safran Royal Eau de Parfum 100 ml",
        "brand_name": "Versace",
        "brand_url": "https://shop.frankfurt-airport.com/en-US/brand/versace",
        "retailer_name": "Frankfurt Duty Free",
        "retailer_url": "https://shop.frankfurt-airport.com/en-US/retailer/heinemann",
        "price": "\u20ac299.99",
        "price_per_quantity": "\u20ac299.99 / 100  ml",
        "description": "Atelier Versace's relentless pursuit of the highest quality materials and exceptional craftsmanship has translated into the creation  of a line of 12 exclusive genderfree fragrances that bears the Atelier Versace name. Safran Royal is a unique interpretation of the  rare and precious character of the world's most expensive spice - saffron. The spicy scent is refreshed with bitter-sweet Moroccan wormwood, leather and amber olfactory notes. Indian cypriol, Indonesian patchouli and Spanish citrus are beguiling touches.Atelier Versace's relentless pursuit of the highest quality materials and exceptional craftsmanship has translated into the creation  of a line of 12 exclusive genderfree fragrances that bears the Atelier Versace name. Safran Royal is a unique interpretation of the  rare and precious character of the world's most expensive spice - saffron. The spicy scent is refreshed with bitter-sweet Moroccan wormwood, leather and amber olfactory notes. Indian cypriol, Indonesian patchouli and Spanish citrus are beguiling touches.",
        "additional_information": "{\n    \"Order Amount\": \"100 ml\",\n    \"Target Gender\": \"Female\",\n    \"made in\": \"Italy\",\n    \"Type of Fragrance\": \"Eau De Parfum\",\n    \"Warning Hints\": \"Avoid eye contact. Keep away from direct heat and sunlight.\",\n    \"Item Number\": \"1509447\",\n    \"Product Series\": \"Atelier Versace\",\n    \"Net Weight\": \"0.1 kg\",\n    \"Package Height\": \"20 cm\",\n    \"Package Length\": \"10.5 cm\",\n    \"Package Width\": \"10.8 cm\"\n}"
    },
    {
        "product_name": "Versace Crystal Noir Parfum 50 ml",
        "brand_name": "Versace",
        "brand_url": "https://shop.frankfurt-airport.com/en-US/brand/versace",
        "retailer_name": "Frankfurt Duty Free",
        "retailer_url": "https://shop.frankfurt-airport.com/en-US/retailer/heinemann",
        "price": "\u20ac124.99",
        "price_per_quantity": "\u20ac249.98 / 100  ml",
        "description": "ELEGANCE, UNIQUENESS, DARING, LUXURY- this embodies the woman fragrance Versace Crystal Noir. Its enchanting ambery -floral aromas are as multifaceted and precious as only a black diamond can be. An absolutely ultra-feminine and magical fragrance.ELEGANCE, UNIQUENESS, DARING, LUXURY- this embodies the woman fragrance Versace Crystal Noir. Its enchanting ambery -floral aromas are as multifaceted and precious as only a black diamond can be. An absolutely ultra-feminine and magical fragrance.",
        "additional_information": "{\n    \"Order Amount\": \"50 ml\",\n    \"Target Gender\": \"Female\",\n    \"made in\": \"Italy\",\n    \"Type of Fragrance\": \"Parfum\",\n    \"Warning Hints\": \"Avoid eye contact. Keep away from direct heat and sunlight.\",\n    \"Item Number\": \"1628310\",\n    \"Product Series\": \"Crystal Noir\",\n    \"Net Weight\": \"0.05 kg\",\n    \"Package Height\": \"9.5 cm\",\n    \"Package Length\": \"7.2 cm\",\n    \"Package Width\": \"9.8 cm\"\n}"
    },
    {
        "product_name": "Versace Dylan Purple Eau de Parfum 50 ml",
        "brand_name": "Versace",
        "brand_url": "https://shop.frankfurt-airport.com/en-US/brand/versace",
        "retailer_name": "Frankfurt Duty Free",
        "retailer_url": "https://shop.frankfurt-airport.com/en-US/retailer/heinemann",
        "price": "\u20ac79.99",
        "price_per_quantity": "\u20ac159.98 / 100  ml",
        "description": "Versace pour femme Dylan Purple; the new woman fragrance of Versace takes you on an unforgettable journey. Fresh, fruity and addictive, like a tribute to the iced delights of Italy and its iconic citrus. The floral heart evokes a hypnotic sunset on the water with violet reflections and a delicate scented breeze. Vibrant woods and the elegance of musk recall the golden and reassuring sandVersace pour femme Dylan Purple; the new woman fragrance of Versace takes you on an unforgettable journey. Fresh, fruity and addictive, like a tribute to the iced delights of Italy and its iconic citrus. The floral heart evokes a hypnotic sunset on the water with violet reflections and a delicate scented breeze. Vibrant woods and the elegance of musk recall the golden and reassuring sand",
        "additional_information": "{\n    \"Order Amount\": \"50 ml\",\n    \"Target Gender\": \"Female\",\n    \"made in\": \"Italy\",\n    \"Type of Fragrance\": \"Eau De Parfum\",\n    \"Warning Hints\": \"Avoid eye contact. Keep away from direct heat and sunlight.\",\n    \"Item Number\": \"1535315\",\n    \"Product Series\": \"Dylan Purple\",\n    \"Net Weight\": \"0.05 kg\",\n    \"Package Height\": \"11.2 cm\",\n    \"Package Length\": \"7.2 cm\",\n    \"Package Width\": \"7.4 cm\"\n}"
    },
    {
        "product_name": "Atelier Versace Atelier Vanille Rouge Eau de Parfum 100 ml",
        "brand_name": "Versace",
        "brand_url": "https://shop.frankfurt-airport.com/en-US/brand/versace",
        "retailer_name": "Frankfurt Duty Free",
        "retailer_url": "https://shop.frankfurt-airport.com/en-US/retailer/heinemann",
        "price": "\u20ac299.99",
        "price_per_quantity": "\u20ac299.99 / 100  ml",
        "description": "Atelier Versace's relentless pursuit of the highest quality materials and exceptional craftsmanship has translated into the creation  of a line of 12 exclusive genderfree fragrances that bears the Atelier Versace name. Vanilla Rouge puts the Madagascar vanilla in the foreground, which smells even more beguiling thanks to a praline accord. The sweet tones are accompanied by a powdery musk accord and an unexpected rose note, which give the fragrance sensuality.Atelier Versace's relentless pursuit of the highest quality materials and exceptional craftsmanship has translated into the creation  of a line of 12 exclusive genderfree fragrances that bears the Atelier Versace name. Vanilla Rouge puts the Madagascar vanilla in the foreground, which smells even more beguiling thanks to a praline accord. The sweet tones are accompanied by a powdery musk accord and an unexpected rose note, which give the fragrance sensuality.",
        "additional_information": "{\n    \"Order Amount\": \"100 ml\",\n    \"Target Gender\": \"Female\",\n    \"made in\": \"Italy\",\n    \"Type of Fragrance\": \"Eau De Parfum\",\n    \"Warning Hints\": \"Avoid eye contact. Keep away from direct heat and sunlight.\",\n    \"Item Number\": \"1509441\",\n    \"Product Series\": \"Atelier Versace\",\n    \"Net Weight\": \"0.1 kg\",\n    \"Package Height\": \"20 cm\",\n    \"Package Length\": \"10.5 cm\",\n    \"Package Width\": \"10.8 cm\"\n}"
    },
    {
        "product_name": "Versace Bright Crystal Parfum 50 ml",
        "brand_name": "Versace",
        "brand_url": "https://shop.frankfurt-airport.com/en-US/brand/versace",
        "retailer_name": "Frankfurt Duty Free",
        "retailer_url": "https://shop.frankfurt-airport.com/en-US/retailer/heinemann",
        "price": "\u20ac124.99",
        "price_per_quantity": "\u20ac249.98 / 100  ml",
        "description": "Sheer sensuality, crystal transparency, and luminous brightness \u2013 this is the new Bright Crystal Parfum by Versace. It comes in a bottle of timeless elegance, a precious jewel of rare beauty characterized by fresh, vibrant, flowery scent. Enriched by a surprising accord of caramelized red fruits, illuminated floral, sophisticated woody - ambery facets reach a new level of addiction.Sheer sensuality, crystal transparency, and luminous brightness \u2013 this is the new Bright Crystal Parfum by Versace. It comes in a bottle of timeless elegance, a precious jewel of rare beauty characterized by fresh, vibrant, flowery scent. Enriched by a surprising accord of caramelized red fruits, illuminated floral, sophisticated woody - ambery facets reach a new level of addiction.",
        "additional_information": "{\n    \"Order Amount\": \"50 ml\",\n    \"Target Gender\": \"Female\",\n    \"made in\": \"Italy\",\n    \"Type of Fragrance\": \"Parfum\",\n    \"Warning Hints\": \"Avoid eye contact. Keep away from direct heat and sunlight.\",\n    \"Item Number\": \"1628073\",\n    \"Product Series\": \"Bright Crystal\",\n    \"Net Weight\": \"0.05 kg\",\n    \"Package Height\": \"9.5 cm\",\n    \"Package Length\": \"7.2 cm\",\n    \"Package Width\": \"9.7 cm\"\n}"
    },
    {
        "product_name": "Versace Crystal Noir Parfum 90 ml",
        "brand_name": "Versace",
        "brand_url": "https://shop.frankfurt-airport.com/en-US/brand/versace",
        "retailer_name": "Frankfurt Duty Free",
        "retailer_url": "https://shop.frankfurt-airport.com/en-US/retailer/heinemann",
        "price": "\u20ac159.99",
        "price_per_quantity": "\u20ac177.77 / 100  ml",
        "description": "ELEGANCE, UNIQUENESS, DARING, LUXURY- this embodies the woman fragrance Versace Crystal Noir. Its enchanting ambery -floral aromas are as multifaceted and precious as only a black diamond can be. An absolutely ultra-feminine and magical fragrance.ELEGANCE, UNIQUENESS, DARING, LUXURY- this embodies the woman fragrance Versace Crystal Noir. Its enchanting ambery -floral aromas are as multifaceted and precious as only a black diamond can be. An absolutely ultra-feminine and magical fragrance.",
        "additional_information": "{\n    \"Order Amount\": \"90 ml\",\n    \"Target Gender\": \"Female\",\n    \"made in\": \"Italy\",\n    \"Type of Fragrance\": \"Parfum\",\n    \"Warning Hints\": \"Avoid eye contact. Keep away from direct heat and sunlight.\",\n    \"Item Number\": \"1628017\",\n    \"Product Series\": \"Crystal Noir\",\n    \"Net Weight\": \"0.09 kg\",\n    \"Package Height\": \"11.5 cm\",\n    \"Package Length\": \"9.5 cm\",\n    \"Package Width\": \"7 cm\"\n}"
    },
    {
        "product_name": "Versace Eros Eau de Parfum Natural Spray 50 ml",
        "brand_name": "Versace",
        "brand_url": "https://shop.frankfurt-airport.com/en-US/brand/versace",
        "retailer_name": "Frankfurt Duty Free",
        "retailer_url": "https://shop.frankfurt-airport.com/en-US/retailer/heinemann",
        "price": "\u20ac59.99",
        "price_per_quantity": "\u20ac119.98 / 100  ml",
        "description": "Eros, the god of love, whose arrow can make you fall in love, reaches the passionate heights of oriental obsession, from which an unprecedented desire emanates, to the limits of the forbidden. Eros Eau de Parfum embodies excess and provocation. The fragrance has  a signature with strong contrast between the extremely citrusy and the extremely delicate notes. A new chapter based on the depth of its woody accord, rekindled by the radiant, energetic freshness and the intoxicating enhancing oriental character. Eros Eau de Parfum is a fragrance in line with vegan principles. The product contains no intentionally added animal products or animal-derived products such as dairy, eggs, bee products or animal enzymes.Eros, the god of love, whose arrow can make you fall in love, reaches the passionate heights of oriental obsession, from which an unprecedented desire emanates, to the limits of the forbidden. Eros Eau de Parfum embodies excess and provocation. The fragrance has  a signature with strong contrast between the extremely citrusy and the extremely delicate notes. A new chapter based on the depth of its woody accord, rekindled by the radiant, energetic freshness and the intoxicating enhancing oriental character. Eros Eau de Parfum is a fragrance in line with vegan principles. The product contains no intentionally added animal products or animal-derived products such as dairy, eggs, bee products or animal enzymes.",
        "additional_information": "{\n    \"Order Amount\": \"50 ml\",\n    \"Target Gender\": \"Male\",\n    \"made in\": \"Italy\",\n    \"Type of Fragrance\": \"Eau De Parfum\",\n    \"Warning Hints\": \"Avoid eye contact. Keep away from direct heat and sunlight.\",\n    \"Item Number\": \"1471029\",\n    \"Product Series\": \"Eros\",\n    \"Net Weight\": \"0.05 kg\",\n    \"Package Height\": \"10.7 cm\",\n    \"Package Length\": \"7 cm\",\n    \"Package Width\": \"3.8 cm\"\n}"
    },
    {
        "product_name": "Atelier Versace Atelier Fleur De Mate Eau de Parfum 100 ml",
        "brand_name": "Versace",
        "brand_url": "https://shop.frankfurt-airport.com/en-US/brand/versace",
        "retailer_name": "Frankfurt Duty Free",
        "retailer_url": "https://shop.frankfurt-airport.com/en-US/retailer/heinemann",
        "price": "\u20ac299.99",
        "price_per_quantity": "\u20ac299.99 / 100  ml",
        "description": "Atelier Versace's relentless pursuit of the highest quality materials and exceptional craftsmanship has translated into the creation  of a line of 12 exclusive genderfree fragrances that bears the Atelier Versace name. Fleur de Mat\u00e9 is a celebration of earth and nature, centering on atlas cedarwood, patchouli and cypriol. Mat\u00e9 Absolute top notes mingle with smoke and leather tones, while balsamic facets of cistus envelope the precious notes of incense.Atelier Versace's relentless pursuit of the highest quality materials and exceptional craftsmanship has translated into the creation  of a line of 12 exclusive genderfree fragrances that bears the Atelier Versace name. Fleur de Mat\u00e9 is a celebration of earth and nature, centering on atlas cedarwood, patchouli and cypriol. Mat\u00e9 Absolute top notes mingle with smoke and leather tones, while balsamic facets of cistus envelope the precious notes of incense.",
        "additional_information": "{\n    \"Order Amount\": \"100 ml\",\n    \"Target Gender\": \"Female\",\n    \"made in\": \"Italy\",\n    \"Type of Fragrance\": \"Eau De Parfum\",\n    \"Warning Hints\": \"Avoid eye contact. Keep away from direct heat and sunlight.\",\n    \"Item Number\": \"1509443\",\n    \"Product Series\": \"Atelier Versace\",\n    \"Net Weight\": \"0.1 kg\",\n    \"Package Height\": \"20 cm\",\n    \"Package Length\": \"10.5 cm\",\n    \"Package Width\": \"10.8 cm\"\n}"
    },
    {
        "product_name": "Atelier Versace Atelier Gingembre Petillant Eau de Parfum 100 ml",
        "brand_name": "Versace",
        "brand_url": "https://shop.frankfurt-airport.com/en-US/brand/versace",
        "retailer_name": "Frankfurt Duty Free",
        "retailer_url": "https://shop.frankfurt-airport.com/en-US/retailer/heinemann",
        "price": "\u20ac299.99",
        "price_per_quantity": "\u20ac299.99 / 100  ml",
        "description": "Atelier Versace's relentless pursuit of the highest quality materials and exceptional craftsmanship has translated into the creation  of a line of 12 exclusive genderfree fragrances that bears the Atelier Versace name. Full of bright contrasts, Gingembre P\u00e9tillant is a powerful , sparkling fragrance of Laos red ginger, white blooms, a praline accord and warm vanilla.Atelier Versace's relentless pursuit of the highest quality materials and exceptional craftsmanship has translated into the creation  of a line of 12 exclusive genderfree fragrances that bears the Atelier Versace name. Full of bright contrasts, Gingembre P\u00e9tillant is a powerful , sparkling fragrance of Laos red ginger, white blooms, a praline accord and warm vanilla.",
        "additional_information": "{\n    \"Order Amount\": \"100 ml\",\n    \"Target Gender\": \"Female\",\n    \"made in\": \"Italy\",\n    \"Type of Fragrance\": \"Eau De Parfum\",\n    \"Warning Hints\": \"Avoid eye contact. Keep away from direct heat and sunlight.\",\n    \"Item Number\": \"1509449\",\n    \"Product Series\": \"Atelier Versace\",\n    \"Net Weight\": \"0.1 kg\",\n    \"Package Height\": \"20.2 cm\",\n    \"Package Length\": \"10.4 cm\",\n    \"Package Width\": \"10.9 cm\"\n}"
    },
    {
        "product_name": "Atelier Versace Atelier Figue Blanche Eau de Parfum 100 ml",
        "brand_name": "Versace",
        "brand_url": "https://shop.frankfurt-airport.com/en-US/brand/versace",
        "retailer_name": "Frankfurt Duty Free",
        "retailer_url": "https://shop.frankfurt-airport.com/en-US/retailer/heinemann",
        "price": "\u20ac299.99",
        "price_per_quantity": "\u20ac299.99 / 100  ml",
        "description": "Atelier Versace's relentless pursuit of the highest quality materials and exceptional craftsmanship has translated into the creation  of a line of 12 exclusive genderfree fragrances that bears the Atelier Versace name. Figue Blanche encompasses fresh fig notes mixed with the pulp and essential oils of the Italian mandarin. The warm olfactory tones are complemented with zesty hints of bergamot and neroli. The fragrance is enriched with jasmine and rose petals.Atelier Versace's relentless pursuit of the highest quality materials and exceptional craftsmanship has translated into the creation  of a line of 12 exclusive genderfree fragrances that bears the Atelier Versace name. Figue Blanche encompasses fresh fig notes mixed with the pulp and essential oils of the Italian mandarin. The warm olfactory tones are complemented with zesty hints of bergamot and neroli. The fragrance is enriched with jasmine and rose petals.",
        "additional_information": "{\n    \"Order Amount\": \"100 ml\",\n    \"Target Gender\": \"Female\",\n    \"made in\": \"Italy\",\n    \"Type of Fragrance\": \"Eau De Parfum\",\n    \"Warning Hints\": \"Avoid eye contact. Keep away from direct heat and sunlight.\",\n    \"Item Number\": \"1509433\",\n    \"Product Series\": \"Atelier Versace\",\n    \"Net Weight\": \"0.1 kg\",\n    \"Package Height\": \"20 cm\",\n    \"Package Length\": \"10.5 cm\",\n    \"Package Width\": \"10.8 cm\"\n}"
    },
    {
        "product_name": "Atelier Versace Atelier Encens Supreme Eau de Parfum 100 ml",
        "brand_name": "Versace",
        "brand_url": "https://shop.frankfurt-airport.com/en-US/brand/versace",
        "retailer_name": "Frankfurt Duty Free",
        "retailer_url": "https://shop.frankfurt-airport.com/en-US/retailer/heinemann",
        "price": "\u20ac299.99",
        "price_per_quantity": "\u20ac299.99 / 100  ml",
        "description": "Atelier Versace's relentless pursuit of the highest quality materials and exceptional craftsmanship has translated into the creation  of a line of 12 exclusive genderfree fragrances that bears the Atelier Versace name. The Encens Supr\u00eame scent begins with a smoky accord where coriander, associated to the clean aspect of cashmere wood, embraces the imperial character of incense and deep Spanish citrus.Atelier Versace's relentless pursuit of the highest quality materials and exceptional craftsmanship has translated into the creation  of a line of 12 exclusive genderfree fragrances that bears the Atelier Versace name. The Encens Supr\u00eame scent begins with a smoky accord where coriander, associated to the clean aspect of cashmere wood, embraces the imperial character of incense and deep Spanish citrus.",
        "additional_information": "{\n    \"Order Amount\": \"100 ml\",\n    \"Target Gender\": \"Female\",\n    \"made in\": \"Italy\",\n    \"Type of Fragrance\": \"Eau De Parfum\",\n    \"Warning Hints\": \"Avoid eye contact. Keep away from direct heat and sunlight.\",\n    \"Item Number\": \"1509451\",\n    \"Product Series\": \"Atelier Versace\",\n    \"Net Weight\": \"0.1 kg\",\n    \"Package Height\": \"20 cm\",\n    \"Package Length\": \"10.5 cm\",\n    \"Package Width\": \"10.8 cm\"\n}"
    },
    {
        "product_name": "Versace Eros Pour Femme Eau de Parfum 100 ml",
        "brand_name": "Versace",
        "brand_url": "https://shop.frankfurt-airport.com/en-US/brand/versace",
        "retailer_name": "Frankfurt Duty Free",
        "retailer_url": "https://shop.frankfurt-airport.com/en-US/retailer/heinemann",
        "price": "\u20ac114.99",
        "price_per_quantity": "\u20ac114.99 / 100  ml",
        "description": "Here comes the new fragrance from Versace: Eros pour femme the complement to the popular men\u2019s edition \"Eros\" from 2012. \u201cEros is God of love and the goal of Eros Pour Femme campaign was to present that Eros was seduced and to suggest the strength of a woman,\u201d said Donatella Versace. The composition of the new perfume for women Eros Pour Femme opens with Sicilian lemon, Calabrian bergamot and pomegranate accords, with a heart of lemon, sambac jasmine absolute, jasmine infusion and peony. The base incorporates sandalwood, ambrox, musk and various woody notes.Here comes the new fragrance from Versace: Eros pour femme the complement to the popular men\u2019s edition \"Eros\" from 2012. \u201cEros is God of love and the goal of Eros Pour Femme campaign was to present that Eros was seduced and to suggest the strength of a woman,\u201d said Donatella Versace. The composition of the new perfume for women Eros Pour Femme opens with Sicilian lemon, Calabrian bergamot and pomegranate accords, with a heart of lemon, sambac jasmine absolute, jasmine infusion and peony. The base incorporates sandalwood, ambrox, musk and various woody notes.",
        "additional_information": "{\n    \"Order Amount\": \"100 ml\",\n    \"Target Gender\": \"Female\",\n    \"made in\": \"Italy\",\n    \"Type of Fragrance\": \"Eau De Parfum\",\n    \"Item Number\": \"1114816\",\n    \"Product Series\": \"Eros pour Femme\",\n    \"Net Weight\": \"0.1 kg\",\n    \"Package Height\": \"5 cm\",\n    \"Package Length\": \"16 cm\",\n    \"Package Width\": \"12.5 cm\"\n}"
    },
    {
        "product_name": "Versace Eros Flame Eau de Parfum 100 ml",
        "brand_name": "Versace",
        "brand_url": "https://shop.frankfurt-airport.com/en-US/brand/versace",
        "retailer_name": "Frankfurt Duty Free",
        "retailer_url": "https://shop.frankfurt-airport.com/en-US/retailer/heinemann",
        "price": "\u20ac79.99",
        "price_per_quantity": "\u20ac79.99 / 100  ml",
        "description": "Eros Flame the new men's fragrance by Versace strikes you right through the heart. It bears an important message for new generations  about the dignity of love and the power of diversity. Versace Eros Flame is a fragrance for a strong, passionate, self-confident man who is deeply in touch with his emotions. Versace Eros Flame is characterised by strong contrasts. The particularly lively juicy  freshness of Italian citrus fruits is enveloped by warm aromatic notes, which are enriched by flowers and precious woody notes to inflame a sensual fire. Versace Eros Flame is an ode to passion and a celebration of sensuous rapture.Eros Flame the new men's fragrance by Versace strikes you right through the heart. It bears an important message for new generations  about the dignity of love and the power of diversity. Versace Eros Flame is a fragrance for a strong, passionate, self-confident man who is deeply in touch with his emotions. Versace Eros Flame is characterised by strong contrasts. The particularly lively juicy  freshness of Italian citrus fruits is enveloped by warm aromatic notes, which are enriched by flowers and precious woody notes to inflame a sensual fire. Versace Eros Flame is an ode to passion and a celebration of sensuous rapture.",
        "additional_information": "{\n    \"Order Amount\": \"100 ml\",\n    \"Target Gender\": \"Male\",\n    \"made in\": \"Italy\",\n    \"Type of Fragrance\": \"Eau De Parfum\",\n    \"Warning Hints\": \"Avoid eye contact. Keep away from direct heat and sunlight.\",\n    \"Item Number\": \"1350008\",\n    \"Product Series\": \"Eros Flame\",\n    \"Net Weight\": \"0.1 kg\",\n    \"Package Height\": \"12.5 cm\",\n    \"Package Length\": \"8.8 cm\",\n    \"Package Width\": \"4.1 cm\"\n}"
    },
    {
        "product_name": "Versace Dylan Blue Parfum Natural Spray 50 ml",
        "brand_name": "Versace",
        "brand_url": "https://shop.frankfurt-airport.com/en-US/brand/versace",
        "retailer_name": "Frankfurt Duty Free",
        "retailer_url": "https://shop.frankfurt-airport.com/en-US/retailer/heinemann",
        "price": "\u20ac79.99",
        "price_per_quantity": "\u20ac159.98 / 100  ml",
        "description": "Versace pour femme Dylan Blue is a tribute to femininity, elegant and sensual at the same time. Discover this new ultra-elegant perfume by Versace.Versace pour femme Dylan Blue is a tribute to femininity, elegant and sensual at the same time. Discover this new ultra-elegant perfume by Versace.",
        "additional_information": "{\n    \"Order Amount\": \"50 ml\",\n    \"Target Gender\": \"Female\",\n    \"made in\": \"Italy\",\n    \"Type of Fragrance\": \"Eau De Parfum\",\n    \"Warning Hints\": \"Avoid eye contact. Keep away from direct heat and sunlight.\",\n    \"Item Number\": \"1287584\",\n    \"Product Series\": \"Dylan Blue pour Femme\",\n    \"Net Weight\": \"0.05 kg\",\n    \"Package Height\": \"11 cm\",\n    \"Package Length\": \"8.5 cm\",\n    \"Package Width\": \"8.5 cm\"\n}"
    },
    {
        "product_name": "Versace Eros Pour Femme Eau de Toilette 100 ml",
        "brand_name": "Versace",
        "brand_url": "https://shop.frankfurt-airport.com/en-US/brand/versace",
        "retailer_name": "Frankfurt Duty Free",
        "retailer_url": "https://shop.frankfurt-airport.com/en-US/retailer/heinemann",
        "price": "\u20ac94.99",
        "price_per_quantity": "\u20ac94.99 / 100  ml",
        "description": "The absolute embodiment of female seduction, captured in a bright - sensual scent. The mystery of creation lies in the interplay of fine citrus notes, spicy fruit flavors, intense floral and radiant woody notes.The absolute embodiment of female seduction, captured in a bright - sensual scent. The mystery of creation lies in the interplay of fine citrus notes, spicy fruit flavors, intense floral and radiant woody notes.",
        "additional_information": "{\n    \"Order Amount\": \"100 ml\",\n    \"Target Gender\": \"Female\",\n    \"made in\": \"Italy\",\n    \"Type of Fragrance\": \"Eau De Toilette\",\n    \"Warning Hints\": \"Avoid eye contact. Keep away from direct heat and sunlight.\",\n    \"Item Number\": \"1203952\",\n    \"Product Series\": \"Eros pour Femme\",\n    \"Net Weight\": \"0.1 kg\",\n    \"Package Height\": \"4 cm\",\n    \"Package Length\": \"13 cm\",\n    \"Package Width\": \"13 cm\"\n}"
    },
    {
        "product_name": "Versace Eros Flame Deodorant Stick  75 g",
        "brand_name": "Versace",
        "brand_url": "https://shop.frankfurt-airport.com/en-US/brand/versace",
        "retailer_name": "Frankfurt Duty Free",
        "retailer_url": "https://shop.frankfurt-airport.com/en-US/retailer/heinemann",
        "price": "\u20ac29.99",
        "price_per_quantity": "\u20ac39.99 / 100  ml",
        "description": "Eros Flame the new men's fragrance by Versace strikes you right through the heart. It bears an important message for new generations  about the dignity of love and the power of diversity. Versace Eros Flame is a fragrance for a strong, passionate, self-confident man who is deeply in touch with his emotions. Versace Eros Flame is characterised by strong contrasts. The particularly lively juicy  freshness of Italian citrus fruits is enveloped by warm aromatic notes, which are enriched by flowers and precious woody notes to inflame a sensual fire. Versace Eros Flame is an ode to passion and a celebration of sensuous rapture.Eros Flame the new men's fragrance by Versace strikes you right through the heart. It bears an important message for new generations  about the dignity of love and the power of diversity. Versace Eros Flame is a fragrance for a strong, passionate, self-confident man who is deeply in touch with his emotions. Versace Eros Flame is characterised by strong contrasts. The particularly lively juicy  freshness of Italian citrus fruits is enveloped by warm aromatic notes, which are enriched by flowers and precious woody notes to inflame a sensual fire. Versace Eros Flame is an ode to passion and a celebration of sensuous rapture.",
        "additional_information": "{\n    \"Order Amount\": \"75 ml\",\n    \"Target Gender\": \"Male\",\n    \"made in\": \"Italy\",\n    \"Warning Hints\": \"Avoid eye contact. Keep away from direct heat and sunlight.\",\n    \"Item Number\": \"1350045\",\n    \"Product Series\": \"Eros Flame\",\n    \"Net Weight\": \"0.075 kg\",\n    \"Package Height\": \"10.5 cm\",\n    \"Package Length\": \"5 cm\",\n    \"Package Width\": \"5 cm\"\n}"
    },
    {
        "product_name": "Versace Dylan Blue Deodorant Stick 75 ml",
        "brand_name": "Versace",
        "brand_url": "https://shop.frankfurt-airport.com/en-US/brand/versace",
        "retailer_name": "Frankfurt Duty Free",
        "retailer_url": "https://shop.frankfurt-airport.com/en-US/retailer/heinemann",
        "price": "\u20ac29.99",
        "price_per_quantity": "\u20ac39.99 / 100  ml",
        "description": "Dylan Blue is the essence of the Versace man today. It\u2019s a distinctive masculine fragrance full of character and individuality. Extraordinary woody aroma refined, combined with Mediterranean freshness and Aquatic notes, sets off the intense and seductive character of this fragrance.Dylan Blue is the essence of the Versace man today. It\u2019s a distinctive masculine fragrance full of character and individuality. Extraordinary woody aroma refined, combined with Mediterranean freshness and Aquatic notes, sets off the intense and seductive character of this fragrance.",
        "additional_information": "{\n    \"Order Amount\": \"75 ml\",\n    \"Target Gender\": \"Male\",\n    \"made in\": \"Italy\",\n    \"Warning Hints\": \"Avoid eye contact. Keep away from direct heat and sunlight.\",\n    \"Item Number\": \"1203950\",\n    \"Product Series\": \"Dylan Blue\",\n    \"Net Weight\": \"0.075 kg\",\n    \"Package Height\": \"10.5 cm\",\n    \"Package Length\": \"5 cm\",\n    \"Package Width\": \"5 cm\"\n}"
    },
    {
        "product_name": "Versace Pour Homme Oud Noir Eau de Parfum 100 ml",
        "brand_name": "Versace",
        "brand_url": "https://shop.frankfurt-airport.com/en-US/brand/versace",
        "retailer_name": "Frankfurt Duty Free",
        "retailer_url": "https://shop.frankfurt-airport.com/en-US/retailer/heinemann",
        "price": "\u20ac119.99",
        "price_per_quantity": "\u20ac119.99 / 100  ml",
        "description": "The seduction of a sunset on a desert; a sensual heady aroma. A fragrance for men designed for lovers of oriental fragrances, for a man with a strong personality. An intense and regal composition; spicy and with a deep scent of leather.The seduction of a sunset on a desert; a sensual heady aroma. A fragrance for men designed for lovers of oriental fragrances, for a man with a strong personality. An intense and regal composition; spicy and with a deep scent of leather.",
        "additional_information": "{\n    \"Order Amount\": \"100 ml\",\n    \"Target Gender\": \"Male\",\n    \"made in\": \"Italy\",\n    \"Type of Fragrance\": \"Eau De Parfum\",\n    \"Warning Hints\": \"Keep away from direct heat and sunlight.\",\n    \"Item Number\": \"1043098\",\n    \"Product Series\": \"Pour Homme Oud Noir\",\n    \"Net Weight\": \"0.1 kg\",\n    \"Package Height\": \"14 cm\",\n    \"Package Length\": \"7.5 cm\",\n    \"Package Width\": \"4 cm\"\n}"
    },
    {
        "product_name": "Versace Crystal Noir Eau de Parfum 90 ml",
        "brand_name": "Versace",
        "brand_url": "https://shop.frankfurt-airport.com/en-US/brand/versace",
        "retailer_name": "Frankfurt Duty Free",
        "retailer_url": "https://shop.frankfurt-airport.com/en-US/retailer/heinemann",
        "price": "\u20ac99.99",
        "price_per_quantity": "\u20ac111.10 / 100  ml",
        "description": "Versace Crystal Noir Eau de Parfum the magical fragrance for the \"red carpet\"! A unique fragrance precious, delicate and persistent with and an ultra-feminine oriental floral note. As multi-faceted as a diamond: sensual and enticing, daring and yet reassuring. The modern interpretation of luxury, inspired by the virtuosity and creativity of Versace.Versace Crystal Noir Eau de Parfum the magical fragrance for the \"red carpet\"! A unique fragrance precious, delicate and persistent with and an ultra-feminine oriental floral note. As multi-faceted as a diamond: sensual and enticing, daring and yet reassuring. The modern interpretation of luxury, inspired by the virtuosity and creativity of Versace.",
        "additional_information": "{\n    \"Order Amount\": \"90 ml\",\n    \"Target Gender\": \"Female\",\n    \"made in\": \"Italy\",\n    \"Type of Fragrance\": \"Eau De Parfum\",\n    \"Warning Hints\": \"Avoid eye contact. Keep away from direct heat and sunlight.\",\n    \"Item Number\": \"727927\",\n    \"Product Series\": \"Crystal Noir\",\n    \"Net Weight\": \"0.09 kg\",\n    \"Package Height\": \"11.5 cm\",\n    \"Package Length\": \"7.5 cm\",\n    \"Package Width\": \"10 cm\"\n}"
    },
    {
        "product_name": "Versace Eros Flame Eau de Parfum 50 ml",
        "brand_name": "Versace",
        "brand_url": "https://shop.frankfurt-airport.com/en-US/brand/versace",
        "retailer_name": "Frankfurt Duty Free",
        "retailer_url": "https://shop.frankfurt-airport.com/en-US/retailer/heinemann",
        "price": "\u20ac59.99",
        "price_per_quantity": "\u20ac119.98 / 100  ml",
        "description": "Eros Flame the new men's fragrance by Versace strikes you right through the heart. It bears an important message for new generations  about the dignity of love and the power of diversity. Versace Eros Flame is a fragrance for a strong, passionate, self-confident man who is deeply in touch with his emotions. Versace Eros Flame is characterised by strong contrasts. The particularly lively juicy  freshness of Italian citrus fruits is enveloped by warm aromatic notes, which are enriched by flowers and precious woody notes to inflame a sensual fire. Versace Eros Flame is an ode to passion and a celebration of sensuous rapture.Eros Flame the new men's fragrance by Versace strikes you right through the heart. It bears an important message for new generations  about the dignity of love and the power of diversity. Versace Eros Flame is a fragrance for a strong, passionate, self-confident man who is deeply in touch with his emotions. Versace Eros Flame is characterised by strong contrasts. The particularly lively juicy  freshness of Italian citrus fruits is enveloped by warm aromatic notes, which are enriched by flowers and precious woody notes to inflame a sensual fire. Versace Eros Flame is an ode to passion and a celebration of sensuous rapture.",
        "additional_information": "{\n    \"Order Amount\": \"50 ml\",\n    \"Target Gender\": \"Male\",\n    \"made in\": \"Italy\",\n    \"Type of Fragrance\": \"Eau De Parfum\",\n    \"Warning Hints\": \"Avoid eye contact. Keep away from direct heat and sunlight.\",\n    \"Item Number\": \"1350007\",\n    \"Product Series\": \"Eros Flame\",\n    \"Net Weight\": \"0.05 kg\",\n    \"Package Height\": \"10.7 cm\",\n    \"Package Length\": \"7 cm\",\n    \"Package Width\": \"3.8 cm\"\n}"
    },
    {
        "product_name": "Versace Bright Crystal Absolu Eau de Parfum 50 ml",
        "brand_name": "Versace",
        "brand_url": "https://shop.frankfurt-airport.com/en-US/brand/versace",
        "retailer_name": "Frankfurt Duty Free",
        "retailer_url": "https://shop.frankfurt-airport.com/en-US/retailer/heinemann",
        "price": "\u20ac77.99",
        "price_per_quantity": "\u20ac155.98 / 100  ml",
        "description": "Versace introduces bright crystal absolu, the intense version of one of the most beloved jewel-fragrances in the world, where the essence of bright crystal is enhanced to the extreme. A fragrance made even more intoxicating by its enhanced olfactory concentrations and prolonged persistence. For a woman who entrusts her femininity to the timeless seductive power of bright crystal, in harmony with versace glamour.Versace introduces bright crystal absolu, the intense version of one of the most beloved jewel-fragrances in the world, where the essence of bright crystal is enhanced to the extreme. A fragrance made even more intoxicating by its enhanced olfactory concentrations and prolonged persistence. For a woman who entrusts her femininity to the timeless seductive power of bright crystal, in harmony with versace glamour.",
        "additional_information": "{\n    \"Order Amount\": \"50 ml\",\n    \"Target Gender\": \"Female\",\n    \"made in\": \"Italy\",\n    \"Type of Fragrance\": \"Eau De Parfum\",\n    \"Warning Hints\": \"Keep away from direct heat and sunlight.\",\n    \"Item Number\": \"1061083\",\n    \"Product Series\": \"Bright Crystal Absolu\",\n    \"Net Weight\": \"0.05 kg\",\n    \"Package Height\": \"9.4 cm\",\n    \"Package Length\": \"9.7 cm\",\n    \"Package Width\": \"7.2 cm\"\n}"
    },
    {
        "product_name": "Versace Versace Eau Frache Deodorant Stick 75 ml",
        "brand_name": "Versace",
        "brand_url": "https://shop.frankfurt-airport.com/en-US/brand/versace",
        "retailer_name": "Frankfurt Duty Free",
        "retailer_url": "https://shop.frankfurt-airport.com/en-US/retailer/heinemann",
        "price": "\u20ac29.99",
        "price_per_quantity": "\u20ac39.99 / 100  ml",
        "description": "A new harmony of scent, a surprisingly fresh fragrance. Synonymous with elegance and seduction, it is dedicated to the modern man, full of charisma and self-confidence.A new harmony of scent, a surprisingly fresh fragrance. Synonymous with elegance and seduction, it is dedicated to the modern man, full of charisma and self-confidence.",
        "additional_information": "{\n    \"Order Amount\": \"75 ml\",\n    \"Target Gender\": \"Male\",\n    \"made in\": \"Italy\",\n    \"Item Number\": \"797713\",\n    \"Product Series\": \"Eau Fraiche\",\n    \"Net Weight\": \"0.075 kg\",\n    \"Package Height\": \"10 cm\",\n    \"Package Length\": \"5 cm\",\n    \"Package Width\": \"5 cm\"\n}"
    },
    {
        "product_name": "Versace Versense Duo Set",
        "brand_name": "Versace",
        "brand_url": "https://shop.frankfurt-airport.com/en-US/brand/versace",
        "retailer_name": "Frankfurt Duty Free",
        "retailer_url": "https://shop.frankfurt-airport.com/en-US/retailer/heinemann",
        "price": "\u20ac74.99",
        "price_per_quantity": "",
        "description": "A unique fragrance combining Mediterranean elements with the glamorous sensuality of the Versace woman. A beautiful contemporary bouquet, inspired by nature's elements and conveying freshness and vital energy. 2x30 ml Eau de ToiletteA unique fragrance combining Mediterranean elements with the glamorous sensuality of the Versace woman. A beautiful contemporary bouquet, inspired by nature's elements and conveying freshness and vital energy. 2x30 ml Eau de Toilette",
        "additional_information": "{\n    \"Target Gender\": \"Female\",\n    \"made in\": \"Italy\",\n    \"Item Number\": \"172379\",\n    \"Product Series\": \"Versense\",\n    \"Net Weight\": \"0.06 kg\",\n    \"Package Height\": \"9 cm\",\n    \"Package Length\": \"17.1 cm\",\n    \"Package Width\": \"4.5 cm\"\n}"
    },
    {
        "product_name": "Versace Eros Duo",
        "brand_name": "Versace",
        "brand_url": "https://shop.frankfurt-airport.com/en-US/brand/versace",
        "retailer_name": "Frankfurt Duty Free",
        "retailer_url": "https://shop.frankfurt-airport.com/en-US/retailer/heinemann",
        "price": "\u20ac67.99",
        "price_per_quantity": "",
        "description": "Love, passion, beauty and desire. Versace Eros is a fragrance for a strong man, passionate and master of himself. Intensively fresh,  sensual on the skin, elegant and virile. A reference to the Mediterranean Sea and Greek mythology revisited in a contempor ary way. (Set cont.: 2 x 30 ml Eau de Toilette)Love, passion, beauty and desire. Versace Eros is a fragrance for a strong man, passionate and master of himself. Intensively fresh,  sensual on the skin, elegant and virile. A reference to the Mediterranean Sea and Greek mythology revisited in a contempor ary way. (Set cont.: 2 x 30 ml Eau de Toilette)",
        "additional_information": "{\n    \"Target Gender\": \"Male\",\n    \"made in\": \"Italy\",\n    \"Warning Hints\": \"Avoid eye contact. Keep away from direct heat and sunlight.\",\n    \"Item Number\": \"1066353\",\n    \"Product Series\": \"Eros\",\n    \"Net Weight\": \"0.06 kg\",\n    \"Package Height\": \"10 cm\",\n    \"Package Length\": \"12.3 cm\",\n    \"Package Width\": \"4 cm\"\n}"
    },
    {
        "product_name": "Versace Eros Pour Femme Eau de Parfum 50 ml",
        "brand_name": "Versace",
        "brand_url": "https://shop.frankfurt-airport.com/en-US/brand/versace",
        "retailer_name": "Frankfurt Duty Free",
        "retailer_url": "https://shop.frankfurt-airport.com/en-US/retailer/heinemann",
        "price": "\u20ac82.99",
        "price_per_quantity": "\u20ac165.98 / 100  ml",
        "description": "Here comes the new fragrance from Versace: Eros pour femme the complement to the popular men's edition \"Eros\" from 2012. \u201cEros is God of love and the goal of Eros Pour Femme campaign was to present that Eros was seduced and to suggest the strength of a woman,\u201d said Donatella Versace. The composition of the new perfume for women Eros Pour Femme opens with Sicilian lemon, Calabrian bergamot and pomegranate accords, with a heart of lemon, sambac jasmine absolute, jasmine infusion and peony. The base incorporates sandalwood, ambrox, musk and various woody notes.Here comes the new fragrance from Versace: Eros pour femme the complement to the popular men's edition \"Eros\" from 2012. \u201cEros is God of love and the goal of Eros Pour Femme campaign was to present that Eros was seduced and to suggest the strength of a woman,\u201d said Donatella Versace. The composition of the new perfume for women Eros Pour Femme opens with Sicilian lemon, Calabrian bergamot and pomegranate accords, with a heart of lemon, sambac jasmine absolute, jasmine infusion and peony. The base incorporates sandalwood, ambrox, musk and various woody notes.",
        "additional_information": "{\n    \"Order Amount\": \"50 ml\",\n    \"Target Gender\": \"Female\",\n    \"made in\": \"Italy\",\n    \"Type of Fragrance\": \"Eau De Parfum\",\n    \"Warning Hints\": \"Keep away from direct heat and sunlight.\",\n    \"Item Number\": \"1114813\",\n    \"Product Series\": \"Eros pour Femme\",\n    \"Net Weight\": \"0.05 kg\",\n    \"Package Height\": \"14 cm\",\n    \"Package Length\": \"5 cm\",\n    \"Package Width\": \"10 cm\"\n}"
    },
    {
        "product_name": "Versace Eros Pour Femme Eau de Toilette 50 ml",
        "brand_name": "Versace",
        "brand_url": "https://shop.frankfurt-airport.com/en-US/brand/versace",
        "retailer_name": "Frankfurt Duty Free",
        "retailer_url": "https://shop.frankfurt-airport.com/en-US/retailer/heinemann",
        "price": "\u20ac69.99",
        "price_per_quantity": "\u20ac139.98 / 100  ml",
        "description": "The absolute embodiment of female seduction, captured in a bright - sensual scent. The mystery of creation lies in the interplay of fine citrus notes, spicy fruit flavors, intense floral and radiant woody notes.The absolute embodiment of female seduction, captured in a bright - sensual scent. The mystery of creation lies in the interplay of fine citrus notes, spicy fruit flavors, intense floral and radiant woody notes.",
        "additional_information": "{\n    \"Order Amount\": \"50 ml\",\n    \"Target Gender\": \"Female\",\n    \"made in\": \"Italy\",\n    \"Type of Fragrance\": \"Eau De Toilette\",\n    \"Warning Hints\": \"Avoid eye contact. Keep away from direct heat and sunlight.\",\n    \"Item Number\": \"1203951\",\n    \"Product Series\": \"Eros pour Femme\",\n    \"Net Weight\": \"0.05 kg\",\n    \"Package Height\": \"4 cm\",\n    \"Package Length\": \"10.5 cm\",\n    \"Package Width\": \"10.5 cm\"\n}"
    },
    {
        "product_name": "Versace Dylan Blue Eau de Toilette 50 ml",
        "brand_name": "Versace",
        "brand_url": "https://shop.frankfurt-airport.com/en-US/brand/versace",
        "retailer_name": "Frankfurt Duty Free",
        "retailer_url": "https://shop.frankfurt-airport.com/en-US/retailer/heinemann",
        "price": "\u20ac64.99",
        "price_per_quantity": "\u20ac129.98 / 100  ml",
        "description": "Dylan Blue is the essence of the Versace man today. It\u2019s a distinctive masculine fragrance full of character and individuality. Extraordinary woody aroma refined, combined with Mediterranean freshness and Aquatic notes, sets off the intense and seductive character of this fragrance.Dylan Blue is the essence of the Versace man today. It\u2019s a distinctive masculine fragrance full of character and individuality. Extraordinary woody aroma refined, combined with Mediterranean freshness and Aquatic notes, sets off the intense and seductive character of this fragrance.",
        "additional_information": "{\n    \"Order Amount\": \"50 ml\",\n    \"Target Gender\": \"Male\",\n    \"made in\": \"Italy\",\n    \"Type of Fragrance\": \"Eau De Toilette\",\n    \"Warning Hints\": \"Avoid eye contact. Keep away from direct heat and sunlight.\",\n    \"Item Number\": \"1203924\",\n    \"Product Series\": \"Dylan Blue\",\n    \"Net Weight\": \"0.05 kg\",\n    \"Package Height\": \"3.5 cm\",\n    \"Package Length\": \"11.7 cm\",\n    \"Package Width\": \"6.4 cm\"\n}"
    },
    {
        "product_name": "Versace Bright Crystal Absolu Eau de Parfum 90 ml",
        "brand_name": "Versace",
        "brand_url": "https://shop.frankfurt-airport.com/en-US/brand/versace",
        "retailer_name": "Frankfurt Duty Free",
        "retailer_url": "https://shop.frankfurt-airport.com/en-US/retailer/heinemann",
        "price": "\u20ac97.99",
        "price_per_quantity": "\u20ac108.88 / 100  ml",
        "description": "Versace introduces bright crystal absolu, the intense version of one of the most beloved jewel-fragrances in the world, where the essence of bright crystal is enhanced to the extreme. A fragrance made even more intoxicating by its enhanced olfactory concentrations and prolonged persistence. For a woman who entrusts her femininity to the timeless seductive power of bright crystal, in harmony with versace glamour.Versace introduces bright crystal absolu, the intense version of one of the most beloved jewel-fragrances in the world, where the essence of bright crystal is enhanced to the extreme. A fragrance made even more intoxicating by its enhanced olfactory concentrations and prolonged persistence. For a woman who entrusts her femininity to the timeless seductive power of bright crystal, in harmony with versace glamour.",
        "additional_information": "{\n    \"Order Amount\": \"90 ml\",\n    \"Target Gender\": \"Female\",\n    \"made in\": \"Italy\",\n    \"Type of Fragrance\": \"Eau De Parfum\",\n    \"Item Number\": \"1061084\",\n    \"Product Series\": \"Bright Crystal Absolu\",\n    \"Net Weight\": \"0.09 kg\",\n    \"Package Height\": \"11.6 cm\",\n    \"Package Length\": \"7.3 cm\",\n    \"Package Width\": \"9.8 cm\"\n}"
    },
    {
        "product_name": "Versace Versace Eau Frache Eau de Toilette 50 ml",
        "brand_name": "Versace",
        "brand_url": "https://shop.frankfurt-airport.com/en-US/brand/versace",
        "retailer_name": "Frankfurt Duty Free",
        "retailer_url": "https://shop.frankfurt-airport.com/en-US/retailer/heinemann",
        "price": "\u20ac59.99",
        "price_per_quantity": "\u20ac119.98 / 100  ml",
        "description": "A new harmony of scent, a surprisingly fresh fragrance. Synonymous with elegance and seduction, it is dedicated to the modern man, full of charisma and self-confidence.A new harmony of scent, a surprisingly fresh fragrance. Synonymous with elegance and seduction, it is dedicated to the modern man, full of charisma and self-confidence.",
        "additional_information": "{\n    \"Order Amount\": \"50 ml\",\n    \"Target Gender\": \"Male\",\n    \"made in\": \"Italy\",\n    \"Type of Fragrance\": \"Eau De Toilette\",\n    \"Item Number\": \"788411\",\n    \"Product Series\": \"Eau Fraiche\",\n    \"Net Weight\": \"0.05 kg\",\n    \"Package Height\": \"10 cm\",\n    \"Package Length\": \"4 cm\",\n    \"Package Width\": \"9 cm\"\n}"
    },
    {
        "product_name": "Versace Bright Crystal Set",
        "brand_name": "Versace",
        "brand_url": "https://shop.frankfurt-airport.com/en-US/brand/versace",
        "retailer_name": "Frankfurt Duty Free",
        "retailer_url": "https://shop.frankfurt-airport.com/en-US/retailer/heinemann",
        "price": "\u20ac67.99",
        "price_per_quantity": "",
        "description": "A precious jewel of timeless elegance characterized by sheer sensuality, crystal tranparency, luminous brightness. A fresh and floral scent, where iced freshness meets the delicate beauty of peony, magnolia and lotus flowers. For a confident, feminine and sensual woman. Versace Bright Crystal Bright Crystal Travel Set.: Eau de Toilette Spray 50 ml + Body Lotion 100 mlA precious jewel of timeless elegance characterized by sheer sensuality, crystal tranparency, luminous brightness. A fresh and floral scent, where iced freshness meets the delicate beauty of peony, magnolia and lotus flowers. For a confident, feminine and sensual woman. Versace Bright Crystal Bright Crystal Travel Set.: Eau de Toilette Spray 50 ml + Body Lotion 100 ml",
        "additional_information": "{\n    \"Target Gender\": \"Female\",\n    \"made in\": \"Italy\",\n    \"Item Number\": \"883088\",\n    \"Product Series\": \"Bright Crystal\",\n    \"Net Weight\": \"0.15 kg\",\n    \"Package Height\": \"16 cm\",\n    \"Package Length\": \"7.5 cm\",\n    \"Package Width\": \"15 cm\"\n}"
    },
    {
        "product_name": "Versace L'Homme Eau de Toilette 100 ml",
        "brand_name": "Versace",
        "brand_url": "https://shop.frankfurt-airport.com/en-US/brand/versace",
        "retailer_name": "Frankfurt Duty Free",
        "retailer_url": "https://shop.frankfurt-airport.com/en-US/retailer/heinemann",
        "price": "\u20ac39.90",
        "price_per_quantity": "\u20ac39.90 / 100  ml",
        "description": "Versace L\u2019Homme fragrance is a sensual eau de toilette, destined for a man who expect, above all else, to stand out for his self-confidence, the way he dresses and his fragrance. he enjoys the unusual contrast between freshness and sensuality which characterises his Versace eau de toilette. this unique fragrance is derived from an artful combination of the fruity and flowery notes of tangerine, grapefruit, lavender and jasmine. the warm sensuality of the base notes is underscored by the argentinean gaiac wood, oak musk, patchouli and ylang-ylang; spiced with amber and nutmeg.Versace L\u2019Homme fragrance is a sensual eau de toilette, destined for a man who expect, above all else, to stand out for his self-confidence, the way he dresses and his fragrance. he enjoys the unusual contrast between freshness and sensuality which characterises his Versace eau de toilette. this unique fragrance is derived from an artful combination of the fruity and flowery notes of tangerine, grapefruit, lavender and jasmine. the warm sensuality of the base notes is underscored by the argentinean gaiac wood, oak musk, patchouli and ylang-ylang; spiced with amber and nutmeg.",
        "additional_information": "{\n    \"Order Amount\": \"100 ml\",\n    \"Target Gender\": \"Male\",\n    \"made in\": \"Italy\",\n    \"Type of Fragrance\": \"Eau De Toilette\",\n    \"Warning Hints\": \"Avoid eye contact. Keep away from direct heat and sunlight.\",\n    \"Item Number\": \"7661\",\n    \"Product Series\": \"L'Homme\",\n    \"Net Weight\": \"0.1 kg\",\n    \"Package Height\": \"13.4 cm\",\n    \"Package Length\": \"7.2 cm\",\n    \"Package Width\": \"4.1 cm\"\n}"
    },
    {
        "product_name": "Versace, Women's sunglasses",
        "brand_name": "Versace",
        "brand_url": "https://shop.frankfurt-airport.com/en-US/brand/versace",
        "retailer_name": "Frankfurt Duty Free",
        "retailer_url": "https://shop.frankfurt-airport.com/en-US/retailer/heinemann",
        "price": "\u20ac255.90",
        "price_per_quantity": "",
        "description": "",
        "additional_information": "{\n    \"made in\": \"Italy\",\n    \"Item Number\": \"1670989\",\n    \"Net Weight\": \"0.413 kg\",\n    \"Package Height\": \"8 cm\",\n    \"Package Length\": \"18 cm\",\n    \"Package Width\": \"8.5 cm\"\n}"
    },
    {
        "product_name": "Versace Eau Fraiche Eau de Toilette 100 ml",
        "brand_name": "Versace",
        "brand_url": "https://shop.frankfurt-airport.com/en-US/brand/versace",
        "retailer_name": "Frankfurt Duty Free",
        "retailer_url": "https://shop.frankfurt-airport.com/en-US/retailer/heinemann",
        "price": "\u20ac79.99",
        "price_per_quantity": "\u20ac79.99 / 100  ml",
        "description": "A new harmony of scent, a surprisingly fresh fragrance. Synonymous with elegance and seduction, it is dedicated to the modern man, full of charisma and self-confidence.A new harmony of scent, a surprisingly fresh fragrance. Synonymous with elegance and seduction, it is dedicated to the modern man, full of charisma and self-confidence.",
        "additional_information": "{\n    \"Order Amount\": \"100 ml\",\n    \"Target Gender\": \"Male\",\n    \"made in\": \"Italy\",\n    \"Type of Fragrance\": \"Eau De Toilette\",\n    \"Item Number\": \"797682\",\n    \"Product Series\": \"Eau Fraiche\",\n    \"Net Weight\": \"0.1 kg\",\n    \"Package Height\": \"13.4 cm\",\n    \"Package Length\": \"9 cm\",\n    \"Package Width\": \"4 cm\"\n}"
    },
    {
        "product_name": "Versace Dylan Blue Eau de Toilette 100 ml",
        "brand_name": "Versace",
        "brand_url": "https://shop.frankfurt-airport.com/en-US/brand/versace",
        "retailer_name": "Frankfurt Duty Free",
        "retailer_url": "https://shop.frankfurt-airport.com/en-US/retailer/heinemann",
        "price": "\u20ac84.99",
        "price_per_quantity": "\u20ac84.99 / 100  ml",
        "description": "Dylan Blue is the essence of the Versace man today. It\u2019s a distinctive masculine fragrance full of character and individuality. Extraordinary woody aroma refined, combined with Mediterranean freshness and Aquatic notes, sets off the intense and seductive character of this fragrance.Dylan Blue is the essence of the Versace man today. It\u2019s a distinctive masculine fragrance full of character and individuality. Extraordinary woody aroma refined, combined with Mediterranean freshness and Aquatic notes, sets off the intense and seductive character of this fragrance.",
        "additional_information": "{\n    \"Order Amount\": \"100 ml\",\n    \"Target Gender\": \"Male\",\n    \"made in\": \"Italy\",\n    \"Type of Fragrance\": \"Eau De Toilette\",\n    \"Warning Hints\": \"Avoid eye contact. Keep away from direct heat and sunlight.\",\n    \"Item Number\": \"1203925\",\n    \"Product Series\": \"Dylan Blue\",\n    \"Net Weight\": \"0.1 kg\",\n    \"Package Height\": \"13.5 cm\",\n    \"Package Length\": \"4 cm\",\n    \"Package Width\": \"8 cm\"\n}"
    },
    {
        "product_name": "Versace, unisex sunglasses",
        "brand_name": "Versace",
        "brand_url": "https://shop.frankfurt-airport.com/en-US/brand/versace",
        "retailer_name": "Frankfurt Duty Free",
        "retailer_url": "https://shop.frankfurt-airport.com/en-US/retailer/heinemann",
        "price": "\u20ac219.90",
        "price_per_quantity": "",
        "description": "",
        "additional_information": "{\n    \"made in\": \"Italy\",\n    \"Item Number\": \"1670908\",\n    \"Net Weight\": \"0.402 kg\",\n    \"Package Height\": \"8 cm\",\n    \"Package Length\": \"18 cm\",\n    \"Package Width\": \"9 cm\"\n}"
    },
    {
        "product_name": "Versace Pour Homme Deodorant Stick 75 ml",
        "brand_name": "Versace",
        "brand_url": "https://shop.frankfurt-airport.com/en-US/brand/versace",
        "retailer_name": "Frankfurt Duty Free",
        "retailer_url": "https://shop.frankfurt-airport.com/en-US/retailer/heinemann",
        "price": "\u20ac29.99",
        "price_per_quantity": "\u20ac39.99 / 100  ml",
        "description": "An intense, decidedly masculine fragrance. A classic yet contemporary aroma. A vibrant blend of foug\u00e8re created from essential ingredients of Mediterranean origins.An intense, decidedly masculine fragrance. A classic yet contemporary aroma. A vibrant blend of foug\u00e8re created from essential ingredients of Mediterranean origins.",
        "additional_information": "{\n    \"Order Amount\": \"75 ml\",\n    \"Target Gender\": \"Male\",\n    \"made in\": \"Italy\",\n    \"Item Number\": \"531455\",\n    \"Product Series\": \"Pour Homme\",\n    \"Net Weight\": \"0.075 kg\",\n    \"Package Height\": \"10 cm\",\n    \"Package Length\": \"5 cm\",\n    \"Package Width\": \"5 cm\"\n}"
    },
    {
        "product_name": "Versace, Women's sunglasses",
        "brand_name": "Versace",
        "brand_url": "https://shop.frankfurt-airport.com/en-US/brand/versace",
        "retailer_name": "Frankfurt Duty Free",
        "retailer_url": "https://shop.frankfurt-airport.com/en-US/retailer/heinemann",
        "price": "\u20ac219.90",
        "price_per_quantity": "",
        "description": "",
        "additional_information": "{\n    \"made in\": \"Italy\",\n    \"Item Number\": \"1670924\",\n    \"Net Weight\": \"0.394 kg\",\n    \"Package Height\": \"8 cm\",\n    \"Package Length\": \"18 cm\",\n    \"Package Width\": \"9 cm\"\n}"
    },
    {
        "product_name": "Versace, women's sunglasses",
        "brand_name": "Versace",
        "brand_url": "https://shop.frankfurt-airport.com/en-US/brand/versace",
        "retailer_name": "Frankfurt Duty Free",
        "retailer_url": "https://shop.frankfurt-airport.com/en-US/retailer/heinemann",
        "price": "\u20ac219.90",
        "price_per_quantity": "",
        "description": "Brand: Versace",
        "additional_information": "{\n    \"made in\": \"Italy\",\n    \"Item Number\": \"1542038\",\n    \"Net Weight\": \"0.351 kg\",\n    \"Package Height\": \"7.5 cm\",\n    \"Package Length\": \"18.3 cm\",\n    \"Package Width\": \"8.3 cm\"\n}"
    },
    {
        "product_name": "Versace Bright Crystal Natural Eau de Toilette 200 ml",
        "brand_name": "Versace",
        "brand_url": "https://shop.frankfurt-airport.com/en-US/brand/versace",
        "retailer_name": "Frankfurt Duty Free",
        "retailer_url": "https://shop.frankfurt-airport.com/en-US/retailer/heinemann",
        "price": "\u20ac119.99",
        "price_per_quantity": "\u20ac60.00 / 100  ml",
        "description": "A precious jewel of timeless elegance characterized by sheer sensuality, crystal tranparency, luminous brightness. A fresh and floral scent, where iced freshness meets the delicate beauty of peony, magnolia and lotus flowers. For a confident, feminine and sensual woman.A precious jewel of timeless elegance characterized by sheer sensuality, crystal tranparency, luminous brightness. A fresh and floral scent, where iced freshness meets the delicate beauty of peony, magnolia and lotus flowers. For a confident, feminine and sensual woman.",
        "additional_information": "{\n    \"Order Amount\": \"200 ml\",\n    \"Target Gender\": \"Female\",\n    \"made in\": \"Italy\",\n    \"Type of Fragrance\": \"Eau De Toilette\",\n    \"Item Number\": \"1061085\",\n    \"Product Series\": \"Bright Crystal\",\n    \"Net Weight\": \"0.2 kg\",\n    \"Package Height\": \"13 cm\",\n    \"Package Length\": \"11.4 cm\",\n    \"Package Width\": \"8.5 cm\"\n}"
    },
    {
        "product_name": "Versace, Men's sunglasses",
        "brand_name": "Versace",
        "brand_url": "https://shop.frankfurt-airport.com/en-US/brand/versace",
        "retailer_name": "Frankfurt Duty Free",
        "retailer_url": "https://shop.frankfurt-airport.com/en-US/retailer/heinemann",
        "price": "\u20ac285.90",
        "price_per_quantity": "",
        "description": "",
        "additional_information": "{\n    \"made in\": \"Italy\",\n    \"Item Number\": \"1630728\",\n    \"Net Weight\": \"0.352 kg\",\n    \"Package Height\": \"8 cm\",\n    \"Package Length\": \"18.5 cm\",\n    \"Package Width\": \"8.5 cm\"\n}"
    },
    {
        "product_name": "Versace, Women's sunglasses",
        "brand_name": "Versace",
        "brand_url": "https://shop.frankfurt-airport.com/en-US/brand/versace",
        "retailer_name": "Frankfurt Duty Free",
        "retailer_url": "https://shop.frankfurt-airport.com/en-US/retailer/heinemann",
        "price": "\u20ac355.90",
        "price_per_quantity": "",
        "description": "",
        "additional_information": "{\n    \"made in\": \"Italy\",\n    \"Item Number\": \"1630780\",\n    \"Net Weight\": \"0.284 kg\",\n    \"Package Height\": \"7.5 cm\",\n    \"Package Length\": \"18.3 cm\",\n    \"Package Width\": \"8.3 cm\"\n}"
    },
    {
        "product_name": "Versace, Men's sunglasses",
        "brand_name": "Versace",
        "brand_url": "https://shop.frankfurt-airport.com/en-US/brand/versace",
        "retailer_name": "Frankfurt Duty Free",
        "retailer_url": "https://shop.frankfurt-airport.com/en-US/retailer/heinemann",
        "price": "\u20ac305.90",
        "price_per_quantity": "",
        "description": "",
        "additional_information": "{\n    \"made in\": \"Italy\",\n    \"Item Number\": \"1630739\",\n    \"Net Weight\": \"0.371 kg\",\n    \"Package Height\": \"7.5 cm\",\n    \"Package Length\": \"18.3 cm\",\n    \"Package Width\": \"8.3 cm\"\n}"
    },
    {
        "product_name": "Versace, Men's sunglasses",
        "brand_name": "Versace",
        "brand_url": "https://shop.frankfurt-airport.com/en-US/brand/versace",
        "retailer_name": "Frankfurt Duty Free",
        "retailer_url": "https://shop.frankfurt-airport.com/en-US/retailer/heinemann",
        "price": "\u20ac335.90",
        "price_per_quantity": "",
        "description": "",
        "additional_information": "{\n    \"made in\": \"Italy\",\n    \"Item Number\": \"1630771\",\n    \"Net Weight\": \"0.385 kg\",\n    \"Package Height\": \"11.5 cm\",\n    \"Package Length\": \"20 cm\",\n    \"Package Width\": \"11.5 cm\"\n}"
    },
    {
        "product_name": "Versace, Men's sunglasses",
        "brand_name": "Versace",
        "brand_url": "https://shop.frankfurt-airport.com/en-US/brand/versace",
        "retailer_name": "Frankfurt Duty Free",
        "retailer_url": "https://shop.frankfurt-airport.com/en-US/retailer/heinemann",
        "price": "\u20ac305.90",
        "price_per_quantity": "",
        "description": "",
        "additional_information": "{\n    \"made in\": \"Italy\",\n    \"Item Number\": \"1630713\",\n    \"Net Weight\": \"0.301 kg\",\n    \"Package Height\": \"7.5 cm\",\n    \"Package Length\": \"18.5 cm\",\n    \"Package Width\": \"8.5 cm\"\n}"
    },
    {
        "product_name": "Versace, Women's sunglasses",
        "brand_name": "Versace",
        "brand_url": "https://shop.frankfurt-airport.com/en-US/brand/versace",
        "retailer_name": "Frankfurt Duty Free",
        "retailer_url": "https://shop.frankfurt-airport.com/en-US/retailer/heinemann",
        "price": "\u20ac255.90",
        "price_per_quantity": "",
        "description": "",
        "additional_information": "{\n    \"made in\": \"Italy\",\n    \"Item Number\": \"1630762\",\n    \"Net Weight\": \"0.375 kg\",\n    \"Package Height\": \"8 cm\",\n    \"Package Length\": \"18.5 cm\",\n    \"Package Width\": \"8.5 cm\"\n}"
    },
    {
        "product_name": "Versace, Women's sunglasses",
        "brand_name": "Versace",
        "brand_url": "https://shop.frankfurt-airport.com/en-US/brand/versace",
        "retailer_name": "Frankfurt Duty Free",
        "retailer_url": "https://shop.frankfurt-airport.com/en-US/retailer/heinemann",
        "price": "\u20ac285.90",
        "price_per_quantity": "",
        "description": "",
        "additional_information": "{\n    \"made in\": \"Italy\",\n    \"Item Number\": \"1630772\",\n    \"Net Weight\": \"0.288 kg\",\n    \"Package Height\": \"7.5 cm\",\n    \"Package Length\": \"18.5 cm\",\n    \"Package Width\": \"8.5 cm\"\n}"
    },
    {
        "product_name": "VERSACE, women's sunglasses",
        "brand_name": "Versace",
        "brand_url": "https://shop.frankfurt-airport.com/en-US/brand/versace",
        "retailer_name": "Frankfurt Duty Free",
        "retailer_url": "https://shop.frankfurt-airport.com/en-US/retailer/heinemann",
        "price": "\u20ac239.90",
        "price_per_quantity": "",
        "description": "Brand: Versace",
        "additional_information": "{\n    \"made in\": \"Italy\",\n    \"Item Number\": \"1516412\",\n    \"Net Weight\": \"0.366 kg\",\n    \"Package Height\": \"7.5 cm\",\n    \"Package Length\": \"18.5 cm\",\n    \"Package Width\": \"8.5 cm\"\n}"
    },
    {
        "product_name": "Versace, Women's sunglasses",
        "brand_name": "Versace",
        "brand_url": "https://shop.frankfurt-airport.com/en-US/brand/versace",
        "retailer_name": "Frankfurt Duty Free",
        "retailer_url": "https://shop.frankfurt-airport.com/en-US/retailer/heinemann",
        "price": "\u20ac355.90",
        "price_per_quantity": "",
        "description": "",
        "additional_information": "{\n    \"made in\": \"Italy\",\n    \"Item Number\": \"1630773\",\n    \"Net Weight\": \"0.347 kg\",\n    \"Package Height\": \"7.5 cm\",\n    \"Package Length\": \"18.3 cm\",\n    \"Package Width\": \"8.3 cm\"\n}"
    },
    {
        "product_name": "Versace Bright Crystal Eau de Toilette 50 ml",
        "brand_name": "Versace",
        "brand_url": "https://shop.frankfurt-airport.com/en-US/brand/versace",
        "retailer_name": "Frankfurt Duty Free",
        "retailer_url": "https://shop.frankfurt-airport.com/en-US/retailer/heinemann",
        "price": "\u20ac67.99",
        "price_per_quantity": "\u20ac135.98 / 100  ml",
        "description": "A precious jewel of timeless elegance characterized by sheer sensuality, crystal tranparency, luminous brightness. A fresh and floral scent, where iced freshness meets the delicate beauty of peony, magnolia and lotus flowers. For a confident, feminine and sensual woman.A precious jewel of timeless elegance characterized by sheer sensuality, crystal tranparency, luminous brightness. A fresh and floral scent, where iced freshness meets the delicate beauty of peony, magnolia and lotus flowers. For a confident, feminine and sensual woman.",
        "additional_information": "{\n    \"Order Amount\": \"50 ml\",\n    \"Target Gender\": \"Female\",\n    \"made in\": \"Italy\",\n    \"Type of Fragrance\": \"Eau De Toilette\",\n    \"Item Number\": \"818539\",\n    \"Product Series\": \"Bright Crystal\",\n    \"Net Weight\": \"0.05 kg\",\n    \"Package Height\": \"7.2 cm\",\n    \"Package Length\": \"9.8 cm\",\n    \"Package Width\": \"9.5 cm\"\n}"
    },
    {
        "product_name": "Veuve Clicquot, Vintage Reserve, brut, white 0.75L",
        "brand_name": "Veuve Clicquot",
        "brand_url": "https://shop.frankfurt-airport.com/en-US/brand/veuve-clicquot",
        "retailer_name": "Frankfurt Duty Free",
        "retailer_url": "https://shop.frankfurt-airport.com/en-US/retailer/heinemann",
        "price": "\u20ac74.99",
        "price_per_quantity": "\u20ac99.99 / 1  l",
        "description": "In 1810, Madame Clicquot broke new ground by creating the first vintage known in Champagne, a cuvee made up of grapes from a single harvest that was considered exceptionally good. The tradition lives on today, in the form of Veuve Clicquot Vintage.",
        "additional_information": "{\n    \"Order Amount\": \"0.75 l\",\n    \"made in\": \"France\",\n    \"Sweetness of Sparkling Wine\": \"Brut\",\n    \"Sweetness of Still Wine\": \"Dry\",\n    \"With Colorant\": \"No\",\n    \"GMO Free\": \"Yes\",\n    \"Warning Hints\": \"Please drink responsibly\",\n    \"Item Number\": \"642632\",\n    \"Net Weight\": \"0.75 kg\",\n    \"Package Height\": \"33 cm\",\n    \"Package Length\": \"9 cm\",\n    \"Package Width\": \"9.5 cm\"\n}"
    },
    {
        "product_name": "Versace Bright Crystal Eau de Toilette 90 ml",
        "brand_name": "Versace",
        "brand_url": "https://shop.frankfurt-airport.com/en-US/brand/versace",
        "retailer_name": "Frankfurt Duty Free",
        "retailer_url": "https://shop.frankfurt-airport.com/en-US/retailer/heinemann",
        "price": "\u20ac87.99",
        "price_per_quantity": "\u20ac97.77 / 100  ml",
        "description": "A precious jewel of timeless elegance characterized by sheer sensuality, crystal tranparency, luminous brightness. A fresh and floral scent, where iced freshness meets the delicate beauty of peony, magnolia and lotus flowers. For a confident, feminine and sensual woman.A precious jewel of timeless elegance characterized by sheer sensuality, crystal tranparency, luminous brightness. A fresh and floral scent, where iced freshness meets the delicate beauty of peony, magnolia and lotus flowers. For a confident, feminine and sensual woman.",
        "additional_information": "{\n    \"Order Amount\": \"90 ml\",\n    \"Target Gender\": \"Female\",\n    \"made in\": \"Italy\",\n    \"Type of Fragrance\": \"Eau De Toilette\",\n    \"Item Number\": \"818520\",\n    \"Product Series\": \"Bright Crystal\",\n    \"Net Weight\": \"0.09 kg\",\n    \"Package Height\": \"11 cm\",\n    \"Package Length\": \"10 cm\",\n    \"Package Width\": \"7 cm\"\n}"
    },
    {
        "product_name": "Versace, Men's sunglasses",
        "brand_name": "Versace",
        "brand_url": "https://shop.frankfurt-airport.com/en-US/brand/versace",
        "retailer_name": "Frankfurt Duty Free",
        "retailer_url": "https://shop.frankfurt-airport.com/en-US/retailer/heinemann",
        "price": "\u20ac305.90",
        "price_per_quantity": "",
        "description": "",
        "additional_information": "{\n    \"made in\": \"Italy\",\n    \"Item Number\": \"1630742\",\n    \"Net Weight\": \"0.375 kg\",\n    \"Package Height\": \"7.5 cm\",\n    \"Package Length\": \"18.3 cm\",\n    \"Package Width\": \"8.3 cm\"\n}"
    },
    {
        "product_name": "Viktor & Rolf Good Fortune Elixir Intense 90 ml",
        "brand_name": "Viktor & Rolf",
        "brand_url": "https://shop.frankfurt-airport.com/en-US/brand/viktor-and-rolf",
        "retailer_name": "Frankfurt Duty Free",
        "retailer_url": "https://shop.frankfurt-airport.com/en-US/retailer/heinemann",
        "price": "\u20ac154.99",
        "price_per_quantity": "\u20ac172.21 / 100  ml",
        "description": "Inspired by the Spiritual Glamour Haute Couture Collection, Good Fortune is the incarnation of a new positive lifestyle, an olfactive manifesto for spirituality and self-potentialization, bringing you the power to create your own destiny.Voluptuous and mysterious, Good Fortune Elixir Intense is the ultimate spell to embrace your own destiny. A more captivating interpretation of the original Eau de Parfum.Addictive and sensual, the fragrance opens with an enthralling incense top note, while a Jasmine Superinfusion takes center stage at the heart of the fragrance, blooming with its velvety solar notes. At its base, the potion unveils a mystical palo santo accord intertwined with an alchemy of a rich Bourbon Vanilla, ethically sourced in Madagascar, and a precious Caledonian Sandalwood.Aligned with the values it carries and the long-term eco-conscious commitment of Viktor&Rolf, Good Fortune Elixir Intense is a vegan fragrance, with no animal-derived ingredients.Inspired by the Spiritual Glamour Haute Couture Collection, Good Fortune is the incarnation of a new positive lifestyle, an olfactive manifesto for spirituality and self-potentialization, bringing you the power to create your own destiny.Voluptuous and mysterious, Good Fortune Elixir Intense is the ultimate spell to embrace your own destiny. A more captivating interpretation of the original Eau de Parfum.Addictive and sensual, the fragrance opens with an enthralling incense top note, while a Jasmine Superinfusion takes center stage at the heart of the fragrance, blooming with its velvety solar notes. At its base, the potion unveils a mystical palo santo accord intertwined with an alchemy of a rich Bourbon Vanilla, ethically sourced in Madagascar, and a precious Caledonian Sandalwood.Aligned with the values it carries and the long-term eco-conscious commitment of Viktor&Rolf, Good Fortune Elixir Intense is a vegan fragrance, with no animal-derived ingredients.",
        "additional_information": "{\n    \"Order Amount\": \"90 ml\",\n    \"Target Gender\": \"Female\",\n    \"made in\": \"France\",\n    \"Type of Fragrance\": \"Eau De Parfum\",\n    \"Item Number\": \"1578554\",\n    \"Product Series\": \"Good Fortune\",\n    \"Net Weight\": \"0.09 kg\",\n    \"Package Height\": \"13.9 cm\",\n    \"Package Length\": \"7.6 cm\",\n    \"Package Width\": \"7.5 cm\"\n}"
    },
    {
        "product_name": "Viktor & Rolf Flowerbomb Tiger Lily Eau de Parfum 100 ml",
        "brand_name": "Viktor & Rolf",
        "brand_url": "https://shop.frankfurt-airport.com/en-US/brand/viktor-and-rolf",
        "retailer_name": "Frankfurt Duty Free",
        "retailer_url": "https://shop.frankfurt-airport.com/en-US/retailer/heinemann",
        "price": "\u20ac134.99",
        "price_per_quantity": "\u20ac134.99 / 100  ml",
        "description": "Flowerbomb Tiger Lily Eau de Parfum, the newest Flowerbomb fragrance, is a warm solar fragrance that transports you to a summer wilderness. The fragrance opens with a solar burst of coconut milk accord. At the heart lies a solar floral bouquet centered around theexotic Tiger Lily Accord introducing a wild facet to the fragrance. An addictive Mango Accord envelops the warm Benzoin base for a burning hot sensuality. The perfect scent for the wild and fierce woman. A woman who roars in all her glory, fully embracing her sensual femininity. With the Flowerbomb Collection, your Flower is your Power. With Flowerbomb Tiger Lily, unleash the power of the wildTiger lily, a symbol of confidence, to let your sensuality roar.Flowerbomb Tiger Lily Eau de Parfum, the newest Flowerbomb fragrance, is a warm solar fragrance that transports you to a summer wilderness. The fragrance opens with a solar burst of coconut milk accord. At the heart lies a solar floral bouquet centered around theexotic Tiger Lily Accord introducing a wild facet to the fragrance. An addictive Mango Accord envelops the warm Benzoin base for a burning hot sensuality. The perfect scent for the wild and fierce woman. A woman who roars in all her glory, fully embracing her sensual femininity. With the Flowerbomb Collection, your Flower is your Power. With Flowerbomb Tiger Lily, unleash the power of the wildTiger lily, a symbol of confidence, to let your sensuality roar.",
        "additional_information": "{\n    \"Order Amount\": \"100 ml\",\n    \"Target Gender\": \"Female\",\n    \"made in\": \"France\",\n    \"Type of Fragrance\": \"Eau De Parfum\",\n    \"Item Number\": \"1618739\",\n    \"Product Series\": \"Flowerbomb\",\n    \"Net Weight\": \"0.1 kg\",\n    \"Package Height\": \"12.2 cm\",\n    \"Package Length\": \"11.7 cm\",\n    \"Package Width\": \"11.7 cm\"\n}"
    },
    {
        "product_name": "Viktor & Rolf Flowerbomb Ruby Orchid Eau de Parfum 50 ml",
        "brand_name": "Viktor & Rolf",
        "brand_url": "https://shop.frankfurt-airport.com/en-US/brand/viktor-and-rolf",
        "retailer_name": "Frankfurt Duty Free",
        "retailer_url": "https://shop.frankfurt-airport.com/en-US/retailer/heinemann",
        "price": "\u20ac99.99",
        "price_per_quantity": "\u20ac199.98 / 100  ml",
        "description": "Inspired by the theatrical tradition of the burlesque, Viktor&Rolf introduces a new carnal and sensual addition to the FLOWERBOMB fragrance family: Flowerbomb Ruby Orchid. It\u2019s a magnetic and erotic fragrance: A scent fit for a femme fatale. Confident, yet glamorous and just slightly provocative, she owns the show. At the heart of this petal bouquet, two orchid accords: The RUBY FLOWER ORCHID and the RED FOXY VANILLA BEAN accord, giving to this fragrance an exacerbated sensuality, embraced by the freshness of an erotic red vine peach accord. Breathe in, close your eyes, it\u2019s showtime! Time to unleash your femme fatale with Flowerbomb Ruby Orchid life is a stage, waiting for your performance. Be the star of the show, express yourself and embrace your sensuality. When you spray the eau de parfum from the bottle, you release the magnetic and erotic, floral scent that pervades every step you take, every dance you create.Inspired by the theatrical tradition of the burlesque, Viktor&Rolf introduces a new carnal and sensual addition to the FLOWERBOMB fragrance family: Flowerbomb Ruby Orchid. It\u2019s a magnetic and erotic fragrance: A scent fit for a femme fatale. Confident, yet glamorous and just slightly provocative, she owns the show. At the heart of this petal bouquet, two orchid accords: The RUBY FLOWER ORCHID and the RED FOXY VANILLA BEAN accord, giving to this fragrance an exacerbated sensuality, embraced by the freshness of an erotic red vine peach accord. Breathe in, close your eyes, it\u2019s showtime! Time to unleash your femme fatale with Flowerbomb Ruby Orchid life is a stage, waiting for your performance. Be the star of the show, express yourself and embrace your sensuality. When you spray the eau de parfum from the bottle, you release the magnetic and erotic, floral scent that pervades every step you take, every dance you create.",
        "additional_information": "{\n    \"Order Amount\": \"50 ml\",\n    \"Target Gender\": \"Female\",\n    \"made in\": \"France\",\n    \"Type of Fragrance\": \"Eau De Parfum\",\n    \"Warning Hints\": \"Avoid eye contact. Keep away from direct heat and sunlight.\",\n    \"Item Number\": \"1517790\",\n    \"Product Series\": \"Flowerbomb\",\n    \"Net Weight\": \"0.05 kg\",\n    \"Package Height\": \"9.8 cm\",\n    \"Package Length\": \"9.75 cm\",\n    \"Package Width\": \"9.9 cm\"\n}"
    },
    {
        "product_name": "Viktor & Rolf Bonbon Eau de Parfum 50 ml",
        "brand_name": "Viktor & Rolf",
        "brand_url": "https://shop.frankfurt-airport.com/en-US/brand/viktor-and-rolf",
        "retailer_name": "Frankfurt Duty Free",
        "retailer_url": "https://shop.frankfurt-airport.com/en-US/retailer/heinemann",
        "price": "\u20ac49.90",
        "price_per_quantity": "\u20ac99.80 / 100  ml",
        "description": "Bonbon, the new feminine fragrance by Viktor & Rolf, is an ode to pleasure, an exquisite moment of grace, a celebration of pure femininity. A delightful and indulgent gourmandize with a sweet caramel accord and a sparkling and delicious explosion of fruity notes. A delicious treat captured in a sophisticated 90 ml bottle, a design never-seen-before that V&R dreamt in a form of a bow, symbol of the ultimate perfection in couture.Bonbon, the new feminine fragrance by Viktor & Rolf, is an ode to pleasure, an exquisite moment of grace, a celebration of pure femininity. A delightful and indulgent gourmandize with a sweet caramel accord and a sparkling and delicious explosion of fruity notes. A delicious treat captured in a sophisticated 90 ml bottle, a design never-seen-before that V&R dreamt in a form of a bow, symbol of the ultimate perfection in couture.",
        "additional_information": "{\n    \"Order Amount\": \"50 ml\",\n    \"Target Gender\": \"Female\",\n    \"made in\": \"France\",\n    \"Type of Fragrance\": \"Eau De Parfum\",\n    \"Item Number\": \"1069089\",\n    \"Product Series\": \"Bonbon\",\n    \"Net Weight\": \"0.05 kg\",\n    \"Package Height\": \"10 cm\",\n    \"Package Length\": \"10.5 cm\",\n    \"Package Width\": \"10 cm\"\n}"
    },
    {
        "product_name": "Viktor & Rolf Flowerbomb Tiger Lily Eau de Parfum 50 ml",
        "brand_name": "Viktor & Rolf",
        "brand_url": "https://shop.frankfurt-airport.com/en-US/brand/viktor-and-rolf",
        "retailer_name": "Frankfurt Duty Free",
        "retailer_url": "https://shop.frankfurt-airport.com/en-US/retailer/heinemann",
        "price": "\u20ac99.99",
        "price_per_quantity": "\u20ac199.98 / 100  ml",
        "description": "Flowerbomb Tiger Lily Eau de Parfum, the newest Flowerbomb fragrance, is a warm solar fragrance that transports you to a summer wilderness. The fragrance opens with a solar burst of coconut milk accord. At the heart lies a solar floral bouquet centered around theexotic Tiger Lily Accord introducing a wild facet to the fragrance. An addictive Mango Accord envelops the warm Benzoin base for a burning hot sensuality. The perfect scent for the wild and fierce woman. A woman who roars in all her glory, fully embracing her sensual femininity. With the Flowerbomb Collection, your Flower is your Power. With Flowerbomb Tiger Lily, unleash the power of the wildTiger lily, a symbol of confidence, to let your sensuality roar.Flowerbomb Tiger Lily Eau de Parfum, the newest Flowerbomb fragrance, is a warm solar fragrance that transports you to a summer wilderness. The fragrance opens with a solar burst of coconut milk accord. At the heart lies a solar floral bouquet centered around theexotic Tiger Lily Accord introducing a wild facet to the fragrance. An addictive Mango Accord envelops the warm Benzoin base for a burning hot sensuality. The perfect scent for the wild and fierce woman. A woman who roars in all her glory, fully embracing her sensual femininity. With the Flowerbomb Collection, your Flower is your Power. With Flowerbomb Tiger Lily, unleash the power of the wildTiger lily, a symbol of confidence, to let your sensuality roar.",
        "additional_information": "{\n    \"Order Amount\": \"50 ml\",\n    \"Target Gender\": \"Female\",\n    \"made in\": \"France\",\n    \"Type of Fragrance\": \"Eau De Parfum\",\n    \"Item Number\": \"1618809\",\n    \"Product Series\": \"Flowerbomb\",\n    \"Net Weight\": \"0.05 kg\",\n    \"Package Height\": \"10 cm\",\n    \"Package Length\": \"10 cm\",\n    \"Package Width\": \"10 cm\"\n}"
    },
    {
        "product_name": "Veuve Clicquot, Yellow Label, Champagne, AOC, brut, white 0.375L",
        "brand_name": "Veuve Clicquot",
        "brand_url": "https://shop.frankfurt-airport.com/en-US/brand/veuve-clicquot",
        "retailer_name": "Frankfurt Duty Free",
        "retailer_url": "https://shop.frankfurt-airport.com/en-US/retailer/heinemann",
        "price": "\u20ac31.99",
        "price_per_quantity": "\u20ac85.31 / 1  l",
        "description": "The Brut Yellow Label reflects the superb vineyards owned by the House, as well as its consistent style. The predominance of Pinot Noir provides the structure that is so typically Clicquot, while a touch of Pinot Meunier rounds out the blend. Chardonnay adds the elegance and finesse that is essential in a perfectly balanced wine.",
        "additional_information": "{\n    \"Order Amount\": \"0.375 l\",\n    \"Calories\": \"314 kJ\",\n    \"Fat\": \" / \",\n    \"Carbonate\": \"75 kcal\",\n    \"Protein\": \"0 g\",\n    \"made in\": \"1.5 g\",\n    \"With Colorant\": \"0 g\",\n    \"GMO Free\": \"France\",\n    \"Warning Hints\": \"No\",\n    \"Item Number\": \"Yes\",\n    \"Net Weight\": \"Drink responsibly\",\n    \"Package Height\": \"83250\",\n    \"Package Length\": \"0.375 kg\",\n    \"Package Width\": \"27.5 cm\"\n}"
    },
    {
        "product_name": "Viktor & Rolf Flowerbomb Eau de Parfum 100 ml",
        "brand_name": "Viktor & Rolf",
        "brand_url": "https://shop.frankfurt-airport.com/en-US/brand/viktor-and-rolf",
        "retailer_name": "Frankfurt Duty Free",
        "retailer_url": "https://shop.frankfurt-airport.com/en-US/retailer/heinemann",
        "price": "\u20ac134.99",
        "price_per_quantity": "\u20ac134.99 / 100  ml",
        "description": "Like a desire to enchant the world again, to transform negative into positive, to intoxicate our senses and step into the dream world of Viktor & Rolf. A Fragrance that evokes a \u201cmille-feuille of flowers\u201d.Like a desire to enchant the world again, to transform negative into positive, to intoxicate our senses and step into the dream world of Viktor & Rolf. A Fragrance that evokes a \u201cmille-feuille of flowers\u201d.",
        "additional_information": "{\n    \"Order Amount\": \"100 ml\",\n    \"Target Gender\": \"Female\",\n    \"made in\": \"France\",\n    \"Type of Fragrance\": \"Eau De Parfum\",\n    \"Item Number\": \"756906\",\n    \"Product Series\": \"Flowerbomb\",\n    \"Net Weight\": \"0.1 kg\",\n    \"Package Height\": \"12 cm\",\n    \"Package Length\": \"12 cm\",\n    \"Package Width\": \"12 cm\"\n}"
    },
    {
        "product_name": "Viktor & Rolf Good Fortune Eau de Parfum Refill 100 ml",
        "brand_name": "Viktor & Rolf",
        "brand_url": "https://shop.frankfurt-airport.com/en-US/brand/viktor-and-rolf",
        "retailer_name": "Frankfurt Duty Free",
        "retailer_url": "https://shop.frankfurt-airport.com/en-US/retailer/heinemann",
        "price": "\u20ac119.99",
        "price_per_quantity": "\u20ac119.99 / 100  ml",
        "description": "Concocted like a magic potion, straight out from an ancient grimoire, GOOD FORTUNE is a bewitching philter to create your own destiny. A solar jasmine infused in a rich vanilla bath. Aligned with the long-term eco-conscious commitment of Viktor&Rolf, this Floral White flowers scent is a vegan fragrance.Concocted like a magic potion, straight out from an ancient grimoire, GOOD FORTUNE is a bewitching philter to create your own destiny. A solar jasmine infused in a rich vanilla bath. Aligned with the long-term eco-conscious commitment of Viktor&Rolf, this Floral White flowers scent is a vegan fragrance.",
        "additional_information": "{\n    \"Order Amount\": \"100 ml\",\n    \"Target Gender\": \"Female\",\n    \"made in\": \"France\",\n    \"Type of Fragrance\": \"Eau De Parfum\",\n    \"Item Number\": \"1529852\",\n    \"Product Series\": \"Good Fortune\",\n    \"Net Weight\": \"0.1 kg\",\n    \"Package Height\": \"17.8 cm\",\n    \"Package Length\": \"4.8 cm\",\n    \"Package Width\": \"4.7 cm\"\n}"
    },
    {
        "product_name": "Winston Blue 400s Deutschland",
        "brand_name": "Winston",
        "brand_url": "https://shop.frankfurt-airport.com/en-US/brand/winston",
        "retailer_name": "Frankfurt Duty Free",
        "retailer_url": "https://shop.frankfurt-airport.com/en-US/retailer/heinemann",
        "price": "\u20ac107.90",
        "price_per_quantity": "",
        "description": "Smoking kills. Due to tobacco shortages, there are currently severe delivery problems with Cuban cigars. If you use our Click & Collect service, we can therefore unfortunately not guarantee that the pre-ordered Cuban cigars are still available in the desired quantity at the time of pickup at the airport.",
        "additional_information": "{\n    \"Flight Destination Restrictions\": \"Non-EU\",\n    \"Nicotine Delivery\": \"0.4mg \\u2013 0.8mg\",\n    \"Tar Delivery\": \"4.1-8.0mg\",\n    \"Item Number\": \"1492119\",\n    \"Net Weight\": \"0.324 kg\",\n    \"Package Height\": \"8.9 cm\",\n    \"Package Length\": \"9.56 cm\",\n    \"Package Width\": \"28.5 cm\"\n}"
    },
    {
        "product_name": "WWF eco panda 15cm",
        "brand_name": "WWF",
        "brand_url": "https://shop.frankfurt-airport.com/en-US/brand/wwf",
        "retailer_name": "Frankfurt Duty Free",
        "retailer_url": "https://shop.frankfurt-airport.com/en-US/retailer/heinemann",
        "price": "\u20ac23.90",
        "price_per_quantity": "",
        "description": "The panda bear has a status of being one of the most iconic endangered species. They live in China, Eastern Asia, but only in very very small numbers. All caused by the destructions of its habitat. This beautiful plush panda is completely made of 100% recycled PET. Better for our planet and better for the pandas! For every WWF plush sold, a donation is made to your local WWF organisation.",
        "additional_information": "{\n    \"Warning Hints\": \"12 months and up\",\n    \"Item Number\": \"1619313\",\n    \"Net Weight\": \"0.08 kg\",\n    \"Package Height\": \"17.5 cm\",\n    \"Package Length\": \"7.5 cm\",\n    \"Package Width\": \"10 cm\"\n}"
    },
    {
        "product_name": "Viktor & Rolf Flowerbomb Eau de Parfum 50 ml",
        "brand_name": "Viktor & Rolf",
        "brand_url": "https://shop.frankfurt-airport.com/en-US/brand/viktor-and-rolf",
        "retailer_name": "Frankfurt Duty Free",
        "retailer_url": "https://shop.frankfurt-airport.com/en-US/retailer/heinemann",
        "price": "\u20ac99.99",
        "price_per_quantity": "\u20ac199.98 / 100  ml",
        "description": "Like a desire to enchant the world again, to transform negative into positive, to intoxicate our senses and step into the dream world of Viktor & Rolf. A Fragrance that evokes a \u201cmille-feuille of flowers\u201d.Like a desire to enchant the world again, to transform negative into positive, to intoxicate our senses and step into the dream world of Viktor & Rolf. A Fragrance that evokes a \u201cmille-feuille of flowers\u201d.",
        "additional_information": "{\n    \"Order Amount\": \"50 ml\",\n    \"Target Gender\": \"Female\",\n    \"made in\": \"France\",\n    \"Type of Fragrance\": \"Eau De Parfum\",\n    \"Item Number\": \"756903\",\n    \"Product Series\": \"Flowerbomb\",\n    \"Net Weight\": \"0.05 kg\",\n    \"Package Height\": \"10 cm\",\n    \"Package Length\": \"10 cm\",\n    \"Package Width\": \"10 cm\"\n}"
    },
    {
        "product_name": "Winston Blue 200s Deutschland",
        "brand_name": "Winston",
        "brand_url": "https://shop.frankfurt-airport.com/en-US/brand/winston",
        "retailer_name": "Frankfurt Duty Free",
        "retailer_url": "https://shop.frankfurt-airport.com/en-US/retailer/heinemann",
        "price": "\u20ac61.90",
        "price_per_quantity": "",
        "description": "Smoking kills. Due to tobacco shortages, there are currently severe delivery problems with Cuban cigars. If you use our Click & Collect service, we can therefore unfortunately not guarantee that the pre-ordered Cuban cigars are still available in the desired quantity at the time of pickup at the airport.",
        "additional_information": "{\n    \"Flight Destination Restrictions\": \"Non-EU\",\n    \"Nicotine Delivery\": \"0.4mg \\u2013 0.8mg\",\n    \"Tar Delivery\": \"4.1-8.0mg\",\n    \"Item Number\": \"1492097\",\n    \"Net Weight\": \"0.162 kg\",\n    \"Package Height\": \"8.9 cm\",\n    \"Package Length\": \"4.78 cm\",\n    \"Package Width\": \"28.5 cm\"\n}"
    },
    {
        "product_name": "Viktor & Rolf Bonbon Eau de Parfum 90 ml",
        "brand_name": "Viktor & Rolf",
        "brand_url": "https://shop.frankfurt-airport.com/en-US/brand/viktor-and-rolf",
        "retailer_name": "Frankfurt Duty Free",
        "retailer_url": "https://shop.frankfurt-airport.com/en-US/retailer/heinemann",
        "price": "\u20ac129.99",
        "price_per_quantity": "\u20ac144.43 / 100  ml",
        "description": "Bonbon, the new feminine fragrance by Viktor & Rolf, is an ode to pleasure, an exquisite moment of grace, a celebration of pure femininity. A delightful and indulgent gourmandize with a sweet caramel accord and a sparkling and delicious explosion of fruity notes. A delicious treat captured in a sophisticated 90 ml bottle, a design never-seen-before that V&R dreamt in a form of a bow, symbol of the ultimate perfection in couture.Bonbon, the new feminine fragrance by Viktor & Rolf, is an ode to pleasure, an exquisite moment of grace, a celebration of pure femininity. A delightful and indulgent gourmandize with a sweet caramel accord and a sparkling and delicious explosion of fruity notes. A delicious treat captured in a sophisticated 90 ml bottle, a design never-seen-before that V&R dreamt in a form of a bow, symbol of the ultimate perfection in couture.",
        "additional_information": "{\n    \"Order Amount\": \"90 ml\",\n    \"Target Gender\": \"Female\",\n    \"made in\": \"France\",\n    \"Type of Fragrance\": \"Eau De Parfum\",\n    \"Item Number\": \"1069088\",\n    \"Product Series\": \"Bonbon\",\n    \"Net Weight\": \"0.09 kg\",\n    \"Package Height\": \"10.8 cm\",\n    \"Package Length\": \"10.8 cm\",\n    \"Package Width\": \"10.8 cm\"\n}"
    },
    {
        "product_name": "Viktor & Rolf Flowerbomb Eau de Parfum 20 ml",
        "brand_name": "Viktor & Rolf",
        "brand_url": "https://shop.frankfurt-airport.com/en-US/brand/viktor-and-rolf",
        "retailer_name": "Frankfurt Duty Free",
        "retailer_url": "https://shop.frankfurt-airport.com/en-US/retailer/heinemann",
        "price": "\u20ac29.99",
        "price_per_quantity": "\u20ac149.95 / 100  ml",
        "description": "Flowerbomb eau de parfum, is an iconic fragrance, an unexpected association of a profusion of flowers: a dozen Cattleya orchids, hundreds of radiating Sambac jasmine flowers, thousands of pulpy freesias and millions of rose petals are gathered in the most addictive bouquet supported by sensual base notes of patchouli and sweet vanilla. Mysterious and glamourous with a generous gourmand scent, Flowerbomb eau de parfum is the quintessence of femininity by Viktor&Rolf.Flowerbomb eau de parfum, is an iconic fragrance, an unexpected association of a profusion of flowers: a dozen Cattleya orchids, hundreds of radiating Sambac jasmine flowers, thousands of pulpy freesias and millions of rose petals are gathered in the most addictive bouquet supported by sensual base notes of patchouli and sweet vanilla. Mysterious and glamourous with a generous gourmand scent, Flowerbomb eau de parfum is the quintessence of femininity by Viktor&Rolf.",
        "additional_information": "{\n    \"Order Amount\": \"20 ml\",\n    \"Target Gender\": \"Female\",\n    \"made in\": \"France\",\n    \"Type of Fragrance\": \"Eau De Parfum\",\n    \"Warning Hints\": \"Avoid eye contact. Keep away from direct heat and sunlight.\",\n    \"Item Number\": \"1369038\",\n    \"Product Series\": \"Flowerbomb\",\n    \"Net Weight\": \"0.02 kg\",\n    \"Package Height\": \"11.4 cm\",\n    \"Package Length\": \"3.4 cm\",\n    \"Package Width\": \"6.7 cm\"\n}"
    },
    {
        "product_name": "WWF eco wolf floppy 15cm",
        "brand_name": "WWF",
        "brand_url": "https://shop.frankfurt-airport.com/en-US/brand/wwf",
        "retailer_name": "Frankfurt Duty Free",
        "retailer_url": "https://shop.frankfurt-airport.com/en-US/retailer/heinemann",
        "price": "\u20ac26.90",
        "price_per_quantity": "",
        "description": "Did you know that a wolf, depending on the circumstances of course, can hear another wolf's howl from a distance of 10km? They use their howls as a way of communication between the pack. This very cute wolf can't wait to listen to all your stories. And the best thing; he is completely made of 100% recycled PET! For every WWF plush sold, a donation is made to your local WWF organisation.",
        "additional_information": "{\n    \"Warning Hints\": \"12 months and up\",\n    \"Item Number\": \"1619317\",\n    \"Net Weight\": \"0.085 kg\",\n    \"Package Height\": \"19 cm\",\n    \"Package Length\": \"9.5 cm\",\n    \"Package Width\": \"9 cm\"\n}"
    },
    {
        "product_name": "Winston Red 200s Deutschland",
        "brand_name": "Winston",
        "brand_url": "https://shop.frankfurt-airport.com/en-US/brand/winston",
        "retailer_name": "Frankfurt Duty Free",
        "retailer_url": "https://shop.frankfurt-airport.com/en-US/retailer/heinemann",
        "price": "\u20ac61.90",
        "price_per_quantity": "",
        "description": "Smoking kills. Due to tobacco shortages, there are currently severe delivery problems with Cuban cigars. If you use our Click & Collect service, we can therefore unfortunately not guarantee that the pre-ordered Cuban cigars are still available in the desired quantity at the time of pickup at the airport.",
        "additional_information": "{\n    \"Flight Destination Restrictions\": \"Non-EU\",\n    \"Nicotine Delivery\": \"0.4mg \\u2013 0.8mg\",\n    \"Tar Delivery\": \"8.1-12mg\",\n    \"Item Number\": \"1492096\",\n    \"Net Weight\": \"0.166 kg\",\n    \"Package Height\": \"8.9 cm\",\n    \"Package Length\": \"4.78 cm\",\n    \"Package Width\": \"28.5 cm\"\n}"
    },
    {
        "product_name": "WWF Plush Toys Collection, wwf wombat - 28 cm - 11\"",
        "brand_name": "WWF",
        "brand_url": "https://shop.frankfurt-airport.com/en-US/brand/wwf",
        "retailer_name": "Frankfurt Duty Free",
        "retailer_url": "https://shop.frankfurt-airport.com/en-US/retailer/heinemann",
        "price": "\u20ac38.90",
        "price_per_quantity": "",
        "description": "IBTT has developed a plush collection that embraces the values of WWF and donates 12% to your local WWF of every plush item sold. WWF has been protecting the future of nature for more than 50 years. Passionate, optimistic, credible and inspiring , that\u2019s what the WWF Plush Collection stands for. We are very proud to contribute to its mission by producing WWF branded soft toys .",
        "additional_information": "{\n    \"Warning Hints\": \"12 months and up\",\n    \"Item Number\": \"1619319\",\n    \"Net Weight\": \"0.238 kg\",\n    \"Package Height\": \"14 cm\",\n    \"Package Length\": \"24 cm\",\n    \"Package Width\": \"14 cm\"\n}"
    },
    {
        "product_name": "WWF eco rabbit beige 15cm",
        "brand_name": "WWF",
        "brand_url": "https://shop.frankfurt-airport.com/en-US/brand/wwf",
        "retailer_name": "Frankfurt Duty Free",
        "retailer_url": "https://shop.frankfurt-airport.com/en-US/retailer/heinemann",
        "price": "\u20ac23.90",
        "price_per_quantity": "",
        "description": "Did you know rabbits have almost 360 degrees vision? And their ears can rotate about 180 degrees, how cool is that? When a baby bunny is born though, they have their little eyes shut for about seven days. This fluffy rabbit is made of 100% recycled PET and is ready for a new friend! The WWF Plush Collection by Bon Ton Toys is a wide range of durable, life-like plush animals especially designed for The World Wide Fund for Nature. All plush animals are handmade, contain 100% recycled PET filling and are manufactured according to the highest standards when it comes to child safety and ethical production.",
        "additional_information": "{\n    \"Warning Hints\": \"12 months and up\",\n    \"Item Number\": \"1619312\",\n    \"Net Weight\": \"0.068 kg\",\n    \"Package Height\": \"15 cm\",\n    \"Package Length\": \"10 cm\",\n    \"Package Width\": \"7 cm\"\n}"
    },
    {
        "product_name": "WWF Plush Toys, kids' Plush Panda sitting",
        "brand_name": "WWF",
        "brand_url": "https://shop.frankfurt-airport.com/en-US/brand/wwf",
        "retailer_name": "Frankfurt Duty Free",
        "retailer_url": "https://shop.frankfurt-airport.com/en-US/retailer/heinemann",
        "price": "\u20ac32.90",
        "price_per_quantity": "",
        "description": "IBTT has developed a plush collection that embraces the values of WWF and donates 12% to your local WWF of every plush item sold. WWF has been protecting the future of nature for more than 50 years. Passionate, optimistic, credible and inspiring , that\u2019s what the WWF Plush Collection stands for. We are very proud to contribute to its mission by producing WWF branded soft toys .",
        "additional_information": "{\n    \"Warning Hints\": \"0 months and up\",\n    \"Item Number\": \"1503143\",\n    \"Net Weight\": \"0.182 kg\",\n    \"Package Height\": \"0.5 cm\",\n    \"Package Length\": \"36 cm\",\n    \"Package Width\": \"27 cm\"\n}"
    },
    {
        "product_name": "WWF Plush Toys Collection, wwf eco seal white - 15 cm - 6\"",
        "brand_name": "WWF",
        "brand_url": "https://shop.frankfurt-airport.com/en-US/brand/wwf",
        "retailer_name": "Frankfurt Duty Free",
        "retailer_url": "https://shop.frankfurt-airport.com/en-US/retailer/heinemann",
        "price": "\u20ac18.90",
        "price_per_quantity": "",
        "description": "IBTT has developed a plush collection that embraces the values of WWF and donates 12% to your local WWF of every plush item sold. WWF has been protecting the future of nature for more than 50 years. Passionate, optimistic, credible and inspiring , that\u2019s what the WWF Plush Collection stands for. We are very proud to contribute to its mission by producing WWF branded soft toys .",
        "additional_information": "{\n    \"Warning Hints\": \"12 months and up\",\n    \"Item Number\": \"1619316\",\n    \"Net Weight\": \"0.047 kg\",\n    \"Package Height\": \"14 cm\",\n    \"Package Length\": \"6 cm\",\n    \"Package Width\": \"6 cm\"\n}"
    },
    {
        "product_name": "WWF Plush Toys Collection, wwf eco polar bear sitting- 23 cm - 9\"",
        "brand_name": "WWF",
        "brand_url": "https://shop.frankfurt-airport.com/en-US/brand/wwf",
        "retailer_name": "Frankfurt Duty Free",
        "retailer_url": "https://shop.frankfurt-airport.com/en-US/retailer/heinemann",
        "price": "\u20ac32.90",
        "price_per_quantity": "",
        "description": "IBTT has developed a plush collection that embraces the values of WWF and donates 12% to your local WWF of every plush item sold. WWF has been protecting the future of nature for more than 50 years. Passionate, optimistic, credible and inspiring , that\u2019s what the WWF Plush Collection stands for. We are very proud to contribute to its mission by producing WWF branded soft toys .",
        "additional_information": "{\n    \"Warning Hints\": \"12 months and up\",\n    \"Item Number\": \"1619315\",\n    \"Net Weight\": \"0.164 kg\",\n    \"Package Height\": \"20 cm\",\n    \"Package Length\": \"10 cm\",\n    \"Package Width\": \"9 cm\"\n}"
    },
    {
        "product_name": "WWF Plush Toys Collection, wwf eco grizzly bear brown - 25 cm - 10\"",
        "brand_name": "WWF",
        "brand_url": "https://shop.frankfurt-airport.com/en-US/brand/wwf",
        "retailer_name": "Frankfurt Duty Free",
        "retailer_url": "https://shop.frankfurt-airport.com/en-US/retailer/heinemann",
        "price": "\u20ac32.90",
        "price_per_quantity": "",
        "description": "IBTT has developed a plush collection that embraces the values of WWF and donates 12% to your local WWF of every plush item sold. WWF has been protecting the future of nature for more than 50 years. Passionate, optimistic, credible and inspiring , that\u2019s what the WWF Plush Collection stands for. We are very proud to contribute to its mission by producing WWF branded soft toys .",
        "additional_information": "{\n    \"Warning Hints\": \"12 months and up\",\n    \"Item Number\": \"1619314\",\n    \"Net Weight\": \"0.154 kg\",\n    \"Package Height\": \"20 cm\",\n    \"Package Length\": \"12 cm\",\n    \"Package Width\": \"13 cm\"\n}"
    },
    {
        "product_name": "WWF PLUSH TOYS COLLECTION, forest friends 3pcs 10cm",
        "brand_name": "WWF",
        "brand_url": "https://shop.frankfurt-airport.com/en-US/brand/wwf",
        "retailer_name": "Frankfurt Duty Free",
        "retailer_url": "https://shop.frankfurt-airport.com/en-US/retailer/heinemann",
        "price": "\u20ac29.90",
        "price_per_quantity": "",
        "description": "WWF Mini Box Forest Friends \u2013 TRAVELLERS EXCLUSIVE- Baby Hedgehod- Baby Wolf - Baby HareWWF Mini Box Forest Friends \u2013 TRAVELLERS EXCLUSIVE- Baby Hedgehod- Baby Wolf - Baby Hare",
        "additional_information": "{\n    \"Warning Hints\": \"0 months and up\",\n    \"Item Number\": \"1579066\",\n    \"Net Weight\": \"0.115 kg\",\n    \"Package Height\": \"7.5 cm\",\n    \"Package Length\": \"16 cm\",\n    \"Package Width\": \"13 cm\"\n}"
    },
    {
        "product_name": "WWF CUB CLUB PLUSH TOYS COLLECTION, Wwf Cub Club Plush Toys Collection, eco mago the monkey brown - 29 cm - 11,5\"",
        "brand_name": "WWF",
        "brand_url": "https://shop.frankfurt-airport.com/en-US/brand/wwf",
        "retailer_name": "Frankfurt Duty Free",
        "retailer_url": "https://shop.frankfurt-airport.com/en-US/retailer/heinemann",
        "price": "\u20ac31.90",
        "price_per_quantity": "",
        "description": "IBTT has developed a plush collection that embraces the values of WWF and donates 12% to your local WWF of every plush item sold. WWF has been protecting the future of nature for more than 50 years. Passionate, optimistic, credible and inspiring , that\u2019s what the WWF Plush Collection stands for. We are very proud to contribute to its mission by producing WWF branded soft toys .",
        "additional_information": "{\n    \"Warning Hints\": \"12 months and up\",\n    \"Item Number\": \"1619320\",\n    \"Net Weight\": \"0.177 kg\",\n    \"Package Height\": \"22 cm\",\n    \"Package Length\": \"6 cm\",\n    \"Package Width\": \"10 cm\"\n}"
    },
    {
        "product_name": "WWF Plush Toys Collection, wwf clownfish - 18 cm - 7\"",
        "brand_name": "WWF",
        "brand_url": "https://shop.frankfurt-airport.com/en-US/brand/wwf",
        "retailer_name": "Frankfurt Duty Free",
        "retailer_url": "https://shop.frankfurt-airport.com/en-US/retailer/heinemann",
        "price": "\u20ac21.90",
        "price_per_quantity": "",
        "description": "IBTT has developed a plush collection that embraces the values of WWF and donates 12% to your local WWF of every plush item sold. WWF has been protecting the future of nature for more than 50 years. Passionate, optimistic, credible and inspiring , that\u2019s what the WWF Plush Collection stands for. We are very proud to contribute to its mission by producing WWF branded soft toys .",
        "additional_information": "{\n    \"Warning Hints\": \"12 months and up\",\n    \"Item Number\": \"1619309\",\n    \"Net Weight\": \"0.048 kg\",\n    \"Package Height\": \"21 cm\",\n    \"Package Length\": \"12 cm\",\n    \"Package Width\": \"8.5 cm\"\n}"
    },
    {
        "product_name": "WWF cub club eco bernard bear brown 29cm",
        "brand_name": "WWF",
        "brand_url": "https://shop.frankfurt-airport.com/en-US/brand/wwf",
        "retailer_name": "Frankfurt Duty Free",
        "retailer_url": "https://shop.frankfurt-airport.com/en-US/retailer/heinemann",
        "price": "\u20ac31.90",
        "price_per_quantity": "",
        "description": "Did you know a baby bear is called a cub? And that trees are basically the babysitter for a bear? The mom bear uses trees to sit her  cubs in front of. If there is even the slightest danger, they can climb in and be safe. Bernard Bear is completely made of 100% recycled PET!",
        "additional_information": "{\n    \"Warning Hints\": \"12 months and up\",\n    \"Item Number\": \"1619321\",\n    \"Net Weight\": \"0.187 kg\",\n    \"Package Height\": \"28 cm\",\n    \"Package Length\": \"9 cm\",\n    \"Package Width\": \"10 cm\"\n}"
    },
    {
        "product_name": "WWF Plush Toys Collection, wwf eco octopus - 50 cm - 20\"",
        "brand_name": "WWF",
        "brand_url": "https://shop.frankfurt-airport.com/en-US/brand/wwf",
        "retailer_name": "Frankfurt Duty Free",
        "retailer_url": "https://shop.frankfurt-airport.com/en-US/retailer/heinemann",
        "price": "\u20ac39.90",
        "price_per_quantity": "",
        "description": "IBTT has developed a plush collection that embraces the values of WWF and donates 12% to your local WWF of every plush item sold. WWF has been protecting the future of nature for more than 50 years. Passionate, optimistic, credible and inspiring , that\u2019s what the WWF Plush Collection stands for. We are very proud to contribute to its mission by producing WWF branded soft toys .",
        "additional_information": "{\n    \"Warning Hints\": \"12 months and up\",\n    \"Item Number\": \"1619310\",\n    \"Net Weight\": \"0.333 kg\",\n    \"Package Height\": \"9.5 cm\",\n    \"Package Length\": \"15 cm\",\n    \"Package Width\": \"43 cm\"\n}"
    },
    {
        "product_name": "WWF, eco koala 22cm",
        "brand_name": "WWF",
        "brand_url": "https://shop.frankfurt-airport.com/en-US/brand/wwf",
        "retailer_name": "Frankfurt Duty Free",
        "retailer_url": "https://shop.frankfurt-airport.com/en-US/retailer/heinemann",
        "price": "\u20ac34.90",
        "price_per_quantity": "",
        "description": "IBTT has developed a plush collection that embraces the values of WWF and donates 12% to your local WWF of every plush item sold. WWF has been protecting the future of nature for more than 50 years. Passionate, optimistic, credible and inspiring , that\u2019s what the WWF Plush Collection stands for. We are very proud to contribute to its mission by producing WWF branded soft toys .",
        "additional_information": "{\n    \"Warning Hints\": \"Not suitable for children under 12 months\",\n    \"Item Number\": \"1683822\",\n    \"Net Weight\": \"0.099 kg\",\n    \"Package Height\": \"5 cm\",\n    \"Package Length\": \"15 cm\",\n    \"Package Width\": \"9 cm\"\n}"
    },
    {
        "product_name": "WWF Plush Toys Collection, wwf marmot - 23 cm - 9\"",
        "brand_name": "WWF",
        "brand_url": "https://shop.frankfurt-airport.com/en-US/brand/wwf",
        "retailer_name": "Frankfurt Duty Free",
        "retailer_url": "https://shop.frankfurt-airport.com/en-US/retailer/heinemann",
        "price": "\u20ac36.90",
        "price_per_quantity": "",
        "description": "IBTT has developed a plush collection that embraces the values of WWF and donates 12% to your local WWF of every plush item sold. WWF has been protecting the future of nature for more than 50 years. Passionate, optimistic, credible and inspiring , that\u2019s what the WWF Plush Collection stands for. We are very proud to contribute to its mission by producing WWF branded soft toys .",
        "additional_information": "{\n    \"Warning Hints\": \"12 months and up\",\n    \"Item Number\": \"1619318\",\n    \"Net Weight\": \"0.195 kg\",\n    \"Package Height\": \"21.5 cm\",\n    \"Package Length\": \"12 cm\",\n    \"Package Width\": \"11 cm\"\n}"
    },
    {
        "product_name": "WWF Plush Toys Collection, wwf eco great white shark - 15 cm - 6\"",
        "brand_name": "WWF",
        "brand_url": "https://shop.frankfurt-airport.com/en-US/brand/wwf",
        "retailer_name": "Frankfurt Duty Free",
        "retailer_url": "https://shop.frankfurt-airport.com/en-US/retailer/heinemann",
        "price": "\u20ac17.90",
        "price_per_quantity": "",
        "description": "IBTT has developed a plush collection that embraces the values of WWF and donates 12% to your local WWF of every plush item sold. WWF has been protecting the future of nature for more than 50 years. Passionate, optimistic, credible and inspiring , that\u2019s what the WWF Plush Collection stands for. We are very proud to contribute to its mission by producing WWF branded soft toys .",
        "additional_information": "{\n    \"Warning Hints\": \"12 months and up\",\n    \"Item Number\": \"1619311\",\n    \"Net Weight\": \"0.034 kg\",\n    \"Package Height\": \"12 cm\",\n    \"Package Length\": \"5 cm\",\n    \"Package Width\": \"6 cm\"\n}"
    },
    {
        "product_name": "WWF Plush Toys Collection, fluffy grey owl",
        "brand_name": "WWF",
        "brand_url": "https://shop.frankfurt-airport.com/en-US/brand/wwf",
        "retailer_name": "Frankfurt Duty Free",
        "retailer_url": "https://shop.frankfurt-airport.com/en-US/retailer/heinemann",
        "price": "\u20ac24.90",
        "price_per_quantity": "",
        "description": "IBTT has developed a plush collection that embraces the values of WWF and donates 12% to your local WWF of every plush item sold. WWF has been protecting the future of nature for more than 50 years. Passionate, optimistic, credible and inspiring , that\u2019s what the WWF Plush Collection stands for. We are very proud to contribute to its mission by producing WWF branded soft toys .",
        "additional_information": "{\n    \"Warning Hints\": \"0 months and up\",\n    \"Item Number\": \"1559684\",\n    \"Net Weight\": \"0.082 kg\",\n    \"Package Height\": \"7.5 cm\",\n    \"Package Length\": \"16 cm\",\n    \"Package Width\": \"10 cm\"\n}"
    },
    {
        "product_name": "WWF Plush Toys, kids' Plush Elephant floppy",
        "brand_name": "WWF",
        "brand_url": "https://shop.frankfurt-airport.com/en-US/brand/wwf",
        "retailer_name": "Frankfurt Duty Free",
        "retailer_url": "https://shop.frankfurt-airport.com/en-US/retailer/heinemann",
        "price": "\u20ac33.90",
        "price_per_quantity": "",
        "description": "IBTT has developed a plush collection that embraces the values of WWF and donates 12% to your local WWF of every plush item sold. WWF has been protecting the future of nature for more than 50 years. Passionate, optimistic, credible and inspiring , that\u2019s what the WWF Plush Collection stands for. We are very proud to contribute to its mission by producing WWF branded soft toys .",
        "additional_information": "{\n    \"Warning Hints\": \"0 months and up\",\n    \"Item Number\": \"1503155\",\n    \"Net Weight\": \"0.191 kg\",\n    \"Package Height\": \"10 cm\",\n    \"Package Length\": \"7 cm\",\n    \"Package Width\": \"7.5 cm\"\n}"
    },
    {
        "product_name": "WWF, Plush",
        "brand_name": "WWF",
        "brand_url": "https://shop.frankfurt-airport.com/en-US/brand/wwf",
        "retailer_name": "Frankfurt Duty Free",
        "retailer_url": "https://shop.frankfurt-airport.com/en-US/retailer/heinemann",
        "price": "\u20ac31.90",
        "price_per_quantity": "",
        "description": "The WWF Cub Club Collection by Bon Ton Toys are happy and soft plush animals especially designed for The World Wide Fund for Nature and perfect for even the littlest of babies. All plush animals are handmade, contain 100% recycled PET filling and are manufactured according to the highest standards when it comes to child safety and ethical production. For every plush sold, a donation is made to WWF.The WWF Cub Club Collection by Bon Ton Toys are happy and soft plush animals especially designed for The World Wide Fund for Nature and perfect for even the littlest of babies. All plush animals are handmade, contain 100% recycled PET filling and are manufactured according to the highest standards when it comes to child safety and ethical production. For every plush sold, a donation is made to WWF.",
        "additional_information": "{\n    \"Warning Hints\": \"12 months and up\",\n    \"Item Number\": \"1559686\",\n    \"Net Weight\": \"0.193 kg\",\n    \"Package Height\": \"8 cm\",\n    \"Package Length\": \"20 cm\",\n    \"Package Width\": \"13 cm\"\n}"
    },
    {
        "product_name": "WWF Plush Toys Collection, red fox",
        "brand_name": "WWF",
        "brand_url": "https://shop.frankfurt-airport.com/en-US/brand/wwf",
        "retailer_name": "Frankfurt Duty Free",
        "retailer_url": "https://shop.frankfurt-airport.com/en-US/retailer/heinemann",
        "price": "\u20ac24.90",
        "price_per_quantity": "",
        "description": "IBTT has developed a plush collection that embraces the values of WWF and donates 12% to your local WWF of every plush item sold. WWF has been protecting the future of nature for more than 50 years. Passionate, optimistic, credible and inspiring , that\u2019s what the WWF Plush Collection stands for. We are very proud to contribute to its mission by producing WWF branded soft toys .",
        "additional_information": "{\n    \"Warning Hints\": \"0 months and up\",\n    \"Item Number\": \"1559685\",\n    \"Net Weight\": \"0.089 kg\",\n    \"Package Height\": \"7 cm\",\n    \"Package Length\": \"18 cm\",\n    \"Package Width\": \"9.5 cm\"\n}"
    },
    {
        "product_name": "WWF Plush Toys, kids' Plush European Otter",
        "brand_name": "WWF",
        "brand_url": "https://shop.frankfurt-airport.com/en-US/brand/wwf",
        "retailer_name": "Frankfurt Duty Free",
        "retailer_url": "https://shop.frankfurt-airport.com/en-US/retailer/heinemann",
        "price": "\u20ac26.90",
        "price_per_quantity": "",
        "description": "IBTT has developed a plush collection that embraces the values of WWF and donates 12% to your local WWF of every plush item sold. WWF has been protecting the future of nature for more than 50 years. Passionate, optimistic, credible and inspiring , that\u2019s what the WWF Plush Collection stands for. We are very proud to contribute to its mission by producing WWF branded soft toys .",
        "additional_information": "{\n    \"Warning Hints\": \"0 months and up\",\n    \"Item Number\": \"1502875\",\n    \"Net Weight\": \"0.109 kg\",\n    \"Package Height\": \"8 cm\",\n    \"Package Length\": \"20 cm\",\n    \"Package Width\": \"10 cm\"\n}"
    },
    {
        "product_name": "WWF Plush Toys, kids' Plush Chimpanzee",
        "brand_name": "WWF",
        "brand_url": "https://shop.frankfurt-airport.com/en-US/brand/wwf",
        "retailer_name": "Frankfurt Duty Free",
        "retailer_url": "https://shop.frankfurt-airport.com/en-US/retailer/heinemann",
        "price": "\u20ac27.90",
        "price_per_quantity": "",
        "description": "IBTT has developed a plush collection that embraces the values of WWF and donates 12% to your local WWF of every plush item sold. WWF has been protecting the future of nature for more than 50 years. Passionate, optimistic, credible and inspiring , that\u2019s what the WWF Plush Collection stands for. We are very proud to contribute to its mission by producing WWF branded soft toys .",
        "additional_information": "{\n    \"Warning Hints\": \"0 months and up\",\n    \"Item Number\": \"1503149\",\n    \"Net Weight\": \"0.071 kg\",\n    \"Package Height\": \"5 cm\",\n    \"Package Length\": \"10 cm\",\n    \"Package Width\": \"5 cm\"\n}"
    },
    {
        "product_name": "WWF Plush Toys, kids' Plush Dolphin",
        "brand_name": "WWF",
        "brand_url": "https://shop.frankfurt-airport.com/en-US/brand/wwf",
        "retailer_name": "Frankfurt Duty Free",
        "retailer_url": "https://shop.frankfurt-airport.com/en-US/retailer/heinemann",
        "price": "\u20ac26.90",
        "price_per_quantity": "",
        "description": "IBTT has developed a plush collection that embraces the values of WWF and donates 12% to your local WWF of every plush item sold. WWF has been protecting the future of nature for more than 50 years. Passionate, optimistic, credible and inspiring , that\u2019s what the WWF Plush Collection stands for. We are very proud to contribute to its mission by producing WWF branded soft toys .",
        "additional_information": "{\n    \"Warning Hints\": \"0 months and up\",\n    \"Item Number\": \"1503141\",\n    \"Net Weight\": \"0.123 kg\",\n    \"Package Height\": \"8 cm\",\n    \"Package Length\": \"28 cm\",\n    \"Package Width\": \"10 cm\"\n}"
    },
    {
        "product_name": "WWF Plush Toys, kids' Plush Tiger floppy",
        "brand_name": "WWF",
        "brand_url": "https://shop.frankfurt-airport.com/en-US/brand/wwf",
        "retailer_name": "Frankfurt Duty Free",
        "retailer_url": "https://shop.frankfurt-airport.com/en-US/retailer/heinemann",
        "price": "\u20ac32.90",
        "price_per_quantity": "",
        "description": "IBTT has developed a plush collection that embraces the values of WWF and donates 12% to your local WWF of every plush item sold. WWF has been protecting the future of nature for more than 50 years. Passionate, optimistic, credible and inspiring , that\u2019s what the WWF Plush Collection stands for. We are very proud to contribute to its mission by producing WWF branded soft toys .",
        "additional_information": "{\n    \"Warning Hints\": \"0 months and up\",\n    \"Item Number\": \"1503154\",\n    \"Net Weight\": \"0.154 kg\",\n    \"Package Height\": \"9 cm\",\n    \"Package Length\": \"20 cm\",\n    \"Package Width\": \"14 cm\"\n}"
    },
    {
        "product_name": "WWF Plush Toys, standing t-rex -47cm",
        "brand_name": "WWF",
        "brand_url": "https://shop.frankfurt-airport.com/en-US/brand/wwf",
        "retailer_name": "Frankfurt Duty Free",
        "retailer_url": "https://shop.frankfurt-airport.com/en-US/retailer/heinemann",
        "price": "\u20ac38.90",
        "price_per_quantity": "",
        "description": "IBTT has developed a plush collection that embraces the values of WWF and donates 12% to your local WWF of every plush item sold. WWF has been protecting the future of nature for more than 50 years. Passionate, optimistic, credible and inspiring , that\u2019s what the WWF Plush Collection stands for. We are very proud to contribute to its mission by producing WWF branded soft toys .",
        "additional_information": "{\n    \"Warning Hints\": \"0 months and up\",\n    \"Item Number\": \"1457113\",\n    \"Net Weight\": \"0.214 kg\",\n    \"Package Height\": \"10 cm\",\n    \"Package Length\": \"31 cm\",\n    \"Package Width\": \"13 cm\"\n}"
    },
    {
        "product_name": "Woodford Reserve Double Oaked Kentucky Straight Bourbon Whiskey 43.2% 1L*",
        "brand_name": "Woodford",
        "brand_url": "https://shop.frankfurt-airport.com/en-US/brand/woodford",
        "retailer_name": "Frankfurt Duty Free",
        "retailer_url": "https://shop.frankfurt-airport.com/en-US/retailer/heinemann",
        "price": "\u20ac69.99",
        "price_per_quantity": "\u20ac69.99 / 1  l",
        "description": "Woodford Reserve Double Oaked is an innovative approach to twice-barreled bourbon, that creates a rich and colorful flavor unlike any other Kentucky bourbon in the market. Uniquely matured in separate, charred oak barrels \u2013 the second barrel deeply toasted before a light charring \u2013extracts additional amounts of soft, sweet oak character.Woodford Reserve Double Oaked is an innovative approach to twice-barreled bourbon, that creates a rich and colorful flavor unlike any other Kentucky bourbon in the market. Uniquely matured in separate, charred oak barrels \u2013 the second barrel deeply toasted before a light charring \u2013extracts additional amounts of soft, sweet oak character.",
        "additional_information": "{\n    \"Order Amount\": \"1 l\",\n    \"Calories\": \"989 kJ\",\n    \"Fat\": \" / \",\n    \"thereof \": \"0 g\",\n    \"Saturated Fatty Acids\": \"0 g\",\n    \"Carbonate\": \"0 g\",\n    \"Sugar\": \"0 g\",\n    \"Protein\": \"0 g\",\n    \"Salt\": \"0 g\",\n    \"made in\": \"Usa\",\n    \"With Colorant\": \"No\",\n    \"Warning Hints\": \"Please drink responsibly.\",\n    \"Item Number\": \"1338902\",\n    \"Net Weight\": \"1 kg\",\n    \"Package Height\": \"21.21 cm\",\n    \"Package Length\": \"8.81 cm\",\n    \"Package Width\": \"14.17 cm\"\n}"
    },
    {
        "product_name": "Woodford Reserve Disitllers Selection Kentucky Straight Bourbon Whiskey 43.2% 1L*",
        "brand_name": "Woodford",
        "brand_url": "https://shop.frankfurt-airport.com/en-US/brand/woodford",
        "retailer_name": "Frankfurt Duty Free",
        "retailer_url": "https://shop.frankfurt-airport.com/en-US/retailer/heinemann",
        "price": "\u20ac48.99",
        "price_per_quantity": "\u20ac48.99 / 1  l",
        "description": "The art of making fine bourbon first took place on the site of the Woodford Reserve Distillery, a National Historic Landmark, in 1812. The perfectly balanced taste of our Kentucky Straight Bourbon Whiskey is comprised of more than 200 detectable flavor notes, from bold grain and wood, to sweet aromatics, spice, and fruit & floral notes.The art of making fine bourbon first took place on the site of the Woodford Reserve Distillery, a National Historic Landmark, in 1812. The perfectly balanced taste of our Kentucky Straight Bourbon Whiskey is comprised of more than 200 detectable flavor notes, from bold grain and wood, to sweet aromatics, spice, and fruit & floral notes.",
        "additional_information": "{\n    \"Order Amount\": \"1 l\",\n    \"Calories\": \"989 kJ\",\n    \"Fat\": \" / \",\n    \"thereof \": \"0 g\",\n    \"Saturated Fatty Acids\": \"0 g\",\n    \"Carbonate\": \"0 g\",\n    \"Sugar\": \"0 g\",\n    \"Protein\": \"0 g\",\n    \"Salt\": \"0 g\",\n    \"made in\": \"Usa\",\n    \"With Colorant\": \"No\",\n    \"GMO Free\": \"Yes\",\n    \"Warning Hints\": \"Please drink responsibly.\",\n    \"Item Number\": \"115046\",\n    \"Net Weight\": \"1 kg\",\n    \"Package Height\": \"27.2 cm\",\n    \"Package Length\": \"12.6 cm\",\n    \"Package Width\": \"7 cm\"\n}"
    },
    {
        "product_name": "The Nikka Days Japanese Blended Whisky 40% 0.7L gift pack",
        "brand_name": "The Nikka",
        "brand_url": "https://shop.frankfurt-airport.com/en-US/brand/the-nikka",
        "retailer_name": "Frankfurt Duty Free",
        "retailer_url": "https://shop.frankfurt-airport.com/en-US/retailer/heinemann",
        "price": "\u20ac42.99",
        "price_per_quantity": "\u20ac61.41 / 1  l",
        "description": "A subtle blend of grain and malt whiskies, slightly peated. Creamy, fruity and smooth, this whisky will please amateurs and connoisseurs alike with its floral and fruity notes.A subtle blend of grain and malt whiskies, slightly peated. Creamy, fruity and smooth, this whisky will please amateurs and connoisseurs alike with its floral and fruity notes.",
        "additional_information": "{\n    \"Order Amount\": \"0.7 l\",\n    \"Calories\": \"945.8 kJ\",\n    \"Fat\": \" / \",\n    \"thereof \": \"0 g\",\n    \"Saturated Fatty Acids\": \"0 g\",\n    \"Carbonate\": \"0 g\",\n    \"Sugar\": \"0 g\",\n    \"Protein\": \"0 g\",\n    \"Salt\": \"0 g\",\n    \"made in\": \"Japan\",\n    \"With Colorant\": \"Yes\",\n    \"Storage Conditions\": \"Store in a cool dry place.\",\n    \"Warning Hints\": \"Drink responsibly.\",\n    \"Item Number\": \"1368464\",\n    \"Net Weight\": \"0.7 kg\",\n    \"Package Height\": \"21.5 cm\",\n    \"Package Length\": \"8.5 cm\",\n    \"Package Width\": \"8.5 cm\"\n}"
    },
    {
        "product_name": "Nikka Taketsuru Japanese Pure Malt Whisky 43% 0.7L gift pack",
        "brand_name": "The Nikka",
        "brand_url": "https://shop.frankfurt-airport.com/en-US/brand/the-nikka",
        "retailer_name": "Frankfurt Duty Free",
        "retailer_url": "https://shop.frankfurt-airport.com/en-US/retailer/heinemann",
        "price": "\u20ac69.99",
        "price_per_quantity": "\u20ac99.99 / 1  l",
        "description": "Blended Malt named in honor of Nikka founder Masataka Taketsuru. Acknowledged as the founding father of Japanese whisky, Taketsuru was the first Japanese to travel to Scotland to discover whisky-making, and to bring this know-how back to Japan.Blended Malt named in honor of Nikka founder Masataka Taketsuru. Acknowledged as the founding father of Japanese whisky, Taketsuru was the first Japanese to travel to Scotland to discover whisky-making, and to bring this know-how back to Japan.",
        "additional_information": "{\n    \"Order Amount\": \"0.7 l\",\n    \"Calories\": \"1,016 kJ\",\n    \"made in\": \" / \",\n    \"With Colorant\": \"243 kcal\",\n    \"Storage Conditions\": \"Japan\",\n    \"Warning Hints\": \"Yes\",\n    \"Item Number\": \"Store in a cool dry place.\",\n    \"Net Weight\": \"Drink responsibly.\",\n    \"Package Height\": \"1625442\",\n    \"Package Length\": \"0.7 kg\",\n    \"Package Width\": \"25.5 cm\"\n}"
    },
    {
        "product_name": "The Glenlivet Caskmakers Single Malt Scotch Whisky 40% 0.7L giftpack",
        "brand_name": "The Glenlivet",
        "brand_url": "https://shop.frankfurt-airport.com/en-US/brand/the-glenlivet",
        "retailer_name": "Frankfurt Duty Free",
        "retailer_url": "https://shop.frankfurt-airport.com/en-US/retailer/heinemann",
        "price": "\u20ac209.99",
        "price_per_quantity": "\u20ac299.99 / 1  l",
        "description": "For over 200 years, the Glenlivet has continued to challenge the conventions of whisky-making, always pushing the boundaries in pursuit of creating single malts of the highest quality. This time, masters of their craft have come together to take the whisky experience to a new level: perfectly crafting two casks into one, a feat of originality. Allied with our cask experts, the master coopers in Jerez, Spain have hand-selected the finest ex-Spanish sherry and freshly charred European oak casks; these casks were deconstructed and intricately recrafted \u2013 alternating stave by stave. A portion of the whisky is then selectively finished in these reconstructed casks, bringing new depths to the interplay of flavours.For over 200 years, the Glenlivet has continued to challenge the conventions of whisky-making, always pushing the boundaries in pursuit of creating single malts of the highest quality. This time, masters of their craft have come together to take the whisky experience to a new level: perfectly crafting two casks into one, a feat of originality. Allied with our cask experts, the master coopers in Jerez, Spain have hand-selected the finest ex-Spanish sherry and freshly charred European oak casks; these casks were deconstructed and intricately recrafted \u2013 alternating stave by stave. A portion of the whisky is then selectively finished in these reconstructed casks, bringing new depths to the interplay of flavours.",
        "additional_information": "{\n    \"Order Amount\": \"0.7 l\",\n    \"Calories\": \"916 kJ\",\n    \"Fat\": \" / \",\n    \"thereof \": \"0 g\",\n    \"Saturated Fatty Acids\": \"0 g\",\n    \"Carbonate\": \"0 g\",\n    \"Sugar\": \"0 g\",\n    \"Protein\": \"0 g\",\n    \"Salt\": \"0 g\",\n    \"Fiber\": \"0 g\",\n    \"made in\": \"United Kingdom\",\n    \"With Colorant\": \"No\",\n    \"Storage Conditions\": \"Store in an upright condition / store out of direct sunlight\",\n    \"Warning Hints\": \"DRINK RESPONSIBLY\",\n    \"Item Number\": \"1636911\",\n    \"Net Weight\": \"0.7 kg\",\n    \"Package Height\": \"32.5 cm\",\n    \"Package Length\": \"12.5 cm\",\n    \"Package Width\": \"12.5 cm\"\n}"
    },
    {
        "product_name": "Tic Tac Lilliput Strawberry 228g",
        "brand_name": "Tic Tac",
        "brand_url": "https://shop.frankfurt-airport.com/en-US/brand/tic-tac",
        "retailer_name": "Frankfurt Duty Free",
        "retailer_url": "https://shop.frankfurt-airport.com/en-US/retailer/heinemann",
        "price": "\u20ac12.99",
        "price_per_quantity": "\u20ac56.97 / 1  kg",
        "description": "Strawberries enter in the smallest format for the biggest box!",
        "additional_information": "{\n    \"Order Amount\": \"0.228 kg\",\n    \"Calories\": \"1,682 kJ\",\n    \"Fat\": \" / \",\n    \"thereof \": \"96.2 g\",\n    \"Saturated Fatty Acids\": \"0.5 g\",\n    \"Carbonate\": \"0.5 g\",\n    \"Sugar\": \"92.8 g\",\n    \"Protein\": \"0.1 g\",\n    \"Salt\": \"0.023 g\",\n    \"made in\": \"India\",\n    \"With Colorant\": \"No\",\n    \"Item Number\": \"1519122\",\n    \"Net Weight\": \"0.228 kg\",\n    \"Package Height\": \"19.7 cm\",\n    \"Package Length\": \"13.1 cm\",\n    \"Package Width\": \"6.1 cm\"\n}"
    },
    {
        "product_name": "The Dalmore Portfolio Series 1 Highland Single Malt Scotch Whisky 46.8% 0.7L",
        "brand_name": "The Dalmore",
        "brand_url": "https://shop.frankfurt-airport.com/en-US/brand/the-dalmore",
        "retailer_name": "Frankfurt Duty Free",
        "retailer_url": "https://shop.frankfurt-airport.com/en-US/retailer/heinemann",
        "price": "\u20ac599.00",
        "price_per_quantity": "\u20ac855.71 / 1  l",
        "description": "The Dalmore Portfolio Series showcases the work of rising talents within art & design and celebrates the Dalmore's partnership with the V&A museum in Dundee. The series pairs specially commissioned works of art with masterpieces of whisky making. Fraser Gray is an  Edinburgh artist recognised for his striking use of colour & for pushing boundaries with large-scale street art. One of only 5000 bottles this highly limited edition is finessed in carefully selected Bordeaux wine casks sourced from one of France's finest chateaux vineyards.The Dalmore Portfolio Series showcases the work of rising talents within art & design and celebrates the Dalmore's partnership with the V&A museum in Dundee. The series pairs specially commissioned works of art with masterpieces of whisky making. Fraser Gray is an  Edinburgh artist recognised for his striking use of colour & for pushing boundaries with large-scale street art. One of only 5000 bottles this highly limited edition is finessed in carefully selected Bordeaux wine casks sourced from one of France's finest chateaux vineyards.",
        "additional_information": "{\n    \"Order Amount\": \"0.7 l\",\n    \"made in\": \"United Kingdom\",\n    \"With Colorant\": \"No\",\n    \"Storage Conditions\": \"Store in a cool dry place.\",\n    \"Warning Hints\": \"Drink responsibly.\",\n    \"Item Number\": \"1665102\",\n    \"Net Weight\": \"0.7 kg\",\n    \"Package Height\": \"28.5 cm\",\n    \"Package Length\": \"12.5 cm\",\n    \"Package Width\": \"16 cm\"\n}"
    },
    {
        "product_name": "Stroh Rum Original 60% 1L Flask",
        "brand_name": "Stroh",
        "brand_url": "https://shop.frankfurt-airport.com/en-US/brand/stroh",
        "retailer_name": "Frankfurt Duty Free",
        "retailer_url": "https://shop.frankfurt-airport.com/en-US/retailer/heinemann",
        "price": "\u20ac20.99",
        "price_per_quantity": "\u20ac20.99 / 1  l",
        "description": "Whether for cooking, baking or as warmth spending drink it is always the right season for the unmistakable Stroh aroma. Stroh Original is the best aromatic expression of the Austrian way of life. We enjoy it when we need time out from the daily rush. It has its place in hot drinks such as warming Jagertee, Punch and Grog, as well as in cocktails, mixed drinks and fruit bowles. Talking about traditional Austrian sweet dishes, Stroh Original is indispensable for cakes, flans and desserts.Whether for cooking, baking or as warmth spending drink it is always the right season for the unmistakable Stroh aroma. Stroh Original is the best aromatic expression of the Austrian way of life. We enjoy it when we need time out from the daily rush. It has its place in hot drinks such as warming Jagertee, Punch and Grog, as well as in cocktails, mixed drinks and fruit bowles. Talking about traditional Austrian sweet dishes, Stroh Original is indispensable for cakes, flans and desserts.",
        "additional_information": "{\n    \"Order Amount\": \"1 l\",\n    \"Calories\": \"1,340 kJ\",\n    \"Fat\": \" / \",\n    \"Carbonate\": \"320 kcal\",\n    \"thereof \": \"0 g\",\n    \"Sugar\": \"23.5 g\",\n    \"Protein\": \"23.5 g\",\n    \"made in\": \"0 g\",\n    \"With Colorant\": \"Austria\",\n    \"GMO Free\": \"Yes\",\n    \"Warning Hints\": \"Yes\",\n    \"Item Number\": \"Drink responsibly\",\n    \"Net Weight\": \"57070\",\n    \"Package Height\": \"1 kg\",\n    \"Package Length\": \"24.6 cm\",\n    \"Package Width\": \"6.8 cm\"\n}"
    },
    {
        "product_name": "Toblerone Pralines Box 300g",
        "brand_name": "Toblerone",
        "brand_url": "https://shop.frankfurt-airport.com/en-US/brand/toblerone",
        "retailer_name": "Frankfurt Duty Free",
        "retailer_url": "https://shop.frankfurt-airport.com/en-US/retailer/heinemann",
        "price": "",
        "price_per_quantity": "",
        "description": "New Pralines by Toblerone. Delicious milk chocolate edges with a smooth chocolate center mixed with crunchy little bites of nougat insideNew Pralines by Toblerone. Delicious milk chocolate edges with a smooth chocolate center mixed with crunchy little bites of nougat inside",
        "additional_information": "{\n    \"Order Amount\": \"0.3 kg\",\n    \"Calories\": \"2,242 kJ\",\n    \"Fat\": \" / \",\n    \"thereof \": \"58 g\",\n    \"Saturated Fatty Acids\": \"30 g\",\n    \"Carbonate\": \"17 g\",\n    \"Sugar\": \"56 g\",\n    \"Protein\": \"6.3 g\",\n    \"Salt\": \"0.26 g\",\n    \"made in\": \"United Kingdom\",\n    \"With Colorant\": \"No\",\n    \"Storage Conditions\": \"Store in a dry place. Protect from heat.\",\n    \"Warning Hints\": \"MAY CONTAIN WHEAT, OTHER NUTS.\",\n    \"Item Number\": \"1688851\",\n    \"Net Weight\": \"0.3 kg\",\n    \"Package Height\": \"13.2 cm\",\n    \"Package Length\": \"7 cm\",\n    \"Package Width\": \"13.2 cm\"\n}"
    },
    {
        "product_name": "Famous Grouse Blended Scotch Whisky 40% 0.05L",
        "brand_name": "The Famous Grouse",
        "brand_url": "https://shop.frankfurt-airport.com/en-US/brand/the-famous-grouse",
        "retailer_name": "Frankfurt Duty Free",
        "retailer_url": "https://shop.frankfurt-airport.com/en-US/retailer/heinemann",
        "price": "\u20ac3.49",
        "price_per_quantity": "\u20ac69.80 / 1  l",
        "description": "Smooth and perfectly balanced. Scotland\u2019s favourite blend of the finest malts and exceptional grain whiskies.",
        "additional_information": "{\n    \"Order Amount\": \"0.05 l\",\n    \"Calories\": \"925 kJ\",\n    \"Carbonate\": \" / \",\n    \"thereof \": \"221 kcal\",\n    \"Sugar\": \"0 g\",\n    \"Protein\": \"0 g\",\n    \"Salt\": \"0 g\",\n    \"made in\": \"0 g\",\n    \"With Colorant\": \"United Kingdom\",\n    \"Storage Conditions\": \"Yes\",\n    \"Warning Hints\": \"Store in a cool dry place.\",\n    \"Item Number\": \"Drink responsibly.\",\n    \"Net Weight\": \"1541403\",\n    \"Package Height\": \"0.05 kg\",\n    \"Package Length\": \"11.63 cm\",\n    \"Package Width\": \"3.57 cm\"\n}"
    },
    {
        "product_name": "Yoichi Japan Single Malt Whisky 45% 0.7L gift pack",
        "brand_name": "The Nikka",
        "brand_url": "https://shop.frankfurt-airport.com/en-US/brand/the-nikka",
        "retailer_name": "Frankfurt Duty Free",
        "retailer_url": "https://shop.frankfurt-airport.com/en-US/retailer/heinemann",
        "price": "\u20ac77.99",
        "price_per_quantity": "\u20ac111.41 / 1  l",
        "description": "Nikka Whisky\u2019s first distillery, Yoichi, is located on the coast of Hokkaido, the northernmost island of Japan. Crafted using traditional methods, such as direct coal heating, the Yoichi single malt truly captures the authentic character of its exceptional location, with its refined coastal and peat notes.Nikka Whisky\u2019s first distillery, Yoichi, is located on the coast of Hokkaido, the northernmost island of Japan. Crafted using traditional methods, such as direct coal heating, the Yoichi single malt truly captures the authentic character of its exceptional location, with its refined coastal and peat notes.",
        "additional_information": "{\n    \"Order Amount\": \"0.7 l\",\n    \"Calories\": \"1,063 kJ\",\n    \"made in\": \" / \",\n    \"With Colorant\": \"254 kcal\",\n    \"Storage Conditions\": \"Japan\",\n    \"Warning Hints\": \"Yes\",\n    \"Item Number\": \"Store in a cool dry place.\",\n    \"Net Weight\": \"Drink responsibly.\",\n    \"Package Height\": \"1509084\",\n    \"Package Length\": \"0.7 kg\",\n    \"Package Width\": \"25.5 cm\"\n}"
    },
    {
        "product_name": "Taittinger, Comtes de Champagne, Champagne, AOC, brut, ros (Geschenkverpackung) 0.75L",
        "brand_name": "Taittinger",
        "brand_url": "https://shop.frankfurt-airport.com/en-US/brand/taittinger",
        "retailer_name": "Frankfurt Duty Free",
        "retailer_url": "https://shop.frankfurt-airport.com/en-US/retailer/heinemann",
        "price": "",
        "price_per_quantity": "",
        "description": "Produced in the cellars of what once was Saint Nicaise abbey (13th century) in Reims, Comtes de Champagne Ros\u00e9 receives lavish care and attention.",
        "additional_information": "{\n    \"Order Amount\": \"0.75 l\",\n    \"Grape Variety\": \"Chardonnay/Pinot Noir\",\n    \"Calories\": \"322 kJ\",\n    \"Fat\": \" / \",\n    \"Carbonate\": \"77 kcal\",\n    \"thereof \": \"0 g\",\n    \"Sugar\": \"0.9 g\",\n    \"Protein\": \"0.9 g\",\n    \"made in\": \"0 g\",\n    \"Sweetness of Sparkling Wine\": \"France\",\n    \"Sweetness of Still Wine\": \"Brut\",\n    \"With Colorant\": \"Dry\",\n    \"GMO Free\": \"No\",\n    \"Warning Hints\": \"Yes\",\n    \"Item Number\": \"Please drink responsibly\",\n    \"Net Weight\": \"115216\",\n    \"Package Height\": \"0.75 kg\",\n    \"Package Length\": \"31.5 cm\",\n    \"Package Width\": \"12.7 cm\"\n}"
    },
    {
        "product_name": "Tamnavulin Sauvignon Blanc Cask Edition Speyside Single Malt Scotch Whisky 40% 1L gift pack",
        "brand_name": "Tamnavulin",
        "brand_url": "https://shop.frankfurt-airport.com/en-US/brand/tamnavulin",
        "retailer_name": "Frankfurt Duty Free",
        "retailer_url": "https://shop.frankfurt-airport.com/en-US/retailer/heinemann",
        "price": "\u20ac47.99",
        "price_per_quantity": "\u20ac47.99 / 1  l",
        "description": "Tamnavulin Distillery was opened in 1966 on the banks of the River Livet, deep in the heart of Speyside, the most celebrated whisky producing region in Scotland.",
        "additional_information": "{\n    \"Order Amount\": \"1 l\",\n    \"Calories\": \"924.6 kJ\",\n    \"made in\": \" / \",\n    \"With Colorant\": \"221 kcal\",\n    \"Storage Conditions\": \"United Kingdom\",\n    \"Warning Hints\": \"Yes\",\n    \"Item Number\": \"Store in a cool dry place.\",\n    \"Net Weight\": \"Drink responsibly.\",\n    \"Package Height\": \"1624701\",\n    \"Package Length\": \"1 kg\",\n    \"Package Width\": \"32.6 cm\"\n}"
    },
    {
        "product_name": "Sol de Janeiro Cherirosa 62 Body Mist 90 ml",
        "brand_name": "Sol de Janeiro",
        "brand_url": "https://shop.frankfurt-airport.com/en-US/brand/sol-de-janeiro",
        "retailer_name": "Frankfurt Duty Free",
        "retailer_url": "https://shop.frankfurt-airport.com/en-US/retailer/heinemann",
        "price": "\u20ac21.99",
        "price_per_quantity": "\u20ac24.43 / 100  ml",
        "description": "A warm and delicious perfume mist bursting with an alluring pistachio and salted caramel scent.A warm and delicious perfume mist bursting with an alluring pistachio and salted caramel scent.",
        "additional_information": "{\n    \"Order Amount\": \"90 ml\",\n    \"Warning Hints\": \"Avoid eye contact. Keep away from direct heat and sunlight.\",\n    \"Item Number\": \"1577895\",\n    \"Product Series\": \"Brazilian Crush\",\n    \"Net Weight\": \"0.09 kg\",\n    \"Package Height\": \"14.5 cm\",\n    \"Package Length\": \"4.3 cm\",\n    \"Package Width\": \"4.3 cm\"\n}"
    },
    {
        "product_name": "Stroh Rum Original 40% 1L",
        "brand_name": "Stroh",
        "brand_url": "https://shop.frankfurt-airport.com/en-US/brand/stroh",
        "retailer_name": "Frankfurt Duty Free",
        "retailer_url": "https://shop.frankfurt-airport.com/en-US/retailer/heinemann",
        "price": "\u20ac16.99",
        "price_per_quantity": "\u20ac16.99 / 1  l",
        "description": "Whether for cooking, baking or as warmth spending drink it is always the right season for the unmistakable Stroh aroma. Stroh Original is the best aromatic expression of the Austrian way of life. We enjoy it when we need time out from the daily rush. It has its place in hot drinks such as warming Jagertee, Punch and Grog, as well as in cocktails, mixed drinks and fruit bowles. Talking about traditional Austrian sweet dishes, Stroh Original is indispensable for cakes, flans and desserts.Whether for cooking, baking or as warmth spending drink it is always the right season for the unmistakable Stroh aroma. Stroh Original is the best aromatic expression of the Austrian way of life. We enjoy it when we need time out from the daily rush. It has its place in hot drinks such as warming Jagertee, Punch and Grog, as well as in cocktails, mixed drinks and fruit bowles. Talking about traditional Austrian sweet dishes, Stroh Original is indispensable for cakes, flans and desserts.",
        "additional_information": "{\n    \"Order Amount\": \"1 l\",\n    \"Calories\": \"1,340 kJ\",\n    \"Fat\": \" / \",\n    \"thereof \": \"320 kcal\",\n    \"Sugar\": \"0 g\",\n    \"made in\": \"23.5 g\",\n    \"With Colorant\": \"Austria\",\n    \"GMO Free\": \"Yes\",\n    \"Warning Hints\": \"Yes\",\n    \"Item Number\": \"Drink responsibly\",\n    \"Net Weight\": \"51786\",\n    \"Package Height\": \"1 kg\",\n    \"Package Length\": \"24.6 cm\",\n    \"Package Width\": \"6.9 cm\"\n}"
    },
    {
        "product_name": "Starbrook flake milk truffles 200g",
        "brand_name": "Starbrook",
        "brand_url": "https://shop.frankfurt-airport.com/en-US/brand/starbrook",
        "retailer_name": "Frankfurt Duty Free",
        "retailer_url": "https://shop.frankfurt-airport.com/en-US/retailer/heinemann",
        "price": "\u20ac8.99",
        "price_per_quantity": "\u20ac44.95 / 1  kg",
        "description": "Our connoisseur milk truffles are made with a chocolate based filling covered with Belgian milk chocolate and a delicate coating of Belgian milk chocolate flakes.Our connoisseur milk truffles are made with a chocolate based filling covered with Belgian milk chocolate and a delicate coating of Belgian milk chocolate flakes.",
        "additional_information": "{\n    \"Order Amount\": \"0.2 kg\",\n    \"Calories\": \"2,334 kJ\",\n    \"Fat\": \" / \",\n    \"thereof \": \"51.4 g\",\n    \"Saturated Fatty Acids\": \"35.9 g\",\n    \"Carbonate\": \"23 g\",\n    \"Sugar\": \"50.6 g\",\n    \"Protein\": \"6.5 g\",\n    \"Salt\": \"0.21 g\",\n    \"made in\": \"Belgium\",\n    \"With Colorant\": \"No\",\n    \"Storage Conditions\": \"Store in a cool and dry place.\",\n    \"Warning Hints\": \"May contain traces of nuts.\",\n    \"Item Number\": \"1511461\",\n    \"Net Weight\": \"0.2 kg\",\n    \"Package Height\": \"3.2 cm\",\n    \"Package Length\": \"19.2 cm\",\n    \"Package Width\": \"19.2 cm\"\n}"
    },
    {
        "product_name": "Talisker NAD 59.7% 0.7L",
        "brand_name": "Talisker",
        "brand_url": "https://shop.frankfurt-airport.com/en-US/brand/talisker",
        "retailer_name": "Frankfurt Duty Free",
        "retailer_url": "https://shop.frankfurt-airport.com/en-US/retailer/heinemann",
        "price": "\u20ac139.99",
        "price_per_quantity": "\u20ac199.99 / 1  l",
        "description": "A golden-sweet glow sears through a current of smoke, with a splash of sea salt in its wake.\u00a0\u00a0 Finished in a combination of White, Tawny and Ruby Port CasksA golden-sweet glow sears through a current of smoke, with a splash of sea salt in its wake.\u00a0\u00a0 Finished in a combination of White, Tawny and Ruby Port Casks",
        "additional_information": "{\n    \"Order Amount\": \"0.7 l\",\n    \"Calories\": \"1,380 kJ\",\n    \"made in\": \" / \",\n    \"With Colorant\": \"330 kcal\",\n    \"Storage Conditions\": \"United Kingdom\",\n    \"Warning Hints\": \"No\",\n    \"Item Number\": \"Store in a cool dry place.\",\n    \"Net Weight\": \"It's worth giving serious thought to your own approach to alcohol. Carry out a self-assessment test now --> drinkiq.com\",\n    \"Package Height\": \"1612374\",\n    \"Package Length\": \"0.7 kg\",\n    \"Package Width\": \"32.3 cm\"\n}"
    },
    {
        "product_name": "Sisley Phyto Eye Twist Eye Shadow N 14 Black Rose",
        "brand_name": "Sisley",
        "brand_url": "https://shop.frankfurt-airport.com/en-US/brand/sisley",
        "retailer_name": "Frankfurt Duty Free",
        "retailer_url": "https://shop.frankfurt-airport.com/en-US/retailer/heinemann",
        "price": "\u20ac39.99",
        "price_per_quantity": "\u20ac2,666.00 / 100  g",
        "description": "colour, skincare and holding power in a single twist. Capacity: 1.5 g Green Tea: softness, emollienceCamellia: softness, emollienceWhite Lily: softness, emolliencecolour, skincare and holding power in a single twist. Capacity: 1.5 g Green Tea: softness, emollienceCamellia: softness, emollienceWhite Lily: softness, emollience",
        "additional_information": "{\n    \"Order Amount\": \"1.5 g\",\n    \"made in\": \"Italy\",\n    \"Warning Hints\": \"Avoid eye contact. Keep away from direct heat and sunlight.\",\n    \"Item Number\": \"1332888\",\n    \"Manufacturer Color\": \"No. 14 - Black Rose\",\n    \"Product Series\": \"Phyto-Eye Twist\",\n    \"Net Weight\": \"0.001 kg\",\n    \"Package Height\": \"11.1 cm\",\n    \"Package Length\": \"1.4 cm\",\n    \"Package Width\": \"1.4 cm\"\n}"
    },
    {
        "product_name": "Starbrook dark chocolate giant bar 400g",
        "brand_name": "Starbrook",
        "brand_url": "https://shop.frankfurt-airport.com/en-US/brand/starbrook",
        "retailer_name": "Frankfurt Duty Free",
        "retailer_url": "https://shop.frankfurt-airport.com/en-US/retailer/heinemann",
        "price": "\u20ac15.99",
        "price_per_quantity": "\u20ac39.98 / 1  kg",
        "description": "A delicious Belgian dark chocolate bar divided in good portions. It comes in a wonderfully designed wrap with stunning water paint in retro style. Signed: Jaak De Konick, our famous Belgian water paint artist. We directly pack the chocolate in line what guarantees freshness, aroma and a perfect taste. A sweet and shiny piece of happiness! Also perfect high quality chocolate for cooking.",
        "additional_information": "{\n    \"Order Amount\": \"0.4 kg\",\n    \"Calories\": \"2,195 kJ\",\n    \"Fat\": \" / \",\n    \"thereof \": \"49.1 g\",\n    \"Saturated Fatty Acids\": \"32.1 g\",\n    \"Carbonate\": \"19.2 g\",\n    \"Sugar\": \"46.4 g\",\n    \"Protein\": \"5.5 g\",\n    \"Salt\": \"0.01 g\",\n    \"made in\": \"Belgium\",\n    \"With Colorant\": \"No\",\n    \"Storage Conditions\": \"Keep in a cool, dry place away from odors and sunlight.\",\n    \"Warning Hints\": \"May contain traces of gluten and nuts.\",\n    \"Item Number\": \"1443633\",\n    \"Net Weight\": \"0.4 kg\",\n    \"Package Height\": \"1.8 cm\",\n    \"Package Length\": \"29.3 cm\",\n    \"Package Width\": \"13.5 cm\"\n}"
    },
    {
        "product_name": "Sisley Le Phyto-Rouge Lipstick N 14 Beige Copacabana",
        "brand_name": "Sisley",
        "brand_url": "https://shop.frankfurt-airport.com/en-US/brand/sisley",
        "retailer_name": "Frankfurt Duty Free",
        "retailer_url": "https://shop.frankfurt-airport.com/en-US/retailer/heinemann",
        "price": "\u20ac46.99",
        "price_per_quantity": "\u20ac1,382.06 / 100  g",
        "description": "Le Phyto Rouge is a care lipstick with an ultra-silky texture that envelops the lips with a fine, smoothing, contouring and hydrating film.Thanks to the \"Hydrobooster Complex\" composed of microspheres of Hyaluronic Acid and Konjac Glucomannans, lips are immediately plumped up, voluptuous and smoothed. With repeated applications, Le Phyto Rouge preserves the youthfulness of lips : a cocktail of enhancing oils provides nutrition, suppleness and elasticity. Day after day, lips are more suple, softer, more elastic. Its new-generation gel texture blends into the lips upon contact like a fluid and provides a sensation of incomparable, lasting comfort. A combination of ultra-pure pigments provides an immediate color impact and an ultra-luminous finish. Available in a palette of 20 radiant shades, from the most natural nudes to the most vibrant shades, adapted to all skin tones. Its zebra-striped, magnetic case, both elegant and modern, contains a faceted bullet for fine and precise application.Le Phyto Rouge is a care lipstick with an ultra-silky texture that envelops the lips with a fine, smoothing, contouring and hydrating film.Thanks to the \"Hydrobooster Complex\" composed of microspheres of Hyaluronic Acid and Konjac Glucomannans, lips are immediately plumped up, voluptuous and smoothed. With repeated applications, Le Phyto Rouge preserves the youthfulness of lips : a cocktail of enhancing oils provides nutrition, suppleness and elasticity. Day after day, lips are more suple, softer, more elastic. Its new-generation gel texture blends into the lips upon contact like a fluid and provides a sensation of incomparable, lasting comfort. A combination of ultra-pure pigments provides an immediate color impact and an ultra-luminous finish. Available in a palette of 20 radiant shades, from the most natural nudes to the most vibrant shades, adapted to all skin tones. Its zebra-striped, magnetic case, both elegant and modern, contains a faceted bullet for fine and precise application.",
        "additional_information": "{\n    \"Order Amount\": \"3.4 g\",\n    \"made in\": \"Italy\",\n    \"Warning Hints\": \"Avoid eye contact. Keep away from direct heat and sunlight.\",\n    \"Item Number\": \"1332864\",\n    \"Manufacturer Color\": \"No. 14 - Beige Copacabana\",\n    \"Product Series\": \"Le Phyto-Rouge\",\n    \"Net Weight\": \"0.003 kg\",\n    \"Package Height\": \"8 cm\",\n    \"Package Length\": \"3 cm\",\n    \"Package Width\": \"3 cm\"\n}"
    },
    {
        "product_name": "Talisker Surge Single Malt Scotch Whisky 45.8% 0.7L giftpack",
        "brand_name": "Talisker",
        "brand_url": "https://shop.frankfurt-airport.com/en-US/brand/talisker",
        "retailer_name": "Frankfurt Duty Free",
        "retailer_url": "https://shop.frankfurt-airport.com/en-US/retailer/heinemann",
        "price": "\u20ac109.99",
        "price_per_quantity": "\u20ac157.13 / 1  l",
        "description": "Introducing Talisker Surge, a Global Travel Exclusive offering from single malt brand Talisker. The first Talisker variant aged in 100% bourbon casks making it uniquely rich spiced and vibrant. Made by the sea; flashes of surging spice and rich honeyed berries electrify the palate, while rolling smoke rumbles underneath. Liquid lightning that stirs the soul and sets pulses racing.Introducing Talisker Surge, a Global Travel Exclusive offering from single malt brand Talisker. The first Talisker variant aged in 100% bourbon casks making it uniquely rich spiced and vibrant. Made by the sea; flashes of surging spice and rich honeyed berries electrify the palate, while rolling smoke rumbles underneath. Liquid lightning that stirs the soul and sets pulses racing.",
        "additional_information": "{\n    \"Order Amount\": \"0.7 l\",\n    \"Calories\": \"1,059 kJ\",\n    \"made in\": \" / \",\n    \"With Colorant\": \"253 kcal\",\n    \"Storage Conditions\": \"United Kingdom\",\n    \"Warning Hints\": \"Yes\",\n    \"Item Number\": \"Store in a cool dry place.\",\n    \"Net Weight\": \"It's worth giving serious thought to your own approach to alcohol. Carry out a self-assessment test now --> drinkiq.com\",\n    \"Package Height\": \"1530716\",\n    \"Package Length\": \"0.7 kg\",\n    \"Package Width\": \"31 cm\"\n}"
    },
    {
        "product_name": "Sisley Soir de Lune Eau de Parfum 50 ml",
        "brand_name": "Sisley",
        "brand_url": "https://shop.frankfurt-airport.com/en-US/brand/sisley",
        "retailer_name": "Frankfurt Duty Free",
        "retailer_url": "https://shop.frankfurt-airport.com/en-US/retailer/heinemann",
        "price": "\u20ac159.99",
        "price_per_quantity": "\u20ac319.98 / 100  ml",
        "description": "A floral-chypre delicacy, modern and romantic. Top notes: Bergamot, Mandarin, Lemon, Coriander, Nutmeg, Pepper;Middle notes: Jasmine, May Rose absolute, Iris, Lily of the Valley, Mimosa absolute, Peach;Base notes: Musk, Honey, Santalwood, Patchouli, CedarA floral-chypre delicacy, modern and romantic. Top notes: Bergamot, Mandarin, Lemon, Coriander, Nutmeg, Pepper;Middle notes: Jasmine, May Rose absolute, Iris, Lily of the Valley, Mimosa absolute, Peach;Base notes: Musk, Honey, Santalwood, Patchouli, Cedar",
        "additional_information": "{\n    \"Order Amount\": \"50 ml\",\n    \"Target Gender\": \"Female\",\n    \"made in\": \"France\",\n    \"Type of Fragrance\": \"Eau De Parfum\",\n    \"Warning Hints\": \"Avoid eye contact. Keep away from direct heat and sunlight.\",\n    \"Item Number\": \"835183\",\n    \"Product Series\": \"Soir de Lune\",\n    \"Net Weight\": \"0.05 kg\",\n    \"Package Height\": \"4.4 cm\",\n    \"Package Length\": \"12.5 cm\",\n    \"Package Width\": \"9.5 cm\"\n}"
    },
    {
        "product_name": "Sisley Phyto Eye Twist Eye Shadow N 13 Deep black",
        "brand_name": "Sisley",
        "brand_url": "https://shop.frankfurt-airport.com/en-US/brand/sisley",
        "retailer_name": "Frankfurt Duty Free",
        "retailer_url": "https://shop.frankfurt-airport.com/en-US/retailer/heinemann",
        "price": "\u20ac39.99",
        "price_per_quantity": "\u20ac2,666.00 / 100  g",
        "description": "Phyto-Eye Twist is an all-in-one eye make-up solution: eye shadow + pencil + eyeliner. The \"jumbo\" tip blends and glides to color the eyelids, easily applying graphic make-up or drawing an XXL line. The skincare formula is enriched with plant-based active ingredients (Green Tea, White Lily, Camellia) and protects the delicate skin of the eyelids. The gliding, ultra-sensory, waterproof texture allows an ultra-easy application and a flawless hold all day long. Its magnetic shades enhance your look in a single twist and offer a multitude of finishes. Fun and practical, there is no need to sharpen this new zebra-look jumbo pencil.Phyto-Eye Twist is an all-in-one eye make-up solution: eye shadow + pencil + eyeliner. The \"jumbo\" tip blends and glides to color the eyelids, easily applying graphic make-up or drawing an XXL line. The skincare formula is enriched with plant-based active ingredients (Green Tea, White Lily, Camellia) and protects the delicate skin of the eyelids. The gliding, ultra-sensory, waterproof texture allows an ultra-easy application and a flawless hold all day long. Its magnetic shades enhance your look in a single twist and offer a multitude of finishes. Fun and practical, there is no need to sharpen this new zebra-look jumbo pencil.",
        "additional_information": "{\n    \"Order Amount\": \"1.5 g\",\n    \"made in\": \"Italy\",\n    \"Warning Hints\": \"Avoid eye contact. Keep away from direct heat and sunlight.\",\n    \"Item Number\": \"1332887\",\n    \"Manufacturer Color\": \"No. 13 - Deep black\",\n    \"Product Series\": \"Phyto-Eye Twist\",\n    \"Net Weight\": \"0.001 kg\",\n    \"Package Height\": \"11.1 cm\",\n    \"Package Length\": \"1.4 cm\",\n    \"Package Width\": \"1.4 cm\"\n}"
    },
    {
        "product_name": "Sisley Le Phyto-Rouge Lipstick N 32 Orange Calvi",
        "brand_name": "Sisley",
        "brand_url": "https://shop.frankfurt-airport.com/en-US/brand/sisley",
        "retailer_name": "Frankfurt Duty Free",
        "retailer_url": "https://shop.frankfurt-airport.com/en-US/retailer/heinemann",
        "price": "\u20ac46.99",
        "price_per_quantity": "\u20ac1,382.06 / 100  g",
        "description": "The intensity of a lipstick combined with a balm-like sensation in an exceptional skincare formula. Capacity: 3.4 gHydrobooster complex (microspheres of Hyaluronic Acid and Konjac Glucomannans): hydrating, smoothing, plumping effectPadina pavonica extract: moisturises, plumpsCamellia oil: nourishes, provides softness, suppleness and elasticityJojoba oil: provides softness and comfortThe intensity of a lipstick combined with a balm-like sensation in an exceptional skincare formula. Capacity: 3.4 gHydrobooster complex (microspheres of Hyaluronic Acid and Konjac Glucomannans): hydrating, smoothing, plumping effectPadina pavonica extract: moisturises, plumpsCamellia oil: nourishes, provides softness, suppleness and elasticityJojoba oil: provides softness and comfort",
        "additional_information": "{\n    \"Order Amount\": \"3.4 g\",\n    \"made in\": \"Italy\",\n    \"Warning Hints\": \"Avoid eye contact. Keep away from direct heat and sunlight.\",\n    \"Item Number\": \"1332874\",\n    \"Manufacturer Color\": \"No. 32 - Orange Calvi\",\n    \"Product Series\": \"Le Phyto-Rouge\",\n    \"Net Weight\": \"0.003 kg\",\n    \"Package Height\": \"7.5 cm\",\n    \"Package Length\": \"3 cm\",\n    \"Package Width\": \"3 cm\"\n}"
    },
    {
        "product_name": "Sisley Le Phyto-Rouge Lipstick N 10 Beige Jaipur",
        "brand_name": "Sisley",
        "brand_url": "https://shop.frankfurt-airport.com/en-US/brand/sisley",
        "retailer_name": "Frankfurt Duty Free",
        "retailer_url": "https://shop.frankfurt-airport.com/en-US/retailer/heinemann",
        "price": "\u20ac46.99",
        "price_per_quantity": "\u20ac1,382.06 / 100  g",
        "description": "The intensity of a lipstick combined with a balm-like sensation in an exceptional skincare formula. Capacity: 3.4 gHydrobooster complex (microspheres of Hyaluronic Acid and Konjac Glucomannans): hydrating, smoothing, plumping effectPadina pavonica extract: moisturises, plumpsCamellia oil: nourishes, provides softness, suppleness and elasticityJojoba oil: provides softness and comfortThe intensity of a lipstick combined with a balm-like sensation in an exceptional skincare formula. Capacity: 3.4 gHydrobooster complex (microspheres of Hyaluronic Acid and Konjac Glucomannans): hydrating, smoothing, plumping effectPadina pavonica extract: moisturises, plumpsCamellia oil: nourishes, provides softness, suppleness and elasticityJojoba oil: provides softness and comfort",
        "additional_information": "{\n    \"Order Amount\": \"3.4 g\",\n    \"made in\": \"Italy\",\n    \"Warning Hints\": \"Avoid eye contact. Keep away from direct heat and sunlight.\",\n    \"Item Number\": \"1332860\",\n    \"Manufacturer Color\": \"No. 10 - Beige Jaipur\",\n    \"Product Series\": \"Le Phyto-Rouge\",\n    \"Net Weight\": \"0.003 kg\",\n    \"Package Height\": \"8 cm\",\n    \"Package Length\": \"3 cm\",\n    \"Package Width\": \"3 cm\"\n}"
    },
    {
        "product_name": "Sisley Le Phyto-Rouge Lipstick N 23 Rose Delhi",
        "brand_name": "Sisley",
        "brand_url": "https://shop.frankfurt-airport.com/en-US/brand/sisley",
        "retailer_name": "Frankfurt Duty Free",
        "retailer_url": "https://shop.frankfurt-airport.com/en-US/retailer/heinemann",
        "price": "\u20ac46.99",
        "price_per_quantity": "\u20ac1,382.06 / 100  g",
        "description": "The intensity of a lipstick combined with a balm-like sensation in an exceptional skincare formula. Capacity: 3.4 gHydrobooster complex (microspheres of Hyaluronic Acid and Konjac Glucomannans): hydrating, smoothing, plumping effectPadina pavonica extract: moisturises, plumpsCamellia oil: nourishes, provides softness, suppleness and elasticityJojoba oil: provides softness and comfortThe intensity of a lipstick combined with a balm-like sensation in an exceptional skincare formula. Capacity: 3.4 gHydrobooster complex (microspheres of Hyaluronic Acid and Konjac Glucomannans): hydrating, smoothing, plumping effectPadina pavonica extract: moisturises, plumpsCamellia oil: nourishes, provides softness, suppleness and elasticityJojoba oil: provides softness and comfort",
        "additional_information": "{\n    \"Order Amount\": \"3.4 g\",\n    \"made in\": \"Italy\",\n    \"Warning Hints\": \"Avoid eye contact. Keep away from direct heat and sunlight.\",\n    \"Item Number\": \"1332868\",\n    \"Manufacturer Color\": \"No. 23 - Rose Delhi\",\n    \"Product Series\": \"Le Phyto-Rouge\",\n    \"Net Weight\": \"0.003 kg\",\n    \"Package Height\": \"8 cm\",\n    \"Package Length\": \"3 cm\",\n    \"Package Width\": \"3 cm\"\n}"
    },
    {
        "product_name": "Sisley Restorative Hydrating Body Care 200 ml",
        "brand_name": "Sisley",
        "brand_url": "https://shop.frankfurt-airport.com/en-US/brand/sisley",
        "retailer_name": "Frankfurt Duty Free",
        "retailer_url": "https://shop.frankfurt-airport.com/en-US/retailer/heinemann",
        "price": "\u20ac129.99",
        "price_per_quantity": "\u20ac65.00 / 100  ml",
        "description": "Intensely restorative and moisturising skincare to maintain optimal hydration and soothe sensations of discomfort Biosaccharide solution: creates a moist film on the skin's surface; Plant based sugar: promotes water retention in the stratum corneum;Jioh extract: moisturises ;Carrot extract: revitalises and moisturises ;Glycerin of vegetable origin: moisturises and softens;Chestnut extract: regulates the skin's barrier function;Shea butter: repairs and soothes;Phytosqualane: nourishes and softens;Andiroba Oil: regenerates and soothes;Allantoin: soothes; Vitamin E acetate: anti-free radicalsIntensely restorative and moisturising skincare to maintain optimal hydration and soothe sensations of discomfort Biosaccharide solution: creates a moist film on the skin's surface; Plant based sugar: promotes water retention in the stratum corneum;Jioh extract: moisturises ;Carrot extract: revitalises and moisturises ;Glycerin of vegetable origin: moisturises and softens;Chestnut extract: regulates the skin's barrier function;Shea butter: repairs and soothes;Phytosqualane: nourishes and softens;Andiroba Oil: regenerates and soothes;Allantoin: soothes; Vitamin E acetate: anti-free radicals",
        "additional_information": "{\n    \"Order Amount\": \"200 ml\",\n    \"Warning Hints\": \"Avoid eye contact. Keep away from direct heat and sunlight.\",\n    \"Item Number\": \"1251610\",\n    \"Product Series\": \"Restorative Hydrating\",\n    \"Net Weight\": \"0.2 kg\",\n    \"Package Height\": \"19.25 cm\",\n    \"Package Length\": \"5.1 cm\",\n    \"Package Width\": \"5.2 cm\"\n}"
    },
    {
        "product_name": "Sisley Le Phyto-Rouge Lipstick N 42 Rouge Rio",
        "brand_name": "Sisley",
        "brand_url": "https://shop.frankfurt-airport.com/en-US/brand/sisley",
        "retailer_name": "Frankfurt Duty Free",
        "retailer_url": "https://shop.frankfurt-airport.com/en-US/retailer/heinemann",
        "price": "\u20ac46.99",
        "price_per_quantity": "\u20ac1,382.06 / 100  g",
        "description": "The intensity of a lipstick combined with a balm-like sensation in an exceptional skincare formula. Capacity: 3.4 gHydrobooster complex (microspheres of Hyaluronic Acid and Konjac Glucomannans): hydrating, smoothing, plumping effectPadina pavonica extract: moisturises, plumpsCamellia oil: nourishes, provides softness, suppleness and elasticityJojoba oil: provides softness and comfortThe intensity of a lipstick combined with a balm-like sensation in an exceptional skincare formula. Capacity: 3.4 gHydrobooster complex (microspheres of Hyaluronic Acid and Konjac Glucomannans): hydrating, smoothing, plumping effectPadina pavonica extract: moisturises, plumpsCamellia oil: nourishes, provides softness, suppleness and elasticityJojoba oil: provides softness and comfort",
        "additional_information": "{\n    \"Order Amount\": \"3.4 g\",\n    \"made in\": \"Italy\",\n    \"Warning Hints\": \"Avoid eye contact. Keep away from direct heat and sunlight.\",\n    \"Item Number\": \"1332878\",\n    \"Manufacturer Color\": \"No. 42 - Rouge Rio\",\n    \"Product Series\": \"Le Phyto-Rouge\",\n    \"Net Weight\": \"0.003 kg\",\n    \"Package Height\": \"8 cm\",\n    \"Package Length\": \"3 cm\",\n    \"Package Width\": \"3 cm\"\n}"
    },
    {
        "product_name": "Sisley Restorative Hand Cream 75 ml",
        "brand_name": "Sisley",
        "brand_url": "https://shop.frankfurt-airport.com/en-US/brand/sisley",
        "retailer_name": "Frankfurt Duty Free",
        "retailer_url": "https://shop.frankfurt-airport.com/en-US/retailer/heinemann",
        "price": "\u20ac77.99",
        "price_per_quantity": "\u20ac103.99 / 100  ml",
        "description": "Intensely moisturising skincare to beautify the hands and strengthen the nails Biosaccharide solution: immediate and long-term moisturising properties;Wheat sugar derivative: long-term moisturising properties;Glycoprotein produced by Pseudoalteromonas antarctica: cryoprotectant active ingredient that improves skin hydration;Chestnut extract: improves the skin's barrier function; Shea Oil: provides elasticity, softness and comfort;Harpagophytum extract: soothes;Sweet Almond Oil: softens the cuticles; Pro-vitamin B5: strengthens the nailsIntensely moisturising skincare to beautify the hands and strengthen the nails Biosaccharide solution: immediate and long-term moisturising properties;Wheat sugar derivative: long-term moisturising properties;Glycoprotein produced by Pseudoalteromonas antarctica: cryoprotectant active ingredient that improves skin hydration;Chestnut extract: improves the skin's barrier function; Shea Oil: provides elasticity, softness and comfort;Harpagophytum extract: soothes;Sweet Almond Oil: softens the cuticles; Pro-vitamin B5: strengthens the nails",
        "additional_information": "{\n    \"Order Amount\": \"75 ml\",\n    \"Warning Hints\": \"Avoid eye contact. Keep away from direct heat and sunlight.\",\n    \"Item Number\": \"1404937\",\n    \"Product Series\": \"Body Care\",\n    \"Net Weight\": \"0.075 kg\",\n    \"Package Height\": \"13 cm\",\n    \"Package Length\": \"5.5 cm\",\n    \"Package Width\": \"4.5 cm\"\n}"
    },
    {
        "product_name": "Sisley Velvet Sleeping Mask 60 ml",
        "brand_name": "Sisley",
        "brand_url": "https://shop.frankfurt-airport.com/en-US/brand/sisley",
        "retailer_name": "Frankfurt Duty Free",
        "retailer_url": "https://shop.frankfurt-airport.com/en-US/retailer/heinemann",
        "price": "\u20ac109.99",
        "price_per_quantity": "\u20ac183.32 / 100  ml",
        "description": "The soothing and restorative sleeping mask for dry skin. Saffron flower extract: soothes sensations of discomfort;Thyme Honey: restorative ingredient;Shea butter: nourishes and restores;Duo of Oils - Macadamia and Cottonseed Oils: nourishes;Kokum butter: highly lipid-repleneshing;Japanese Lilyturf extract: nourishes and moisturises ;Padina pavonica extract: moisturises ;A complex of moisturising key ingredients \u2013 Plant-based glycerin and Pro-Vitamin B5: moisturisesThe soothing and restorative sleeping mask for dry skin. Saffron flower extract: soothes sensations of discomfort;Thyme Honey: restorative ingredient;Shea butter: nourishes and restores;Duo of Oils - Macadamia and Cottonseed Oils: nourishes;Kokum butter: highly lipid-repleneshing;Japanese Lilyturf extract: nourishes and moisturises ;Padina pavonica extract: moisturises ;A complex of moisturising key ingredients \u2013 Plant-based glycerin and Pro-Vitamin B5: moisturises",
        "additional_information": "{\n    \"Order Amount\": \"60 ml\",\n    \"Warning Hints\": \"Avoid eye contact. Keep away from direct heat and sunlight.\",\n    \"Item Number\": \"1404935\",\n    \"Product Series\": \"Masks\",\n    \"Net Weight\": \"0.06 kg\",\n    \"Package Height\": \"11.9 cm\",\n    \"Package Length\": \"6.5 cm\",\n    \"Package Width\": \"5.25 cm\"\n}"
    },
    {
        "product_name": "Sisley Masque Contour des Yeux Eye Contour Mask 30 ml",
        "brand_name": "Sisley",
        "brand_url": "https://shop.frankfurt-airport.com/en-US/brand/sisley",
        "retailer_name": "Frankfurt Duty Free",
        "retailer_url": "https://shop.frankfurt-airport.com/en-US/retailer/heinemann",
        "price": "\u20ac114.99",
        "price_per_quantity": "\u20ac383.30 / 100  ml",
        "description": "An eye contour mask to make the skin look rested, smooth, and more youthful in seconds. Linden blossom: softens, soothes, protects; Arnica: tones and soothes;Rose: freshens, softens;Ginkgo biloba: tones, protects;Plant-origin Glycerin: hydrates;Vitamin E acetate: anti-free radicals;Chlorella: revitalises;Malachite: reinforces the skin's defences against free radicals;Provitamin B5: softens and maintains the skin's moistureAn eye contour mask to make the skin look rested, smooth, and more youthful in seconds. Linden blossom: softens, soothes, protects; Arnica: tones and soothes;Rose: freshens, softens;Ginkgo biloba: tones, protects;Plant-origin Glycerin: hydrates;Vitamin E acetate: anti-free radicals;Chlorella: revitalises;Malachite: reinforces the skin's defences against free radicals;Provitamin B5: softens and maintains the skin's moisture",
        "additional_information": "{\n    \"Order Amount\": \"30 ml\",\n    \"Warning Hints\": \"Avoid eye contact. Keep away from direct heat and sunlight.\",\n    \"Item Number\": \"913028\",\n    \"Product Series\": \"Masks\",\n    \"Net Weight\": \"0.03 kg\",\n    \"Package Height\": \"12 cm\",\n    \"Package Length\": \"4.5 cm\",\n    \"Package Width\": \"3 cm\"\n}"
    },
    {
        "product_name": "Sisley Black Rose Daily Skin Infusion 50 ml",
        "brand_name": "Sisley",
        "brand_url": "https://shop.frankfurt-airport.com/en-US/brand/sisley",
        "retailer_name": "Frankfurt Duty Free",
        "retailer_url": "https://shop.frankfurt-airport.com/en-US/retailer/heinemann",
        "price": "\u20ac169.99",
        "price_per_quantity": "\u20ac339.98 / 100  ml",
        "description": "All the power of Black Rose extracts at the heart of a remarkable texture Black Rose Oil extract: moisturises and softens; Black Rose aqueous extract: surface smoothing effect; Alpine Rose extract: combats the dulling of the complexion (anti-carbonylation and anti-lipid peroxidation); May Rose water: softens and freshens; Alkekengi calyx extract: double plumping effectiveness in the epidermis and dermis; Padina pavonica extract: promotes the synthesis of glycosaminoglycans, moisturises and plumps; Hibiscus flower  extract: tones your skin, gently exfoliates; Shea and Camelina Oils: provide long-lasting comfort; Vitamin E Acetate: anti-free radicals; Biosaccharide solution: creates a moist film on your skin's surface; Glycerin of vegetable origin: moisturises and softensAll the power of Black Rose extracts at the heart of a remarkable texture Black Rose Oil extract: moisturises and softens; Black Rose aqueous extract: surface smoothing effect; Alpine Rose extract: combats the dulling of the complexion (anti-carbonylation and anti-lipid peroxidation); May Rose water: softens and freshens; Alkekengi calyx extract: double plumping effectiveness in the epidermis and dermis; Padina pavonica extract: promotes the synthesis of glycosaminoglycans, moisturises and plumps; Hibiscus flower  extract: tones your skin, gently exfoliates; Shea and Camelina Oils: provide long-lasting comfort; Vitamin E Acetate: anti-free radicals; Biosaccharide solution: creates a moist film on your skin's surface; Glycerin of vegetable origin: moisturises and softens",
        "additional_information": "{\n    \"Order Amount\": \"50 ml\",\n    \"Warning Hints\": \"Avoid eye contact. Keep away from direct heat and sunlight.\",\n    \"Item Number\": \"1269595\",\n    \"Product Series\": \"Black Rose\",\n    \"Net Weight\": \"0.05 kg\",\n    \"Package Height\": \"6 cm\",\n    \"Package Length\": \"6.5 cm\",\n    \"Package Width\": \"6.5 cm\"\n}"
    },
    {
        "product_name": "Sisley Le Phyto-Rouge Lipstick N 21 Rose Nouma",
        "brand_name": "Sisley",
        "brand_url": "https://shop.frankfurt-airport.com/en-US/brand/sisley",
        "retailer_name": "Frankfurt Duty Free",
        "retailer_url": "https://shop.frankfurt-airport.com/en-US/retailer/heinemann",
        "price": "\u20ac46.99",
        "price_per_quantity": "\u20ac1,382.06 / 100  g",
        "description": "The intensity of a lipstick combined with a balm-like sensation in an exceptional skincare formula. Capacity: 3.4 gHydrobooster complex (microspheres of Hyaluronic Acid and Konjac Glucomannans): hydrating, smoothing, plumping effectPadina pavonica extract: moisturises, plumpsCamellia oil: nourishes, provides softness, suppleness and elasticityJojoba oil: provides softness and comfortThe intensity of a lipstick combined with a balm-like sensation in an exceptional skincare formula. Capacity: 3.4 gHydrobooster complex (microspheres of Hyaluronic Acid and Konjac Glucomannans): hydrating, smoothing, plumping effectPadina pavonica extract: moisturises, plumpsCamellia oil: nourishes, provides softness, suppleness and elasticityJojoba oil: provides softness and comfort",
        "additional_information": "{\n    \"Order Amount\": \"3.4 g\",\n    \"made in\": \"Italy\",\n    \"Warning Hints\": \"Avoid eye contact. Keep away from direct heat and sunlight.\",\n    \"Item Number\": \"1332866\",\n    \"Manufacturer Color\": \"No. 21 - Rose Noumea\",\n    \"Product Series\": \"Le Phyto-Rouge\",\n    \"Net Weight\": \"0.003 kg\",\n    \"Package Height\": \"8 cm\",\n    \"Package Length\": \"3 cm\",\n    \"Package Width\": \"3 cm\"\n}"
    },
    {
        "product_name": "Sisley Hydra-Flash - formule intensive Facial Mask 60 ml",
        "brand_name": "Sisley",
        "brand_url": "https://shop.frankfurt-airport.com/en-US/brand/sisley",
        "retailer_name": "Frankfurt Duty Free",
        "retailer_url": "https://shop.frankfurt-airport.com/en-US/retailer/heinemann",
        "price": "\u20ac174.99",
        "price_per_quantity": "\u20ac291.65 / 100  ml",
        "description": "An intensive \"bath of moisture\" mask. Sesame: hydrates, restructures;Rice: reinforces the skin's barrier; Red Vine: tones; Jioh: hydrates;Ginkgo biloba: tones, protects; Vitamin E acetate: anti-free radicals; Provitamin B5: soothes; Marjoram (essential Oil): soothes; Serine: promotes hydration of the epidermisAn intensive \"bath of moisture\" mask. Sesame: hydrates, restructures;Rice: reinforces the skin's barrier; Red Vine: tones; Jioh: hydrates;Ginkgo biloba: tones, protects; Vitamin E acetate: anti-free radicals; Provitamin B5: soothes; Marjoram (essential Oil): soothes; Serine: promotes hydration of the epidermis",
        "additional_information": "{\n    \"Order Amount\": \"60 ml\",\n    \"Warning Hints\": \"Avoid eye contact. Keep away from direct heat and sunlight.\",\n    \"Item Number\": \"655683\",\n    \"Product Series\": \"Skin Care Face\",\n    \"Net Weight\": \"0.06 kg\",\n    \"Package Height\": \"12 cm\",\n    \"Package Length\": \"6.5 cm\",\n    \"Package Width\": \"5.5 cm\"\n}"
    },
    {
        "product_name": "Sisley Phyto-Ombres Eye Shadow N 25 Metallic Khaki",
        "brand_name": "Sisley",
        "brand_url": "https://shop.frankfurt-airport.com/en-US/brand/sisley",
        "retailer_name": "Frankfurt Duty Free",
        "retailer_url": "https://shop.frankfurt-airport.com/en-US/retailer/heinemann",
        "price": "\u20ac39.99",
        "price_per_quantity": "\u20ac2,666.00 / 100  g",
        "description": "An eye shadow with a half-powder, half-cream hybrid texture, that embellishes the eyes with a veil of colour and radiance. 5 finishes: mat, silky, metallic, glow, and sparkling, to illuminate the eyes and create a 3D effect unique to Sisley. Its ultra-sensory texture melts onto the skin and leaves an ultra-fine smoothing film. Its formula enriched with naturally-derived extracts provides softness and comfort to the delicate skin on the eyelids. Tolerance tested under ophthalmological and dermatological control. Suitable for sensitive eyes and contact lens wearers. Flawless, long-lasting make-up with no risk of overload. Colour and light in their purest state to make the eyes sparkle. 20 radiant shades adapted to all skin tones and easy to remove.An eye shadow with a half-powder, half-cream hybrid texture, that embellishes the eyes with a veil of colour and radiance. 5 finishes: mat, silky, metallic, glow, and sparkling, to illuminate the eyes and create a 3D effect unique to Sisley. Its ultra-sensory texture melts onto the skin and leaves an ultra-fine smoothing film. Its formula enriched with naturally-derived extracts provides softness and comfort to the delicate skin on the eyelids. Tolerance tested under ophthalmological and dermatological control. Suitable for sensitive eyes and contact lens wearers. Flawless, long-lasting make-up with no risk of overload. Colour and light in their purest state to make the eyes sparkle. 20 radiant shades adapted to all skin tones and easy to remove.",
        "additional_information": "{\n    \"Order Amount\": \"1.5 g\",\n    \"made in\": \"Italy\",\n    \"Warning Hints\": \"Avoid eye contact. Keep away from direct heat and sunlight.\",\n    \"Item Number\": \"1404942\",\n    \"Manufacturer Color\": \"No. 25 - Metallic Khaki\",\n    \"Product Series\": \"Phyto-Ombres\",\n    \"Net Weight\": \"0.002 kg\",\n    \"Package Height\": \"2.1 cm\",\n    \"Package Length\": \"5.3 cm\",\n    \"Package Width\": \"5.3 cm\"\n}"
    },
    {
        "product_name": "Sisley Gel Express aux Fleurs Cream Gel Mask 60 ml",
        "brand_name": "Sisley",
        "brand_url": "https://shop.frankfurt-airport.com/en-US/brand/sisley",
        "retailer_name": "Frankfurt Duty Free",
        "retailer_url": "https://shop.frankfurt-airport.com/en-US/retailer/heinemann",
        "price": "\u20ac114.99",
        "price_per_quantity": "\u20ac191.65 / 100  ml",
        "description": "An express mask for fresher, more supple and velvety skin in just 3 minutes. White Lily: hydrates, softens; Sesame: hydrates, protects, and regenerates;Rose: Freshens, softens, astringent;Iris: softens, tonesAn express mask for fresher, more supple and velvety skin in just 3 minutes. White Lily: hydrates, softens; Sesame: hydrates, protects, and regenerates;Rose: Freshens, softens, astringent;Iris: softens, tones",
        "additional_information": "{\n    \"Order Amount\": \"60 ml\",\n    \"Warning Hints\": \"Avoid eye contact. Keep away from direct heat and sunlight.\",\n    \"Item Number\": \"655623\",\n    \"Product Series\": \"Masks\",\n    \"Net Weight\": \"0.06 kg\",\n    \"Package Height\": \"12.1 cm\",\n    \"Package Length\": \"6.5 cm\",\n    \"Package Width\": \"5.5 cm\"\n}"
    },
    {
        "product_name": "Sisley Phyto-Teint Ultra Eclat Foundation N 2 Soft Beige 30 ml",
        "brand_name": "Sisley",
        "brand_url": "https://shop.frankfurt-airport.com/en-US/brand/sisley",
        "retailer_name": "Frankfurt Duty Free",
        "retailer_url": "https://shop.frankfurt-airport.com/en-US/retailer/heinemann",
        "price": "\u20ac74.99",
        "price_per_quantity": "\u20ac249.97 / 100  ml",
        "description": "Fluid foundation for a long-lasting, even, natural, and radiant complexion. Size: 30 mlAlkekengi calyx extract: smoothes, contributes to the proper hydration of the skin and protects it from environmental damageLemon extract: unifies and lightens the complexionIris extract: moisturises and smoothes the skin textureA mineral Complex \u2013 Copper, Zinc, Magnesium \u2013 acts like a real \"breath of fresh air\"*** for more luminous skin, day after dayBuckwheat seed extract: preserves the complexion's radiance by acting like an anti-pollution shield and protecting the skin from environmental damageMallow extract: possesses moisturizing and softening propertiesGardenia flower extract: moisturizing, softening and emollient properties***In vitro test on the ingredientFluid foundation for a long-lasting, even, natural, and radiant complexion. Size: 30 mlAlkekengi calyx extract: smoothes, contributes to the proper hydration of the skin and protects it from environmental damageLemon extract: unifies and lightens the complexionIris extract: moisturises and smoothes the skin textureA mineral Complex \u2013 Copper, Zinc, Magnesium \u2013 acts like a real \"breath of fresh air\"*** for more luminous skin, day after dayBuckwheat seed extract: preserves the complexion's radiance by acting like an anti-pollution shield and protecting the skin from environmental damageMallow extract: possesses moisturizing and softening propertiesGardenia flower extract: moisturizing, softening and emollient properties***In vitro test on the ingredient",
        "additional_information": "{\n    \"Order Amount\": \"30 ml\",\n    \"made in\": \"Italy\",\n    \"Warning Hints\": \"Avoid eye contact. Keep away from direct heat and sunlight.\",\n    \"Item Number\": \"1404962\",\n    \"Manufacturer Color\": \"No. 2 - Soft Beige\",\n    \"Product Series\": \"Phyto-Teint Ultra Eclat\",\n    \"Net Weight\": \"0.03 kg\",\n    \"Package Height\": \"10.2 cm\",\n    \"Package Length\": \"5.05 cm\",\n    \"Package Width\": \"3.7 cm\"\n}"
    },
    {
        "product_name": "Sisley Hydra Global Serum 30 ml",
        "brand_name": "Sisley",
        "brand_url": "https://shop.frankfurt-airport.com/en-US/brand/sisley",
        "retailer_name": "Frankfurt Duty Free",
        "retailer_url": "https://shop.frankfurt-airport.com/en-US/retailer/heinemann",
        "price": "\u20ac219.99",
        "price_per_quantity": "\u20ac733.30 / 100  ml",
        "description": "This serum reactivates the skin\u2019s natural hydration mechanisms for intense and continuous anti-ageing hydration Yeast extract of Blue Agave from Mexico: replumps the hydric layer by reviving the synthesis of hyaluronic acid in the dermis; Carob seed extract: replenishes epidermal hyaluronic acid; Japanese Cedar bud extract: restores suppleness to the skin; Wild Pansy extract: increases water circulation in the epidermis by stimulating the synthesis of aquaporins; Iris extract: protects hyaluronic acid, which infuses  the skin with water; Edelweiss extract: increases the impermeability of the corneum layer; Malachite: reinforces the skin's anti-free radical defencesThis serum reactivates the skin\u2019s natural hydration mechanisms for intense and continuous anti-ageing hydration Yeast extract of Blue Agave from Mexico: replumps the hydric layer by reviving the synthesis of hyaluronic acid in the dermis; Carob seed extract: replenishes epidermal hyaluronic acid; Japanese Cedar bud extract: restores suppleness to the skin; Wild Pansy extract: increases water circulation in the epidermis by stimulating the synthesis of aquaporins; Iris extract: protects hyaluronic acid, which infuses  the skin with water; Edelweiss extract: increases the impermeability of the corneum layer; Malachite: reinforces the skin's anti-free radical defences",
        "additional_information": "{\n    \"Order Amount\": \"30 ml\",\n    \"Warning Hints\": \"Avoid eye contact. Keep away from direct heat and sunlight.\",\n    \"Item Number\": \"1316787\",\n    \"Product Series\": \"Skin Care Face\",\n    \"Net Weight\": \"0.03 kg\",\n    \"Package Height\": \"13.4 cm\",\n    \"Package Length\": \"3.9 cm\",\n    \"Package Width\": \"3.9 cm\"\n}"
    },
    {
        "product_name": "Sisley Sisleya LIntgral Anti-Wrinkle Concentrated Serum 30 ml",
        "brand_name": "Sisley",
        "brand_url": "https://shop.frankfurt-airport.com/en-US/brand/sisley",
        "retailer_name": "Frankfurt Duty Free",
        "retailer_url": "https://shop.frankfurt-airport.com/en-US/retailer/heinemann",
        "price": "\u20ac469.99",
        "price_per_quantity": "\u20ac1,566.63 / 100  ml",
        "description": "The Anti-Wrinkle Concentrated Serum from the Sisle\u00ffa L'Integral Anti-Age range acts deep down on all types of wrinkles to restore a more youthful looking appearance. Cacao Porcelana extract: action on collagen; Soy peptide extract: anti-wrinkles and firmness; Blue  Agave Yeast extract: reactivates the natural hyaluronic acid production mechanisms; White Willow leaf extract: antioxidant; Rosehip extract: anti-free radical and antioxidant; Iris extract: moisturises , protects and soothesThe Anti-Wrinkle Concentrated Serum from the Sisle\u00ffa L'Integral Anti-Age range acts deep down on all types of wrinkles to restore a more youthful looking appearance. Cacao Porcelana extract: action on collagen; Soy peptide extract: anti-wrinkles and firmness; Blue  Agave Yeast extract: reactivates the natural hyaluronic acid production mechanisms; White Willow leaf extract: antioxidant; Rosehip extract: anti-free radical and antioxidant; Iris extract: moisturises , protects and soothes",
        "additional_information": "{\n    \"Order Amount\": \"30 ml\",\n    \"Warning Hints\": \"Avoid eye contact. Keep away from direct heat and sunlight.\",\n    \"Item Number\": \"1368485\",\n    \"Product Series\": \"Sisleya\",\n    \"Net Weight\": \"0.03 kg\",\n    \"Package Height\": \"15.5 cm\",\n    \"Package Length\": \"4.2 cm\",\n    \"Package Width\": \"4.35 cm\"\n}"
    },
    {
        "product_name": "Sisley Radiance Foaming Cream Cleaning Cream 125 ml",
        "brand_name": "Sisley",
        "brand_url": "https://shop.frankfurt-airport.com/en-US/brand/sisley",
        "retailer_name": "Frankfurt Duty Free",
        "retailer_url": "https://shop.frankfurt-airport.com/en-US/retailer/heinemann",
        "price": "\u20ac94.99",
        "price_per_quantity": "\u20ac75.99 / 100  ml",
        "description": "An ultra-sensorial creamy foam that combines an effective make-up remover and skincare action. Peony extract: brings softness and comfort;A complex of moisturising active ingredients \u2013 plant-based betaine, Pro-Vitamin B5 and plant-based Glycerin: limits the the drying-out of the skin;Grapefruit extract: gently smoothes the skin texture;Ginkgo biloba extract: promotes radianceAn ultra-sensorial creamy foam that combines an effective make-up remover and skincare action. Peony extract: brings softness and comfort;A complex of moisturising active ingredients \u2013 plant-based betaine, Pro-Vitamin B5 and plant-based Glycerin: limits the the drying-out of the skin;Grapefruit extract: gently smoothes the skin texture;Ginkgo biloba extract: promotes radiance",
        "additional_information": "{\n    \"Order Amount\": \"125 ml\",\n    \"Warning Hints\": \"Avoid eye contact. Keep away from direct heat and sunlight.\",\n    \"Item Number\": \"1404936\",\n    \"Product Series\": \"Cleanser\",\n    \"Net Weight\": \"0.125 kg\",\n    \"Package Height\": \"16.75 cm\",\n    \"Package Length\": \"5.35 cm\",\n    \"Package Width\": \"5.34 cm\"\n}"
    },
    {
        "product_name": "Sisley Sunleya Age Minimizing Global Sun Care SPF30 50 ml",
        "brand_name": "Sisley",
        "brand_url": "https://shop.frankfurt-airport.com/en-US/brand/sisley",
        "retailer_name": "Frankfurt Duty Free",
        "retailer_url": "https://shop.frankfurt-airport.com/en-US/retailer/heinemann",
        "price": "\u20ac219.99",
        "price_per_quantity": "\u20ac439.98 / 100  ml",
        "description": "Supreme anti-ageing sun care, ideal for initial exposure to the sun and for very fair or highly sun-sensitive skin. Specific UVA and  UVB filtering complex:absorbs UVA and UVB rays; Einkorn Wheat extract: fights glycation; Dill extract: helps to form functional elastin and in this way, fights against solar elastosis; Vitamin E acetate: anti-free radical; Soy peptide extract: stimulates the synthesis of collagen fibres; White Willow leaf extract: anti-elastase and anti-collagenase actions; Shea butter: nourishes, soothes , repairs, softens and protects; Glycerin of plant origin: moisturises; Sage (essential Oil): stimulates; Marjoram (essential Oil): soothes.Supreme anti-ageing sun care, ideal for initial exposure to the sun and for very fair or highly sun-sensitive skin. Specific UVA and  UVB filtering complex:absorbs UVA and UVB rays; Einkorn Wheat extract: fights glycation; Dill extract: helps to form functional elastin and in this way, fights against solar elastosis; Vitamin E acetate: anti-free radical; Soy peptide extract: stimulates the synthesis of collagen fibres; White Willow leaf extract: anti-elastase and anti-collagenase actions; Shea butter: nourishes, soothes , repairs, softens and protects; Glycerin of plant origin: moisturises; Sage (essential Oil): stimulates; Marjoram (essential Oil): soothes.",
        "additional_information": "{\n    \"Order Amount\": \"50 ml\",\n    \"Warning Hints\": \"Avoid eye contact. Keep away from direct heat and sunlight.\",\n    \"Item Number\": \"1368491\",\n    \"Product Series\": \"Sunleya\",\n    \"Net Weight\": \"0.05 kg\",\n    \"Package Height\": \"15.7 cm\",\n    \"Package Length\": \"3.8 cm\",\n    \"Package Width\": \"3.8 cm\"\n}"
    },
    {
        "product_name": "Sisley Sun Care Super Soin Solaire Silky Body Cream SPF 30 200 ml",
        "brand_name": "Sisley",
        "brand_url": "https://shop.frankfurt-airport.com/en-US/brand/sisley",
        "retailer_name": "Frankfurt Duty Free",
        "retailer_url": "https://shop.frankfurt-airport.com/en-US/retailer/heinemann",
        "price": "\u20ac134.99",
        "price_per_quantity": "\u20ac67.50 / 100  ml",
        "description": "Youth protector sun care.* Provides ideal anti UVA-UVB protection during initial exposure to the sun and for those with fair or sun-sensitive skin requiring a high degree of protection. Specific UVA-UVB filtering complex: absorbs UVA-UVB rays; Vitamin E acetate: anti-free radical properties;Edelweiss extract: protects the cellular DNA from oxidative stress, strengthens the skin's barrier function;Camellia Oil: has restructuring, emollient, moisturizing and nourishing properties;Shea Oil: repairs, nourishes, softens, soothes, protects;Mango extract: has moisturising and emollient properties;Plant-origin Glycerin: moisturises;Lavender (essential Oil): soothes and balances;Geranium (essential Oil): tonesYouth protector sun care.* Provides ideal anti UVA-UVB protection during initial exposure to the sun and for those with fair or sun-sensitive skin requiring a high degree of protection. Specific UVA-UVB filtering complex: absorbs UVA-UVB rays; Vitamin E acetate: anti-free radical properties;Edelweiss extract: protects the cellular DNA from oxidative stress, strengthens the skin's barrier function;Camellia Oil: has restructuring, emollient, moisturizing and nourishing properties;Shea Oil: repairs, nourishes, softens, soothes, protects;Mango extract: has moisturising and emollient properties;Plant-origin Glycerin: moisturises;Lavender (essential Oil): soothes and balances;Geranium (essential Oil): tones",
        "additional_information": "{\n    \"Order Amount\": \"200 ml\",\n    \"Warning Hints\": \"Avoid eye contact. Keep away from direct heat and sunlight.\",\n    \"Item Number\": \"1368489\",\n    \"Product Series\": \"Super Soin Solaire\",\n    \"Net Weight\": \"0.2 kg\",\n    \"Package Height\": \"18.05 cm\",\n    \"Package Length\": \"7.5 cm\",\n    \"Package Width\": \"5.9 cm\"\n}"
    },
    {
        "product_name": "Sisley Super Soin Solaire Facial Sun Care SPF50+ 40 ml",
        "brand_name": "Sisley",
        "brand_url": "https://shop.frankfurt-airport.com/en-US/brand/sisley",
        "retailer_name": "Frankfurt Duty Free",
        "retailer_url": "https://shop.frankfurt-airport.com/en-US/retailer/heinemann",
        "price": "\u20ac149.99",
        "price_per_quantity": "\u20ac374.98 / 100  ml",
        "description": "Youth protector* skincare. Provides ideal anti UVA-UVB protection for initial exposures to the sun for those with very fair or extremely sun-sensitive skin requiring a very high degree of protection. Capacity: 40 mlSpecific UVA-UVB filtering complex: absorbs UVA-UVB raysVitamin E acetate: anti-free radical propertiesEdelweiss extract: protects the cellular DNA from oxidative stress, strengthens the skin's barrier functionCamellia Oil: has restructuring, emollient, moisturizing and nourishing propertiesShea Butter : repairs, nourishes, softens, soothes, protectsMango extract: has moisturizing and emollient propertiesPlant-origin glycerin: moisturisesSage (essential Oil): stimulatesMarjoram (essential Oil): soothesYouth protector* skincare. Provides ideal anti UVA-UVB protection for initial exposures to the sun for those with very fair or extremely sun-sensitive skin requiring a very high degree of protection. Capacity: 40 mlSpecific UVA-UVB filtering complex: absorbs UVA-UVB raysVitamin E acetate: anti-free radical propertiesEdelweiss extract: protects the cellular DNA from oxidative stress, strengthens the skin's barrier functionCamellia Oil: has restructuring, emollient, moisturizing and nourishing propertiesShea Butter : repairs, nourishes, softens, soothes, protectsMango extract: has moisturizing and emollient propertiesPlant-origin glycerin: moisturisesSage (essential Oil): stimulatesMarjoram (essential Oil): soothes",
        "additional_information": "{\n    \"Order Amount\": \"40 ml\",\n    \"Warning Hints\": \"Avoid eye contact. Keep away from direct heat and sunlight.\",\n    \"Item Number\": \"1113259\",\n    \"Product Series\": \"Super Soin Solaire\",\n    \"Net Weight\": \"0.04 kg\",\n    \"Package Height\": \"14.25 cm\",\n    \"Package Length\": \"5.3 cm\",\n    \"Package Width\": \"3.55 cm\"\n}"
    },
    {
        "product_name": "Sisley Phyto-Teint Ultra Eclat Foundation N 3 Natural 30 ml",
        "brand_name": "Sisley",
        "brand_url": "https://shop.frankfurt-airport.com/en-US/brand/sisley",
        "retailer_name": "Frankfurt Duty Free",
        "retailer_url": "https://shop.frankfurt-airport.com/en-US/retailer/heinemann",
        "price": "\u20ac74.99",
        "price_per_quantity": "\u20ac249.97 / 100  ml",
        "description": "Fluid foundation for a long-lasting, even, natural, and radiant complexion. Size: 30 mlAlkekengi calyx extract: smoothes, contributes to the proper hydration of the skin and protects it from environmental damageLemon extract: unifies and lightens the complexionIris extract: moisturises and smoothes the skin textureA mineral Complex \u2013 Copper, Zinc, Magnesium \u2013 acts like a real \"breath of fresh air\"*** for more luminous skin, day after dayBuckwheat seed extract: preserves the complexion's radiance by acting like an anti-pollution shield and protecting the skin from environmental damageMallow extract: possesses moisturizing and softening propertiesGardenia flower extract: moisturizing, softening and emollient properties***In vitro test on the ingredientFluid foundation for a long-lasting, even, natural, and radiant complexion. Size: 30 mlAlkekengi calyx extract: smoothes, contributes to the proper hydration of the skin and protects it from environmental damageLemon extract: unifies and lightens the complexionIris extract: moisturises and smoothes the skin textureA mineral Complex \u2013 Copper, Zinc, Magnesium \u2013 acts like a real \"breath of fresh air\"*** for more luminous skin, day after dayBuckwheat seed extract: preserves the complexion's radiance by acting like an anti-pollution shield and protecting the skin from environmental damageMallow extract: possesses moisturizing and softening propertiesGardenia flower extract: moisturizing, softening and emollient properties***In vitro test on the ingredient",
        "additional_information": "{\n    \"Order Amount\": \"30 ml\",\n    \"made in\": \"Italy\",\n    \"Warning Hints\": \"Avoid eye contact. Keep away from direct heat and sunlight.\",\n    \"Item Number\": \"1404960\",\n    \"Manufacturer Color\": \"No. 3 - Natural\",\n    \"Product Series\": \"Phyto-Teint Ultra Eclat\",\n    \"Net Weight\": \"0.03 kg\",\n    \"Package Height\": \"10.2 cm\",\n    \"Package Length\": \"5.05 cm\",\n    \"Package Width\": \"3.7 cm\"\n}"
    },
    {
        "product_name": "Sisley Sunleya Age Minimizing Global Sun Care SPF50+ 50 ml",
        "brand_name": "Sisley",
        "brand_url": "https://shop.frankfurt-airport.com/en-US/brand/sisley",
        "retailer_name": "Frankfurt Duty Free",
        "retailer_url": "https://shop.frankfurt-airport.com/en-US/retailer/heinemann",
        "price": "\u20ac219.99",
        "price_per_quantity": "\u20ac439.98 / 100  ml",
        "description": "Supreme anti-ageing sun care, ideal for initial exposure to the sun and for very fair or highly sun-sensitive skin. Specific UVA and  UVB filtering complex: absorbs UVA and UVB rays; Einkorn Wheat extract: fights glycation; Dill extract: helps to form functional elastin and in this way, fights against solar elastosis; Vitamin E acetate: anti-free radical; Soy peptide extract: stimulates the synthesis of collagen fibres; White Willow leaf extract: anti-elastase and anti-collagenase actions; Shea butter: nourishes, soothes , repairs, softens and protects; Glycerin of plant origin: moisturises; Sage (essential Oil): stimulates; Marjoram (essential Oil): soothes.Supreme anti-ageing sun care, ideal for initial exposure to the sun and for very fair or highly sun-sensitive skin. Specific UVA and  UVB filtering complex: absorbs UVA and UVB rays; Einkorn Wheat extract: fights glycation; Dill extract: helps to form functional elastin and in this way, fights against solar elastosis; Vitamin E acetate: anti-free radical; Soy peptide extract: stimulates the synthesis of collagen fibres; White Willow leaf extract: anti-elastase and anti-collagenase actions; Shea butter: nourishes, soothes , repairs, softens and protects; Glycerin of plant origin: moisturises; Sage (essential Oil): stimulates; Marjoram (essential Oil): soothes.",
        "additional_information": "{\n    \"Order Amount\": \"50 ml\",\n    \"Warning Hints\": \"Avoid eye contact. Keep away from direct heat and sunlight.\",\n    \"Item Number\": \"1368490\",\n    \"Product Series\": \"Sunleya\",\n    \"Net Weight\": \"0.05 kg\",\n    \"Package Height\": \"15.5 cm\",\n    \"Package Length\": \"3.7 cm\",\n    \"Package Width\": \"3.7 cm\"\n}"
    },
    {
        "product_name": "Sisley Sisleum for Men - Soin Global Revitalisant Anti-Age pour Peaux Normales After Shave and Anti-Aging Skincare 50 ml",
        "brand_name": "Sisley",
        "brand_url": "https://shop.frankfurt-airport.com/en-US/brand/sisley",
        "retailer_name": "Frankfurt Duty Free",
        "retailer_url": "https://shop.frankfurt-airport.com/en-US/retailer/heinemann",
        "price": "\u20ac239.99",
        "price_per_quantity": "\u20ac479.98 / 100  ml",
        "description": "A complete anti-ageing product specifically designed for men's skin. White Horehound: soothes;Shea butter: nourishes, soothes, repairs, softens and protects;Wild Pansy: increases moisture circulation in the epidermis by stimulating the synthesis of aquaporines;Malachite: reinforces the skin's defences against free radicals;Rhodochrosite: promotes SOD* activity (*an enzyme that defends against free radicals);Alkekengi Calyx: anti-free radicals action;Padina pavonica: stimulates the synthesis of glycoaminoglycans;White Willow: accelerates HSP synthesis, anti-elastase and anti-collagenase actionA complete anti-ageing product specifically designed for men's skin. White Horehound: soothes;Shea butter: nourishes, soothes, repairs, softens and protects;Wild Pansy: increases moisture circulation in the epidermis by stimulating the synthesis of aquaporines;Malachite: reinforces the skin's defences against free radicals;Rhodochrosite: promotes SOD* activity (*an enzyme that defends against free radicals);Alkekengi Calyx: anti-free radicals action;Padina pavonica: stimulates the synthesis of glycoaminoglycans;White Willow: accelerates HSP synthesis, anti-elastase and anti-collagenase action",
        "additional_information": "{\n    \"Order Amount\": \"50 ml\",\n    \"Warning Hints\": \"Avoid eye contact. Keep away from direct heat and sunlight.\",\n    \"Item Number\": \"498882\",\n    \"Product Series\": \"Sisleyum - For Men\",\n    \"Net Weight\": \"0.05 kg\",\n    \"Package Height\": \"11.7 cm\",\n    \"Package Length\": \"5 cm\",\n    \"Package Width\": \"5 cm\"\n}"
    },
    {
        "product_name": "Sisley Sislea Le Teint Foundation N 2R Organza 30 ml",
        "brand_name": "Sisley",
        "brand_url": "https://shop.frankfurt-airport.com/en-US/brand/sisley",
        "retailer_name": "Frankfurt Duty Free",
        "retailer_url": "https://shop.frankfurt-airport.com/en-US/retailer/heinemann",
        "price": "\u20ac139.99",
        "price_per_quantity": "\u20ac466.63 / 100  ml",
        "description": "A foundation with the best of Sisley make-up and Skincare. Capacity: 30 mlPersian Acacia extract: cellular energyChlorella extract: revitalizesRed Vine extract: tonesSoy peptide extract: combats loss of firmnessAdenosine: anti-wrinkle propertiesWhite Willow extract: antioxidant*, anti-collagenase* and anti-elastase* propertiesVitamin E Acetate: anti-free radical propertiesCherry Blossom extract: moisturisesPlant based sugar: promotes the retention of water in the stratum corneumA foundation with the best of Sisley make-up and Skincare. Capacity: 30 mlPersian Acacia extract: cellular energyChlorella extract: revitalizesRed Vine extract: tonesSoy peptide extract: combats loss of firmnessAdenosine: anti-wrinkle propertiesWhite Willow extract: antioxidant*, anti-collagenase* and anti-elastase* propertiesVitamin E Acetate: anti-free radical propertiesCherry Blossom extract: moisturisesPlant based sugar: promotes the retention of water in the stratum corneum",
        "additional_information": "{\n    \"Order Amount\": \"30 ml\",\n    \"made in\": \"France\",\n    \"Warning Hints\": \"Avoid eye contact. Keep away from direct heat and sunlight.\",\n    \"Item Number\": \"1224819\",\n    \"Manufacturer Color\": \"Organza\",\n    \"Product Series\": \"Sisleya\",\n    \"Net Weight\": \"0.03 kg\",\n    \"Package Height\": \"13.25 cm\",\n    \"Package Length\": \"3.7 cm\",\n    \"Package Width\": \"3.7 cm\"\n}"
    },
    {
        "product_name": "Sisley Phyto-Lip Twist Lipbalm N 16 Balm",
        "brand_name": "Sisley",
        "brand_url": "https://shop.frankfurt-airport.com/en-US/brand/sisley",
        "retailer_name": "Frankfurt Duty Free",
        "retailer_url": "https://shop.frankfurt-airport.com/en-US/retailer/heinemann",
        "price": "\u20ac39.99",
        "price_per_quantity": "\u20ac1,599.60 / 100  g",
        "description": "Colour, skincare and shine in a single \"twist\". Capacity: 2.5 gCommipheroline: smoothes the lips and contoursPhytosqualane: emolliates and moisturises, maintains the skin's supplenessColour, skincare and shine in a single \"twist\". Capacity: 2.5 gCommipheroline: smoothes the lips and contoursPhytosqualane: emolliates and moisturises, maintains the skin's suppleness",
        "additional_information": "{\n    \"Order Amount\": \"2.5 g\",\n    \"made in\": \"Italy\",\n    \"Warning Hints\": \"Avoid eye contact. Keep away from direct heat and sunlight.\",\n    \"Item Number\": \"1224813\",\n    \"Manufacturer Color\": \"No. 16 - Balm\",\n    \"Product Series\": \"Phyto-Lip Twist\",\n    \"Net Weight\": \"0.002 kg\",\n    \"Package Height\": \"11.5 cm\",\n    \"Package Length\": \"1.9 cm\",\n    \"Package Width\": \"1.9 cm\"\n}"
    },
    {
        "product_name": "Sisley Phyto-Lip Twist Lipbalm N 4 Pinky",
        "brand_name": "Sisley",
        "brand_url": "https://shop.frankfurt-airport.com/en-US/brand/sisley",
        "retailer_name": "Frankfurt Duty Free",
        "retailer_url": "https://shop.frankfurt-airport.com/en-US/retailer/heinemann",
        "price": "\u20ac39.99",
        "price_per_quantity": "\u20ac1,599.60 / 100  g",
        "description": "Colour, skincare and shine in a single \"twist\". Capacity: 2.5 gCommipheroline: smoothes the lips and contoursPhytosqualane: emolliates and moisturises, maintains the skin's supplenessColour, skincare and shine in a single \"twist\". Capacity: 2.5 gCommipheroline: smoothes the lips and contoursPhytosqualane: emolliates and moisturises, maintains the skin's suppleness",
        "additional_information": "{\n    \"Order Amount\": \"2.5 g\",\n    \"made in\": \"Italy\",\n    \"Warning Hints\": \"Avoid eye contact. Keep away from direct heat and sunlight.\",\n    \"Item Number\": \"1067847\",\n    \"Manufacturer Color\": \"No. 4 - Pinky\",\n    \"Product Series\": \"Phyto-Lip Twist\",\n    \"Net Weight\": \"0.002 kg\",\n    \"Package Height\": \"11.5 cm\",\n    \"Package Length\": \"1.9 cm\",\n    \"Package Width\": \"1.9 cm\"\n}"
    },
    {
        "product_name": "Sisley Crme Rparatrice au Shea Butter Facial Cream 50 ml",
        "brand_name": "Sisley",
        "brand_url": "https://shop.frankfurt-airport.com/en-US/brand/sisley",
        "retailer_name": "Frankfurt Duty Free",
        "retailer_url": "https://shop.frankfurt-airport.com/en-US/retailer/heinemann",
        "price": "\u20ac154.99",
        "price_per_quantity": "\u20ac309.98 / 100  ml",
        "description": "A compensating cream that soothes irritated skin. Shea butter: nourishes, soothes, repairs, softens and protects;Carrot: revitalises, hydratesA compensating cream that soothes irritated skin. Shea butter: nourishes, soothes, repairs, softens and protects;Carrot: revitalises, hydrates",
        "additional_information": "{\n    \"Order Amount\": \"50 ml\",\n    \"Warning Hints\": \"Avoid eye contact. Keep away from direct heat and sunlight.\",\n    \"Item Number\": \"655763\",\n    \"Product Series\": \"Skin Care Face\",\n    \"Net Weight\": \"0.05 kg\",\n    \"Package Height\": \"6.5 cm\",\n    \"Package Length\": \"6.5 cm\",\n    \"Package Width\": \"6.5 cm\"\n}"
    },
    {
        "product_name": "Sisley Phyto-Lip Twist Lipbalm N 5 Berry",
        "brand_name": "Sisley",
        "brand_url": "https://shop.frankfurt-airport.com/en-US/brand/sisley",
        "retailer_name": "Frankfurt Duty Free",
        "retailer_url": "https://shop.frankfurt-airport.com/en-US/retailer/heinemann",
        "price": "\u20ac39.99",
        "price_per_quantity": "\u20ac1,599.60 / 100  g",
        "description": "Colour, skincare and shine in a single \"twist\". Capacity: 2.5 gCommipheroline: smoothes the lips and contoursPhytosqualane: emolliates and moisturises, maintains the skin's supplenessColour, skincare and shine in a single \"twist\". Capacity: 2.5 gCommipheroline: smoothes the lips and contoursPhytosqualane: emolliates and moisturises, maintains the skin's suppleness",
        "additional_information": "{\n    \"Order Amount\": \"2.5 g\",\n    \"made in\": \"Italy\",\n    \"Warning Hints\": \"Avoid eye contact. Keep away from direct heat and sunlight.\",\n    \"Item Number\": \"1067848\",\n    \"Manufacturer Color\": \"No. 5 - Berry\",\n    \"Product Series\": \"Phyto-Lip Twist\",\n    \"Net Weight\": \"0.002 kg\",\n    \"Package Height\": \"11.5 cm\",\n    \"Package Length\": \"1.9 cm\",\n    \"Package Width\": \"1.9 cm\"\n}"
    },
    {
        "product_name": "Sisley Gel Nettoyant Gommant pour le visage Facial Gel 100 ml",
        "brand_name": "Sisley",
        "brand_url": "https://shop.frankfurt-airport.com/en-US/brand/sisley",
        "retailer_name": "Frankfurt Duty Free",
        "retailer_url": "https://shop.frankfurt-airport.com/en-US/retailer/heinemann",
        "price": "\u20ac109.99",
        "price_per_quantity": "\u20ac109.99 / 100  ml",
        "description": "Leaves skin envigorated, soft, and luminous. Lemon: tones and revives the complexion; Lavender (essential Oil): soothes; Exotic Verbena (essential Oil): refreshes and tonesLeaves skin envigorated, soft, and luminous. Lemon: tones and revives the complexion; Lavender (essential Oil): soothes; Exotic Verbena (essential Oil): refreshes and tones",
        "additional_information": "{\n    \"Order Amount\": \"100 ml\",\n    \"Warning Hints\": \"Avoid eye contact. Keep away from direct heat and sunlight.\",\n    \"Item Number\": \"655553\",\n    \"Product Series\": \"Cleanser\",\n    \"Net Weight\": \"0.1 kg\",\n    \"Package Height\": \"15 cm\",\n    \"Package Length\": \"7 cm\",\n    \"Package Width\": \"4.5 cm\"\n}"
    },
    {
        "product_name": "Sisley Phyto-Lip Twist Lipbalm N 1 Nude",
        "brand_name": "Sisley",
        "brand_url": "https://shop.frankfurt-airport.com/en-US/brand/sisley",
        "retailer_name": "Frankfurt Duty Free",
        "retailer_url": "https://shop.frankfurt-airport.com/en-US/retailer/heinemann",
        "price": "\u20ac39.99",
        "price_per_quantity": "\u20ac1,599.60 / 100  g",
        "description": "Colour, skincare and shine in a single \"twist\". Capacity: 2.5 gCommipheroline: smoothes the lips and contoursPhytosqualane: emolliates and moisturises, maintains the skin's supplenessColour, skincare and shine in a single \"twist\". Capacity: 2.5 gCommipheroline: smoothes the lips and contoursPhytosqualane: emolliates and moisturises, maintains the skin's suppleness",
        "additional_information": "{\n    \"Order Amount\": \"2.5 g\",\n    \"made in\": \"Italy\",\n    \"Warning Hints\": \"Avoid eye contact. Keep away from direct heat and sunlight.\",\n    \"Item Number\": \"1067844\",\n    \"Manufacturer Color\": \"No. 1 - Nude\",\n    \"Product Series\": \"Phyto-Lip Twist\",\n    \"Net Weight\": \"0.002 kg\",\n    \"Package Height\": \"11.5 cm\",\n    \"Package Length\": \"1.9 cm\",\n    \"Package Width\": \"1.9 cm\"\n}"
    },
    {
        "product_name": "Sisley Sislea Le Teint Foundation N 2B Linen 30 ml",
        "brand_name": "Sisley",
        "brand_url": "https://shop.frankfurt-airport.com/en-US/brand/sisley",
        "retailer_name": "Frankfurt Duty Free",
        "retailer_url": "https://shop.frankfurt-airport.com/en-US/retailer/heinemann",
        "price": "\u20ac139.99",
        "price_per_quantity": "\u20ac466.63 / 100  ml",
        "description": "A foundation with the best of Sisley make-up and Skincare. Capacity: 30 mlPersian Acacia extract: cellular energyChlorella extract: revitalizesRed Vine extract: tonesSoy peptide extract: combats loss of firmnessAdenosine: anti-wrinkle propertiesWhite Willow extract: antioxidant*, anti-collagenase* and anti-elastase* propertiesVitamin E Acetate: anti-free radical propertiesCherry Blossom extract: moisturisesPlant based sugar: promotes the retention of water in the stratum corneumA foundation with the best of Sisley make-up and Skincare. Capacity: 30 mlPersian Acacia extract: cellular energyChlorella extract: revitalizesRed Vine extract: tonesSoy peptide extract: combats loss of firmnessAdenosine: anti-wrinkle propertiesWhite Willow extract: antioxidant*, anti-collagenase* and anti-elastase* propertiesVitamin E Acetate: anti-free radical propertiesCherry Blossom extract: moisturisesPlant based sugar: promotes the retention of water in the stratum corneum",
        "additional_information": "{\n    \"Order Amount\": \"30 ml\",\n    \"made in\": \"France\",\n    \"Warning Hints\": \"Avoid eye contact. Keep away from direct heat and sunlight.\",\n    \"Item Number\": \"1225350\",\n    \"Manufacturer Color\": \"Linen\",\n    \"Product Series\": \"Sisleya\",\n    \"Net Weight\": \"0.03 kg\",\n    \"Package Height\": \"13.25 cm\",\n    \"Package Length\": \"3.7 cm\",\n    \"Package Width\": \"3.7 cm\"\n}"
    },
    {
        "product_name": "Sisley Sislea Le Teint Foundation N 1B Ivory 30 ml",
        "brand_name": "Sisley",
        "brand_url": "https://shop.frankfurt-airport.com/en-US/brand/sisley",
        "retailer_name": "Frankfurt Duty Free",
        "retailer_url": "https://shop.frankfurt-airport.com/en-US/retailer/heinemann",
        "price": "\u20ac139.99",
        "price_per_quantity": "\u20ac466.63 / 100  ml",
        "description": "A foundation with the best of Sisley make-up and Skincare. Capacity: 30 mlPersian Acacia extract: cellular energyChlorella extract: revitalizesRed Vine extract: tonesSoy peptide extract: combats loss of firmnessAdenosine: anti-wrinkle propertiesWhite Willow extract: antioxidant*, anti-collagenase* and anti-elastase* propertiesVitamin E Acetate: anti-free radical propertiesCherry Blossom extract: moisturisesPlant based sugar: promotes the retention of water in the stratum corneumA foundation with the best of Sisley make-up and Skincare. Capacity: 30 mlPersian Acacia extract: cellular energyChlorella extract: revitalizesRed Vine extract: tonesSoy peptide extract: combats loss of firmnessAdenosine: anti-wrinkle propertiesWhite Willow extract: antioxidant*, anti-collagenase* and anti-elastase* propertiesVitamin E Acetate: anti-free radical propertiesCherry Blossom extract: moisturisesPlant based sugar: promotes the retention of water in the stratum corneum",
        "additional_information": "{\n    \"Order Amount\": \"30 ml\",\n    \"made in\": \"France\",\n    \"Warning Hints\": \"Avoid eye contact. Keep away from direct heat and sunlight.\",\n    \"Item Number\": \"1224818\",\n    \"Manufacturer Color\": \"Ivory\",\n    \"Product Series\": \"Sisleya\",\n    \"Net Weight\": \"0.03 kg\",\n    \"Package Height\": \"13.25 cm\",\n    \"Package Length\": \"3.7 cm\",\n    \"Package Width\": \"3.7 cm\"\n}"
    },
    {
        "product_name": "Sisley Phyto-Lip Twist Lipbalm N 3 Peach",
        "brand_name": "Sisley",
        "brand_url": "https://shop.frankfurt-airport.com/en-US/brand/sisley",
        "retailer_name": "Frankfurt Duty Free",
        "retailer_url": "https://shop.frankfurt-airport.com/en-US/retailer/heinemann",
        "price": "\u20ac39.99",
        "price_per_quantity": "\u20ac1,599.60 / 100  g",
        "description": "Colour, skincare and shine in a single \"twist\". Capacity: 2.5 gCommipheroline: smoothes the lips and contoursPhytosqualane: emolliates and moisturises, maintains the skin's supplenessColour, skincare and shine in a single \"twist\". Capacity: 2.5 gCommipheroline: smoothes the lips and contoursPhytosqualane: emolliates and moisturises, maintains the skin's suppleness",
        "additional_information": "{\n    \"Order Amount\": \"2.5 g\",\n    \"made in\": \"Italy\",\n    \"Warning Hints\": \"Avoid eye contact. Keep away from direct heat and sunlight.\",\n    \"Item Number\": \"1067846\",\n    \"Manufacturer Color\": \"No. 3 - Peach\",\n    \"Product Series\": \"Phyto-Lip Twist\",\n    \"Net Weight\": \"0.002 kg\",\n    \"Package Height\": \"11.5 cm\",\n    \"Package Length\": \"1.9 cm\",\n    \"Package Width\": \"1.9 cm\"\n}"
    },
    {
        "product_name": "Sisley Phyto-Touche Illusion d't Powder",
        "brand_name": "Sisley",
        "brand_url": "https://shop.frankfurt-airport.com/en-US/brand/sisley",
        "retailer_name": "Frankfurt Duty Free",
        "retailer_url": "https://shop.frankfurt-airport.com/en-US/retailer/heinemann",
        "price": "\u20ac92.99",
        "price_per_quantity": "\u20ac845.36 / 100  g",
        "description": "A sun-kissed look achieved in a brush stroke. Gardenia: Emolliant, Softens, HydratesMallow: Hydrating EmolliantLinden Blossom: Softens, Protects from free-radicalsCoated Mica: Fuses into the skin when applied, gives a \"Second-skin\" complexion-perfecting effect, and boosts radianceA sun-kissed look achieved in a brush stroke. Gardenia: Emolliant, Softens, HydratesMallow: Hydrating EmolliantLinden Blossom: Softens, Protects from free-radicalsCoated Mica: Fuses into the skin when applied, gives a \"Second-skin\" complexion-perfecting effect, and boosts radiance",
        "additional_information": "{\n    \"Order Amount\": \"11 g\",\n    \"made in\": \"Italy\",\n    \"Warning Hints\": \"Avoid eye contact. Keep away from direct heat and sunlight.\",\n    \"Item Number\": \"1067871\",\n    \"Product Series\": \"Phyto-Touche Illusion d'\\u00c9t\\u00e9\",\n    \"Net Weight\": \"0.011 kg\",\n    \"Package Height\": \"8 cm\",\n    \"Package Length\": \"8 cm\",\n    \"Package Width\": \"2 cm\"\n}"
    },
    {
        "product_name": "Sisley Sisleya LIntgral Hand Care Anti-Aging Concentrate SPF 30 75 ml",
        "brand_name": "Sisley",
        "brand_url": "https://shop.frankfurt-airport.com/en-US/brand/sisley",
        "retailer_name": "Frankfurt Duty Free",
        "retailer_url": "https://shop.frankfurt-airport.com/en-US/retailer/heinemann",
        "price": "\u20ac119.99",
        "price_per_quantity": "\u20ac159.99 / 100  ml",
        "description": "A high-performance skincare product to fight all the visible signs of ageing on the hands (wrinkles, dark spots, loss of density and  plumpness, skin dryness, etc.). Lindera extract: cellular rhythm;Persian Acacia extract: cellular energy;Yeast and Soy protein complex: cellular longevity;Hexyl Resorcinol: powerful brightening agent;Vitamin E Acetate: anti-free radical;Buckwheat seed extract : antioxidant and anti-pollution;Micronized Titanium dioxide: mineral screen that protects the skin by reflecting UV rays;Padina pavonica extract: promotes the synthesis of glycosaminoglycans, moisturises and plumps; Glycerin of plant origin: moisturises and softens;Shea Oil: nourishes and repairs;Harpagophytum extract: soothesA high-performance skincare product to fight all the visible signs of ageing on the hands (wrinkles, dark spots, loss of density and  plumpness, skin dryness, etc.). Lindera extract: cellular rhythm;Persian Acacia extract: cellular energy;Yeast and Soy protein complex: cellular longevity;Hexyl Resorcinol: powerful brightening agent;Vitamin E Acetate: anti-free radical;Buckwheat seed extract : antioxidant and anti-pollution;Micronized Titanium dioxide: mineral screen that protects the skin by reflecting UV rays;Padina pavonica extract: promotes the synthesis of glycosaminoglycans, moisturises and plumps; Glycerin of plant origin: moisturises and softens;Shea Oil: nourishes and repairs;Harpagophytum extract: soothes",
        "additional_information": "{\n    \"Order Amount\": \"75 ml\",\n    \"Warning Hints\": \"Avoid eye contact. Keep away from direct heat and sunlight.\",\n    \"Item Number\": \"1368488\",\n    \"Product Series\": \"Sisleya\",\n    \"Net Weight\": \"0.075 kg\",\n    \"Package Height\": \"14.3 cm\",\n    \"Package Length\": \"6.1 cm\",\n    \"Package Width\": \"5.1 cm\"\n}"
    },
    {
        "product_name": "Sisley Sun Glow Powder Trio N 1 Honey Cinnamon 10 g",
        "brand_name": "Sisley",
        "brand_url": "https://shop.frankfurt-airport.com/en-US/brand/sisley",
        "retailer_name": "Frankfurt Duty Free",
        "retailer_url": "https://shop.frankfurt-airport.com/en-US/retailer/heinemann",
        "price": "\u20ac94.99",
        "price_per_quantity": "\u20ac949.90 / 100  g",
        "description": "A perfectly smooth velvety complexion, a second-skin formula, and incomparable comfort and softness. \"Three-Butters\" complex, a unique cocktail of 3 ultra-emollient plant-based butters:Cocoa butter: softens the skin and fights against dryness.Mango butter: nourishes, softens, protects and preserves hydration.Cupua\u00e7u butter: soothes and helps maintain suppleness and elasticity.Hibiscus flower extract: toning properties, a source of radiance.A perfectly smooth velvety complexion, a second-skin formula, and incomparable comfort and softness. \"Three-Butters\" complex, a unique cocktail of 3 ultra-emollient plant-based butters:Cocoa butter: softens the skin and fights against dryness.Mango butter: nourishes, softens, protects and preserves hydration.Cupua\u00e7u butter: soothes and helps maintain suppleness and elasticity.Hibiscus flower extract: toning properties, a source of radiance.",
        "additional_information": "{\n    \"Order Amount\": \"10 g\",\n    \"made in\": \"Italy\",\n    \"Warning Hints\": \"Avoid eye contact. Keep away from direct heat and sunlight.\",\n    \"Item Number\": \"1254971\",\n    \"Manufacturer Color\": \"No. 1 - Honey Cinnamon\",\n    \"Product Series\": \"Phyto-Touche\",\n    \"Net Weight\": \"0.01 kg\",\n    \"Package Height\": \"10.6 cm\",\n    \"Package Length\": \"6.65 cm\",\n    \"Package Width\": \"4.2 cm\"\n}"
    },
    {
        "product_name": "Sisley Eau de Parfum Eau du Soir 30 ml",
        "brand_name": "Sisley",
        "brand_url": "https://shop.frankfurt-airport.com/en-US/brand/sisley",
        "retailer_name": "Frankfurt Duty Free",
        "retailer_url": "https://shop.frankfurt-airport.com/en-US/retailer/heinemann",
        "price": "\u20ac119.99",
        "price_per_quantity": "\u20ac399.97 / 100  ml",
        "description": "A whirlwind of flowers, spice and chypre. Top notes: Mandarin, Grapefruit, Pepper;Middle notes: Syringa, Jasmine, Rose, Ylang-Ylang, Lily of the Valley, Iris, Genever Clove;Base notes: Musk, Amber, Oak mouss, Patchouli, CistusA whirlwind of flowers, spice and chypre. Top notes: Mandarin, Grapefruit, Pepper;Middle notes: Syringa, Jasmine, Rose, Ylang-Ylang, Lily of the Valley, Iris, Genever Clove;Base notes: Musk, Amber, Oak mouss, Patchouli, Cistus",
        "additional_information": "{\n    \"Order Amount\": \"30 ml\",\n    \"Target Gender\": \"Female\",\n    \"made in\": \"France\",\n    \"Type of Fragrance\": \"Eau De Parfum\",\n    \"Warning Hints\": \"Avoid eye contact. Keep away from direct heat and sunlight.\",\n    \"Item Number\": \"654443\",\n    \"Product Series\": \"Eau du Soir\",\n    \"Net Weight\": \"0.03 kg\",\n    \"Package Height\": \"12 cm\",\n    \"Package Length\": \"6.5 cm\",\n    \"Package Width\": \"6.5 cm\"\n}"
    },
    {
        "product_name": "Sisley Phyto-Lip Twist Lipbalm N 2 Baby",
        "brand_name": "Sisley",
        "brand_url": "https://shop.frankfurt-airport.com/en-US/brand/sisley",
        "retailer_name": "Frankfurt Duty Free",
        "retailer_url": "https://shop.frankfurt-airport.com/en-US/retailer/heinemann",
        "price": "\u20ac39.99",
        "price_per_quantity": "\u20ac1,599.60 / 100  g",
        "description": "Colour, skincare and shine in a single \"twist\". Capacity: 2.5 gCommipheroline: smoothes the lips and contoursPhytosqualane: emolliates and moisturises, maintains the skin's supplenessColour, skincare and shine in a single \"twist\". Capacity: 2.5 gCommipheroline: smoothes the lips and contoursPhytosqualane: emolliates and moisturises, maintains the skin's suppleness",
        "additional_information": "{\n    \"Order Amount\": \"2.5 g\",\n    \"made in\": \"Italy\",\n    \"Warning Hints\": \"Avoid eye contact. Keep away from direct heat and sunlight.\",\n    \"Item Number\": \"1067845\",\n    \"Manufacturer Color\": \"No. 2 - Baby\",\n    \"Product Series\": \"Phyto-Lip Twist\",\n    \"Net Weight\": \"0.002 kg\",\n    \"Package Height\": \"11.5 cm\",\n    \"Package Length\": \"1.9 cm\",\n    \"Package Width\": \"1.9 cm\"\n}"
    },
    {
        "product_name": "Sisley Sun Glow Powder Trio N 2 Peach Gold 10 g",
        "brand_name": "Sisley",
        "brand_url": "https://shop.frankfurt-airport.com/en-US/brand/sisley",
        "retailer_name": "Frankfurt Duty Free",
        "retailer_url": "https://shop.frankfurt-airport.com/en-US/retailer/heinemann",
        "price": "\u20ac94.99",
        "price_per_quantity": "\u20ac949.90 / 100  g",
        "description": "A perfectly smooth velvety complexion, a second-skin formula, and incomparable comfort and softness. \"Three-Butters\" complex, a unique cocktail of 3 ultra-emollient plant-based butters:Cocoa butter: softens the skin and fights against dryness.Mango butter: nourishes, softens, protects and preserves hydration.Cupua\u00e7u butter: soothes and helps maintain suppleness and elasticity.Hibiscus flower extract: toning properties, a source of radiance.A perfectly smooth velvety complexion, a second-skin formula, and incomparable comfort and softness. \"Three-Butters\" complex, a unique cocktail of 3 ultra-emollient plant-based butters:Cocoa butter: softens the skin and fights against dryness.Mango butter: nourishes, softens, protects and preserves hydration.Cupua\u00e7u butter: soothes and helps maintain suppleness and elasticity.Hibiscus flower extract: toning properties, a source of radiance.",
        "additional_information": "{\n    \"Order Amount\": \"10 g\",\n    \"made in\": \"Italy\",\n    \"Warning Hints\": \"Avoid eye contact. Keep away from direct heat and sunlight.\",\n    \"Item Number\": \"1254972\",\n    \"Manufacturer Color\": \"No. 2 - Peach Gold\",\n    \"Product Series\": \"Phyto-Touche\",\n    \"Net Weight\": \"0.01 kg\",\n    \"Package Height\": \"10.6 cm\",\n    \"Package Length\": \"6.65 cm\",\n    \"Package Width\": \"4.2 cm\"\n}"
    },
    {
        "product_name": "Sisley Eau du Soir Eau de Parfum 100 ml",
        "brand_name": "Sisley",
        "brand_url": "https://shop.frankfurt-airport.com/en-US/brand/sisley",
        "retailer_name": "Frankfurt Duty Free",
        "retailer_url": "https://shop.frankfurt-airport.com/en-US/retailer/heinemann",
        "price": "\u20ac249.99",
        "price_per_quantity": "\u20ac249.99 / 100  ml",
        "description": "A whirlwind of flowers, spice and chypre. Top notes: Mandarin, Grapefruit, Pepper;Middle notes: Syringa, Jasmine, Rose, Ylang-Ylang, Lily of the Valley, Iris, Genever Clove;Base notes: Musk, Amber, Oak mouss, Patchouli, CistusA whirlwind of flowers, spice and chypre. Top notes: Mandarin, Grapefruit, Pepper;Middle notes: Syringa, Jasmine, Rose, Ylang-Ylang, Lily of the Valley, Iris, Genever Clove;Base notes: Musk, Amber, Oak mouss, Patchouli, Cistus",
        "additional_information": "{\n    \"Order Amount\": \"100 ml\",\n    \"Target Gender\": \"Female\",\n    \"made in\": \"France\",\n    \"Type of Fragrance\": \"Eau De Parfum\",\n    \"Warning Hints\": \"Avoid eye contact. Keep away from direct heat and sunlight.\",\n    \"Item Number\": \"654423\",\n    \"Product Series\": \"Eau du Soir\",\n    \"Net Weight\": \"0.1 kg\",\n    \"Package Height\": \"15 cm\",\n    \"Package Length\": \"7 cm\",\n    \"Package Width\": \"7 cm\"\n}"
    },
    {
        "product_name": "Sisley Phyto Khol Star Waterproof N 5 Sparking Blue",
        "brand_name": "Sisley",
        "brand_url": "https://shop.frankfurt-airport.com/en-US/brand/sisley",
        "retailer_name": "Frankfurt Duty Free",
        "retailer_url": "https://shop.frankfurt-airport.com/en-US/retailer/heinemann",
        "price": "\u20ac43.99",
        "price_per_quantity": "\u20ac14,663.33 / 100  g",
        "description": "All the intensity of an eyeliner in a pencil. Capacity: 0.2 gRosehip oil: nourishes, provides softness and comfortBisabolol of natural origin: soothesVitamin E acetate: anti-free radicalAll the intensity of an eyeliner in a pencil. Capacity: 0.2 gRosehip oil: nourishes, provides softness and comfortBisabolol of natural origin: soothesVitamin E acetate: anti-free radical",
        "additional_information": "{\n    \"Order Amount\": \"0.3 g\",\n    \"made in\": \"Italy\",\n    \"Warning Hints\": \"Avoid eye contact. Keep away from direct heat and sunlight.\",\n    \"Item Number\": \"1305122\",\n    \"Manufacturer Color\": \"No. 5 - Sparkling Blue\",\n    \"Product Series\": \"Phyto-Khol Star\",\n    \"Net Weight\": \"0.001 kg\",\n    \"Package Height\": \"13 cm\",\n    \"Package Length\": \"2.5 cm\",\n    \"Package Width\": \"1.8 cm\"\n}"
    },
    {
        "product_name": "Sisley Phyto-Eye Twist Eyeshadow N 1 Topaze",
        "brand_name": "Sisley",
        "brand_url": "https://shop.frankfurt-airport.com/en-US/brand/sisley",
        "retailer_name": "Frankfurt Duty Free",
        "retailer_url": "https://shop.frankfurt-airport.com/en-US/retailer/heinemann",
        "price": "\u20ac39.99",
        "price_per_quantity": "\u20ac2,666.00 / 100  g",
        "description": "colour, skincare and holding power in a single twist. Capacity: 1.5 g Green Tea: softness, emollienceCamellia: softness, emollienceWhite Lily: softness, emolliencecolour, skincare and holding power in a single twist. Capacity: 1.5 g Green Tea: softness, emollienceCamellia: softness, emollienceWhite Lily: softness, emollience",
        "additional_information": "{\n    \"Order Amount\": \"1.5 g\",\n    \"made in\": \"Italy\",\n    \"Warning Hints\": \"Avoid eye contact. Keep away from direct heat and sunlight.\",\n    \"Item Number\": \"1113222\",\n    \"Manufacturer Color\": \"No. 1 - Topaze\",\n    \"Product Series\": \"Phyto-Eye Twist\",\n    \"Net Weight\": \"0.001 kg\",\n    \"Package Height\": \"11.9 cm\",\n    \"Package Length\": \"1.92 cm\",\n    \"Package Width\": \"1.92 cm\"\n}"
    },
    {
        "product_name": "Sisley Phyto Khol Star Waterproof N 3 Sparkling Brown",
        "brand_name": "Sisley",
        "brand_url": "https://shop.frankfurt-airport.com/en-US/brand/sisley",
        "retailer_name": "Frankfurt Duty Free",
        "retailer_url": "https://shop.frankfurt-airport.com/en-US/retailer/heinemann",
        "price": "\u20ac43.99",
        "price_per_quantity": "\u20ac14,663.33 / 100  g",
        "description": "All the intensity of an eyeliner in a pencil. Capacity: 0.2 gRosehip oil: nourishes, provides softness and comfortBisabolol of natural origin: soothesVitamin E acetate: anti-free radicalAll the intensity of an eyeliner in a pencil. Capacity: 0.2 gRosehip oil: nourishes, provides softness and comfortBisabolol of natural origin: soothesVitamin E acetate: anti-free radical",
        "additional_information": "{\n    \"Order Amount\": \"0.3 g\",\n    \"made in\": \"Italy\",\n    \"Warning Hints\": \"Avoid eye contact. Keep away from direct heat and sunlight.\",\n    \"Item Number\": \"1305120\",\n    \"Manufacturer Color\": \"No. 3 - Sparkling Brown\",\n    \"Product Series\": \"Phyto-Khol Star\",\n    \"Net Weight\": \"0.001 kg\",\n    \"Package Height\": \"13 cm\",\n    \"Package Length\": \"2.5 cm\",\n    \"Package Width\": \"1.8 cm\"\n}"
    },
    {
        "product_name": "Sisley Phyto-Eye Twist Eyeshadow N 2 Bronze",
        "brand_name": "Sisley",
        "brand_url": "https://shop.frankfurt-airport.com/en-US/brand/sisley",
        "retailer_name": "Frankfurt Duty Free",
        "retailer_url": "https://shop.frankfurt-airport.com/en-US/retailer/heinemann",
        "price": "\u20ac39.99",
        "price_per_quantity": "\u20ac2,666.00 / 100  g",
        "description": "colour, skincare and holding power in a single twist. Capacity: 1.5 g Green Tea: softness, emollienceCamellia: softness, emollienceWhite Lily: softness, emolliencecolour, skincare and holding power in a single twist. Capacity: 1.5 g Green Tea: softness, emollienceCamellia: softness, emollienceWhite Lily: softness, emollience",
        "additional_information": "{\n    \"Order Amount\": \"1.5 g\",\n    \"made in\": \"Italy\",\n    \"Warning Hints\": \"Avoid eye contact. Keep away from direct heat and sunlight.\",\n    \"Item Number\": \"1113223\",\n    \"Manufacturer Color\": \"No. 2 - Bronze\",\n    \"Product Series\": \"Phyto-Eye Twist\",\n    \"Net Weight\": \"0.001 kg\",\n    \"Package Height\": \"11.9 cm\",\n    \"Package Length\": \"1.92 cm\",\n    \"Package Width\": \"1.92 cm\"\n}"
    },
    {
        "product_name": "Sisley Orchidee Blush N 3 Coral 15 g",
        "brand_name": "Sisley",
        "brand_url": "https://shop.frankfurt-airport.com/en-US/brand/sisley",
        "retailer_name": "Frankfurt Duty Free",
        "retailer_url": "https://shop.frankfurt-airport.com/en-US/retailer/heinemann",
        "price": "\u20ac89.99",
        "price_per_quantity": "\u20ac599.93 / 100  g",
        "description": "Highlighter blush composed of 3 shades that blend endlessly to enhance the complexion and gently sculpt the face. White Lily: softensHighlighter blush composed of 3 shades that blend endlessly to enhance the complexion and gently sculpt the face. White Lily: softens",
        "additional_information": "{\n    \"Order Amount\": \"15 g\",\n    \"made in\": \"Italy\",\n    \"Warning Hints\": \"Avoid eye contact. Keep away from direct heat and sunlight.\",\n    \"Item Number\": \"1368497\",\n    \"Manufacturer Color\": \"No. 3 - Coral\",\n    \"Product Series\": \"L'Orchid\\u00e9e\",\n    \"Net Weight\": \"0.015 kg\",\n    \"Package Height\": \"7.7 cm\",\n    \"Package Length\": \"7.6 cm\",\n    \"Package Width\": \"2.2 cm\"\n}"
    },
    {
        "product_name": "Sisley Phyto-Eye Twist Eyeshadow N 3 Khaki",
        "brand_name": "Sisley",
        "brand_url": "https://shop.frankfurt-airport.com/en-US/brand/sisley",
        "retailer_name": "Frankfurt Duty Free",
        "retailer_url": "https://shop.frankfurt-airport.com/en-US/retailer/heinemann",
        "price": "\u20ac39.99",
        "price_per_quantity": "\u20ac2,666.00 / 100  g",
        "description": "colour, skincare and holding power in a single twist. Capacity: 1.5 g Green Tea: softness, emollienceCamellia: softness, emollienceWhite Lily: softness, emolliencecolour, skincare and holding power in a single twist. Capacity: 1.5 g Green Tea: softness, emollienceCamellia: softness, emollienceWhite Lily: softness, emollience",
        "additional_information": "{\n    \"Order Amount\": \"1.5 g\",\n    \"made in\": \"Italy\",\n    \"Warning Hints\": \"Avoid eye contact. Keep away from direct heat and sunlight.\",\n    \"Item Number\": \"1113224\",\n    \"Manufacturer Color\": \"No. 3 - Khaki\",\n    \"Product Series\": \"Phyto-Eye Twist\",\n    \"Net Weight\": \"0.001 kg\",\n    \"Package Height\": \"11.9 cm\",\n    \"Package Length\": \"1.92 cm\",\n    \"Package Width\": \"1.92 cm\"\n}"
    },
    {
        "product_name": "Sisley Phyto-Teint Perfection Foundation N 2W2 Desert 30 ml",
        "brand_name": "Sisley",
        "brand_url": "https://shop.frankfurt-airport.com/en-US/brand/sisley",
        "retailer_name": "Frankfurt Duty Free",
        "retailer_url": "https://shop.frankfurt-airport.com/en-US/retailer/heinemann",
        "price": "\u20ac89.99",
        "price_per_quantity": "\u20ac299.97 / 100  ml",
        "description": "Mattifying, transfer-proof, high-coverage foundation, powered by the Ideal Skin Complex to improve skin quality over time. 3 KEY SKINCARE ACTIONSHYDRATES: Cucumber extract and a Glyco-complex offer instant and lasting hydration for a fresher complexion and plumped effect. When you apply Phyto-Teint Perfection, skin is 32% more hydratedsu, after 1 month of daily use, bare skin is 26% more hydratedsu(tested using instrumental measurements).SMOOTHS: Green Lentil extract helps to minimize pores, for visibly more even  skin. When applying the foundation for a month, the complexion is smoothed and refined for 88% of women.suILLUMINATES: Buckwheatextract has antioxidantsu and calming properties, and Peach Blossom extract brings a toning effect. After 4 weeks of applying Phyto-Teint Perfection daily, radiance is boosted for 82% of womensu.THE PLUS OF PHYTO-TEINT PERFECTIONPURIFIES: Burdockextract helps to purify the skin. 88% of womensu found their imperfections to be less visible after one month of using Phyto-Teint Perfection.SOOTHES: Peonyextract is rich in polyphenols and flavonoids, so has soothing properties. Skin is soothed day after day for 89% of womensu3, when the foundation is applied daily for one month.su30 minutes after application, on a specific panel of 10 subjects, instrumental measurements.suAfter 4 weeks of daily use, on a panel of 12 subjects, instrumental measurements. su30 minutes after application, on a panel of 34 subjects, percentage of satisfaction.suAfter 4 weeks of daily use, on a panel of 34 subjects, percentage of satisfaction.suTested in vitroMattifying, transfer-proof, high-coverage foundation, powered by the Ideal Skin Complex to improve skin quality over time. 3 KEY SKINCARE ACTIONSHYDRATES: Cucumber extract and a Glyco-complex offer instant and lasting hydration for a fresher complexion and plumped effect. When you apply Phyto-Teint Perfection, skin is 32% more hydratedsu, after 1 month of daily use, bare skin is 26% more hydratedsu(tested using instrumental measurements).SMOOTHS: Green Lentil extract helps to minimize pores, for visibly more even  skin. When applying the foundation for a month, the complexion is smoothed and refined for 88% of women.suILLUMINATES: Buckwheatextract has antioxidantsu and calming properties, and Peach Blossom extract brings a toning effect. After 4 weeks of applying Phyto-Teint Perfection daily, radiance is boosted for 82% of womensu.THE PLUS OF PHYTO-TEINT PERFECTIONPURIFIES: Burdockextract helps to purify the skin. 88% of womensu found their imperfections to be less visible after one month of using Phyto-Teint Perfection.SOOTHES: Peonyextract is rich in polyphenols and flavonoids, so has soothing properties. Skin is soothed day after day for 89% of womensu3, when the foundation is applied daily for one month.su30 minutes after application, on a specific panel of 10 subjects, instrumental measurements.suAfter 4 weeks of daily use, on a panel of 12 subjects, instrumental measurements. su30 minutes after application, on a panel of 34 subjects, percentage of satisfaction.suAfter 4 weeks of daily use, on a panel of 34 subjects, percentage of satisfaction.suTested in vitro",
        "additional_information": "{\n    \"Order Amount\": \"30 ml\",\n    \"made in\": \"France\",\n    \"Warning Hints\": \"Avoid eye contact. Keep away from direct heat and sunlight.\",\n    \"Item Number\": \"1618635\",\n    \"Manufacturer Color\": \"DESERT\",\n    \"Product Series\": \"Phyto-Teint Perfection\",\n    \"Net Weight\": \"0.03 kg\",\n    \"Package Height\": \"9.8 cm\",\n    \"Package Length\": \"4.3 cm\",\n    \"Package Width\": \"3.1 cm\"\n}"
    },
    {
        "product_name": "Sisley Phyto-Eye Twist Eyeshadow N 7 Havana",
        "brand_name": "Sisley",
        "brand_url": "https://shop.frankfurt-airport.com/en-US/brand/sisley",
        "retailer_name": "Frankfurt Duty Free",
        "retailer_url": "https://shop.frankfurt-airport.com/en-US/retailer/heinemann",
        "price": "\u20ac39.99",
        "price_per_quantity": "\u20ac2,666.00 / 100  g",
        "description": "colour, skincare and holding power in a single twist. Capacity: 1.5 g Green Tea: softness, emollienceCamellia: softness, emollienceWhite Lily: softness, emolliencecolour, skincare and holding power in a single twist. Capacity: 1.5 g Green Tea: softness, emollienceCamellia: softness, emollienceWhite Lily: softness, emollience",
        "additional_information": "{\n    \"Order Amount\": \"1.5 g\",\n    \"made in\": \"Italy\",\n    \"Warning Hints\": \"Avoid eye contact. Keep away from direct heat and sunlight.\",\n    \"Item Number\": \"1113228\",\n    \"Manufacturer Color\": \"No. 7 - Havana\",\n    \"Product Series\": \"Phyto-Eye Twist\",\n    \"Net Weight\": \"0.001 kg\",\n    \"Package Height\": \"11.9 cm\",\n    \"Package Length\": \"1.92 cm\",\n    \"Package Width\": \"1.92 cm\"\n}"
    },
    {
        "product_name": "Sisley Phyto-Eye Twist Eyeshadow N 6 Marine",
        "brand_name": "Sisley",
        "brand_url": "https://shop.frankfurt-airport.com/en-US/brand/sisley",
        "retailer_name": "Frankfurt Duty Free",
        "retailer_url": "https://shop.frankfurt-airport.com/en-US/retailer/heinemann",
        "price": "\u20ac39.99",
        "price_per_quantity": "\u20ac2,666.00 / 100  g",
        "description": "colour, skincare and holding power in a single twist. Capacity: 1.5 g Green Tea: softness, emollienceCamellia: softness, emollienceWhite Lily: softness, emolliencecolour, skincare and holding power in a single twist. Capacity: 1.5 g Green Tea: softness, emollienceCamellia: softness, emollienceWhite Lily: softness, emollience",
        "additional_information": "{\n    \"Order Amount\": \"1.5 g\",\n    \"made in\": \"Italy\",\n    \"Warning Hints\": \"Avoid eye contact. Keep away from direct heat and sunlight.\",\n    \"Item Number\": \"1113227\",\n    \"Manufacturer Color\": \"No. 6 - Marine\",\n    \"Product Series\": \"Phyto-Eye Twist\",\n    \"Net Weight\": \"0.001 kg\",\n    \"Package Height\": \"11.9 cm\",\n    \"Package Length\": \"1.92 cm\",\n    \"Package Width\": \"1.92 cm\"\n}"
    },
    {
        "product_name": "Sisley Eau du Soir Eau de Parfum 50 ml",
        "brand_name": "Sisley",
        "brand_url": "https://shop.frankfurt-airport.com/en-US/brand/sisley",
        "retailer_name": "Frankfurt Duty Free",
        "retailer_url": "https://shop.frankfurt-airport.com/en-US/retailer/heinemann",
        "price": "\u20ac169.99",
        "price_per_quantity": "\u20ac339.98 / 100  ml",
        "description": "A whirlwind of flowers, spice and chypre. Top notes: Mandarin, Grapefruit, Pepper;Middle notes: Syringa, Jasmine, Rose, Ylang-Ylang, Lily of the Valley, Iris, Genever Clove;Base notes: Musk, Amber, Oak mouss, Patchouli, CistusA whirlwind of flowers, spice and chypre. Top notes: Mandarin, Grapefruit, Pepper;Middle notes: Syringa, Jasmine, Rose, Ylang-Ylang, Lily of the Valley, Iris, Genever Clove;Base notes: Musk, Amber, Oak mouss, Patchouli, Cistus",
        "additional_information": "{\n    \"Order Amount\": \"50 ml\",\n    \"Target Gender\": \"Female\",\n    \"made in\": \"France\",\n    \"Type of Fragrance\": \"Eau De Parfum\",\n    \"Warning Hints\": \"Avoid eye contact. Keep away from direct heat and sunlight.\",\n    \"Item Number\": \"654433\",\n    \"Product Series\": \"Eau du Soir\",\n    \"Net Weight\": \"0.05 kg\",\n    \"Package Height\": \"13 cm\",\n    \"Package Length\": \"6.5 cm\",\n    \"Package Width\": \"6.5 cm\"\n}"
    },
    {
        "product_name": "Sisley Phyto-Teint Perfection Foundation N 4N Biscuit 30 ml",
        "brand_name": "Sisley",
        "brand_url": "https://shop.frankfurt-airport.com/en-US/brand/sisley",
        "retailer_name": "Frankfurt Duty Free",
        "retailer_url": "https://shop.frankfurt-airport.com/en-US/retailer/heinemann",
        "price": "\u20ac89.99",
        "price_per_quantity": "\u20ac299.97 / 100  ml",
        "description": "Mattifying, transfer-proof, high-coverage foundation, powered by the Ideal Skin Complex to improve skin quality over time. 3 KEY SKINCARE ACTIONSHYDRATES: Cucumber extract and a Glyco-complex offer instant and lasting hydration for a fresher complexion and plumped effect. When you apply Phyto-Teint Perfection, skin is 32% more hydratedsu, after 1 month of daily use, bare skin is 26% more hydratedsu(tested using instrumental measurements).SMOOTHS: Green Lentil extract helps to minimize pores, for visibly more even  skin. When applying the foundation for a month, the complexion is smoothed and refined for 88% of women.suILLUMINATES: Buckwheatextract has antioxidantsu and calming properties, and Peach Blossom extract brings a toning effect. After 4 weeks of applying Phyto-Teint Perfection daily, radiance is boosted for 82% of womensu.THE PLUS OF PHYTO-TEINT PERFECTIONPURIFIES: Burdockextract helps to purify the skin. 88% of womensu found their imperfections to be less visible after one month of using Phyto-Teint Perfection.SOOTHES: Peonyextract is rich in polyphenols and flavonoids, so has soothing properties. Skin is soothed day after day for 89% of womensu3, when the foundation is applied daily for one month.su30 minutes after application, on a specific panel of 10 subjects, instrumental measurements.suAfter 4 weeks of daily use, on a panel of 12 subjects, instrumental measurements. su30 minutes after application, on a panel of 34 subjects, percentage of satisfaction.suAfter 4 weeks of daily use, on a panel of 34 subjects, percentage of satisfaction.suTested in vitroMattifying, transfer-proof, high-coverage foundation, powered by the Ideal Skin Complex to improve skin quality over time. 3 KEY SKINCARE ACTIONSHYDRATES: Cucumber extract and a Glyco-complex offer instant and lasting hydration for a fresher complexion and plumped effect. When you apply Phyto-Teint Perfection, skin is 32% more hydratedsu, after 1 month of daily use, bare skin is 26% more hydratedsu(tested using instrumental measurements).SMOOTHS: Green Lentil extract helps to minimize pores, for visibly more even  skin. When applying the foundation for a month, the complexion is smoothed and refined for 88% of women.suILLUMINATES: Buckwheatextract has antioxidantsu and calming properties, and Peach Blossom extract brings a toning effect. After 4 weeks of applying Phyto-Teint Perfection daily, radiance is boosted for 82% of womensu.THE PLUS OF PHYTO-TEINT PERFECTIONPURIFIES: Burdockextract helps to purify the skin. 88% of womensu found their imperfections to be less visible after one month of using Phyto-Teint Perfection.SOOTHES: Peonyextract is rich in polyphenols and flavonoids, so has soothing properties. Skin is soothed day after day for 89% of womensu3, when the foundation is applied daily for one month.su30 minutes after application, on a specific panel of 10 subjects, instrumental measurements.suAfter 4 weeks of daily use, on a panel of 12 subjects, instrumental measurements. su30 minutes after application, on a panel of 34 subjects, percentage of satisfaction.suAfter 4 weeks of daily use, on a panel of 34 subjects, percentage of satisfaction.suTested in vitro",
        "additional_information": "{\n    \"Order Amount\": \"30 ml\",\n    \"made in\": \"France\",\n    \"Warning Hints\": \"Avoid eye contact. Keep away from direct heat and sunlight.\",\n    \"Item Number\": \"1618630\",\n    \"Manufacturer Color\": \"BISCUIT\",\n    \"Product Series\": \"Phyto-Teint Perfection\",\n    \"Net Weight\": \"0.03 kg\",\n    \"Package Height\": \"9.8 cm\",\n    \"Package Length\": \"4.3 cm\",\n    \"Package Width\": \"3.1 cm\"\n}"
    },
    {
        "product_name": "Sisley Phyto-Lip Twist Lipbalm N 9 Chesnut",
        "brand_name": "Sisley",
        "brand_url": "https://shop.frankfurt-airport.com/en-US/brand/sisley",
        "retailer_name": "Frankfurt Duty Free",
        "retailer_url": "https://shop.frankfurt-airport.com/en-US/retailer/heinemann",
        "price": "\u20ac39.99",
        "price_per_quantity": "\u20ac1,599.60 / 100  g",
        "description": "Colour, skincare and shine in a single \"twist\". Capacity: 2.5 gCommipheroline: smoothes the lips and contoursPhytosqualane: emolliates and moisturises, maintains the skin's supplenessColour, skincare and shine in a single \"twist\". Capacity: 2.5 gCommipheroline: smoothes the lips and contoursPhytosqualane: emolliates and moisturises, maintains the skin's suppleness",
        "additional_information": "{\n    \"Order Amount\": \"2.5 g\",\n    \"made in\": \"Italy\",\n    \"Warning Hints\": \"Avoid eye contact. Keep away from direct heat and sunlight.\",\n    \"Item Number\": \"1113257\",\n    \"Manufacturer Color\": \"No. 9 - Chestnut\",\n    \"Product Series\": \"Phyto-Lip Twist\",\n    \"Net Weight\": \"0.002 kg\",\n    \"Package Height\": \"11.5 cm\",\n    \"Package Length\": \"1.9 cm\",\n    \"Package Width\": \"1.9 cm\"\n}"
    },
    {
        "product_name": "Sisley Phyto-Teint Perfection Foundation N 3W2 Hazel 30 ml",
        "brand_name": "Sisley",
        "brand_url": "https://shop.frankfurt-airport.com/en-US/brand/sisley",
        "retailer_name": "Frankfurt Duty Free",
        "retailer_url": "https://shop.frankfurt-airport.com/en-US/retailer/heinemann",
        "price": "\u20ac89.99",
        "price_per_quantity": "\u20ac299.97 / 100  ml",
        "description": "Mattifying, transfer-proof, high-coverage foundation, powered by the Ideal Skin Complex to improve skin quality over time. 3 KEY SKINCARE ACTIONSHYDRATES: Cucumber extract and a Glyco-complex offer instant and lasting hydration for a fresher complexion and plumped effect. When you apply Phyto-Teint Perfection, skin is 32% more hydratedsu, after 1 month of daily use, bare skin is 26% more hydratedsu(tested using instrumental measurements).SMOOTHS: Green Lentil extract helps to minimize pores, for visibly more even  skin. When applying the foundation for a month, the complexion is smoothed and refined for 88% of women.suILLUMINATES: Buckwheatextract has antioxidantsu and calming properties, and Peach Blossom extract brings a toning effect. After 4 weeks of applying Phyto-Teint Perfection daily, radiance is boosted for 82% of womensu.THE PLUS OF PHYTO-TEINT PERFECTIONPURIFIES: Burdockextract helps to purify the skin. 88% of womensu found their imperfections to be less visible after one month of using Phyto-Teint Perfection.SOOTHES: Peonyextract is rich in polyphenols and flavonoids, so has soothing properties. Skin is soothed day after day for 89% of womensu3, when the foundation is applied daily for one month.su30 minutes after application, on a specific panel of 10 subjects, instrumental measurements.suAfter 4 weeks of daily use, on a panel of 12 subjects, instrumental measurements. su30 minutes after application, on a panel of 34 subjects, percentage of satisfaction.suAfter 4 weeks of daily use, on a panel of 34 subjects, percentage of satisfaction.suTested in vitroMattifying, transfer-proof, high-coverage foundation, powered by the Ideal Skin Complex to improve skin quality over time. 3 KEY SKINCARE ACTIONSHYDRATES: Cucumber extract and a Glyco-complex offer instant and lasting hydration for a fresher complexion and plumped effect. When you apply Phyto-Teint Perfection, skin is 32% more hydratedsu, after 1 month of daily use, bare skin is 26% more hydratedsu(tested using instrumental measurements).SMOOTHS: Green Lentil extract helps to minimize pores, for visibly more even  skin. When applying the foundation for a month, the complexion is smoothed and refined for 88% of women.suILLUMINATES: Buckwheatextract has antioxidantsu and calming properties, and Peach Blossom extract brings a toning effect. After 4 weeks of applying Phyto-Teint Perfection daily, radiance is boosted for 82% of womensu.THE PLUS OF PHYTO-TEINT PERFECTIONPURIFIES: Burdockextract helps to purify the skin. 88% of womensu found their imperfections to be less visible after one month of using Phyto-Teint Perfection.SOOTHES: Peonyextract is rich in polyphenols and flavonoids, so has soothing properties. Skin is soothed day after day for 89% of womensu3, when the foundation is applied daily for one month.su30 minutes after application, on a specific panel of 10 subjects, instrumental measurements.suAfter 4 weeks of daily use, on a panel of 12 subjects, instrumental measurements. su30 minutes after application, on a panel of 34 subjects, percentage of satisfaction.suAfter 4 weeks of daily use, on a panel of 34 subjects, percentage of satisfaction.suTested in vitro",
        "additional_information": "{\n    \"Order Amount\": \"30 ml\",\n    \"made in\": \"France\",\n    \"Warning Hints\": \"Avoid eye contact. Keep away from direct heat and sunlight.\",\n    \"Item Number\": \"1618632\",\n    \"Manufacturer Color\": \"HAZEL\",\n    \"Product Series\": \"Phyto-Teint Perfection\",\n    \"Net Weight\": \"0.03 kg\",\n    \"Package Height\": \"9.8 cm\",\n    \"Package Length\": \"4.3 cm\",\n    \"Package Width\": \"3.1 cm\"\n}"
    },
    {
        "product_name": "Sisley Phyto-Teint Perfection Foundation N 3N Apricot 30 ml",
        "brand_name": "Sisley",
        "brand_url": "https://shop.frankfurt-airport.com/en-US/brand/sisley",
        "retailer_name": "Frankfurt Duty Free",
        "retailer_url": "https://shop.frankfurt-airport.com/en-US/retailer/heinemann",
        "price": "\u20ac89.99",
        "price_per_quantity": "\u20ac299.97 / 100  ml",
        "description": "Mattifying, transfer-proof, high-coverage foundation, powered by the Ideal Skin Complex to improve skin quality over time. 3 KEY SKINCARE ACTIONSHYDRATES: Cucumber extract and a Glyco-complex offer instant and lasting hydration for a fresher complexion and plumped effect. When you apply Phyto-Teint Perfection, skin is 32% more hydratedsu, after 1 month of daily use, bare skin is 26% more hydratedsu(tested using instrumental measurements).SMOOTHS: Green Lentil extract helps to minimize pores, for visibly more even  skin. When applying the foundation for a month, the complexion is smoothed and refined for 88% of women.suILLUMINATES: Buckwheatextract has antioxidantsu and calming properties, and Peach Blossom extract brings a toning effect. After 4 weeks of applying Phyto-Teint Perfection daily, radiance is boosted for 82% of womensu.THE PLUS OF PHYTO-TEINT PERFECTIONPURIFIES: Burdockextract helps to purify the skin. 88% of womensu found their imperfections to be less visible after one month of using Phyto-Teint Perfection.SOOTHES: Peonyextract is rich in polyphenols and flavonoids, so has soothing properties. Skin is soothed day after day for 89% of womensu3, when the foundation is applied daily for one month.su30 minutes after application, on a specific panel of 10 subjects, instrumental measurements.suAfter 4 weeks of daily use, on a panel of 12 subjects, instrumental measurements. su30 minutes after application, on a panel of 34 subjects, percentage of satisfaction.suAfter 4 weeks of daily use, on a panel of 34 subjects, percentage of satisfaction.suTested in vitroMattifying, transfer-proof, high-coverage foundation, powered by the Ideal Skin Complex to improve skin quality over time. 3 KEY SKINCARE ACTIONSHYDRATES: Cucumber extract and a Glyco-complex offer instant and lasting hydration for a fresher complexion and plumped effect. When you apply Phyto-Teint Perfection, skin is 32% more hydratedsu, after 1 month of daily use, bare skin is 26% more hydratedsu(tested using instrumental measurements).SMOOTHS: Green Lentil extract helps to minimize pores, for visibly more even  skin. When applying the foundation for a month, the complexion is smoothed and refined for 88% of women.suILLUMINATES: Buckwheatextract has antioxidantsu and calming properties, and Peach Blossom extract brings a toning effect. After 4 weeks of applying Phyto-Teint Perfection daily, radiance is boosted for 82% of womensu.THE PLUS OF PHYTO-TEINT PERFECTIONPURIFIES: Burdockextract helps to purify the skin. 88% of womensu found their imperfections to be less visible after one month of using Phyto-Teint Perfection.SOOTHES: Peonyextract is rich in polyphenols and flavonoids, so has soothing properties. Skin is soothed day after day for 89% of womensu3, when the foundation is applied daily for one month.su30 minutes after application, on a specific panel of 10 subjects, instrumental measurements.suAfter 4 weeks of daily use, on a panel of 12 subjects, instrumental measurements. su30 minutes after application, on a panel of 34 subjects, percentage of satisfaction.suAfter 4 weeks of daily use, on a panel of 34 subjects, percentage of satisfaction.suTested in vitro",
        "additional_information": "{\n    \"Order Amount\": \"30 ml\",\n    \"made in\": \"France\",\n    \"Warning Hints\": \"Avoid eye contact. Keep away from direct heat and sunlight.\",\n    \"Item Number\": \"1618633\",\n    \"Manufacturer Color\": \"APRICOT\",\n    \"Product Series\": \"Phyto-Teint Perfection\",\n    \"Net Weight\": \"0.03 kg\",\n    \"Package Height\": \"9.8 cm\",\n    \"Package Length\": \"4.3 cm\",\n    \"Package Width\": \"3.1 cm\"\n}"
    },
    {
        "product_name": "Sisley Phyto-Teint Perfection Foundation N 1W1 Ecru 30 ml",
        "brand_name": "Sisley",
        "brand_url": "https://shop.frankfurt-airport.com/en-US/brand/sisley",
        "retailer_name": "Frankfurt Duty Free",
        "retailer_url": "https://shop.frankfurt-airport.com/en-US/retailer/heinemann",
        "price": "\u20ac89.99",
        "price_per_quantity": "\u20ac299.97 / 100  ml",
        "description": "Mattifying, transfer-proof, high-coverage foundation, powered by the Ideal Skin Complex to improve skin quality over time. 3 KEY SKINCARE ACTIONSHYDRATES: Cucumber extract and a Glyco-complex offer instant and lasting hydration for a fresher complexion and plumped effect. When you apply Phyto-Teint Perfection, skin is 32% more hydratedsu, after 1 month of daily use, bare skin is 26% more hydratedsu(tested using instrumental measurements).SMOOTHS: Green Lentil extract helps to minimize pores, for visibly more even  skin. When applying the foundation for a month, the complexion is smoothed and refined for 88% of women.suILLUMINATES: Buckwheatextract has antioxidantsu and calming properties, and Peach Blossom extract brings a toning effect. After 4 weeks of applying Phyto-Teint Perfection daily, radiance is boosted for 82% of womensu.THE PLUS OF PHYTO-TEINT PERFECTIONPURIFIES: Burdockextract helps to purify the skin. 88% of womensu found their imperfections to be less visible after one month of using Phyto-Teint Perfection.SOOTHES: Peonyextract is rich in polyphenols and flavonoids, so has soothing properties. Skin is soothed day after day for 89% of womensu3, when the foundation is applied daily for one month.su30 minutes after application, on a specific panel of 10 subjects, instrumental measurements.suAfter 4 weeks of daily use, on a panel of 12 subjects, instrumental measurements. su30 minutes after application, on a panel of 34 subjects, percentage of satisfaction.suAfter 4 weeks of daily use, on a panel of 34 subjects, percentage of satisfaction.suTested in vitroMattifying, transfer-proof, high-coverage foundation, powered by the Ideal Skin Complex to improve skin quality over time. 3 KEY SKINCARE ACTIONSHYDRATES: Cucumber extract and a Glyco-complex offer instant and lasting hydration for a fresher complexion and plumped effect. When you apply Phyto-Teint Perfection, skin is 32% more hydratedsu, after 1 month of daily use, bare skin is 26% more hydratedsu(tested using instrumental measurements).SMOOTHS: Green Lentil extract helps to minimize pores, for visibly more even  skin. When applying the foundation for a month, the complexion is smoothed and refined for 88% of women.suILLUMINATES: Buckwheatextract has antioxidantsu and calming properties, and Peach Blossom extract brings a toning effect. After 4 weeks of applying Phyto-Teint Perfection daily, radiance is boosted for 82% of womensu.THE PLUS OF PHYTO-TEINT PERFECTIONPURIFIES: Burdockextract helps to purify the skin. 88% of womensu found their imperfections to be less visible after one month of using Phyto-Teint Perfection.SOOTHES: Peonyextract is rich in polyphenols and flavonoids, so has soothing properties. Skin is soothed day after day for 89% of womensu3, when the foundation is applied daily for one month.su30 minutes after application, on a specific panel of 10 subjects, instrumental measurements.suAfter 4 weeks of daily use, on a panel of 12 subjects, instrumental measurements. su30 minutes after application, on a panel of 34 subjects, percentage of satisfaction.suAfter 4 weeks of daily use, on a panel of 34 subjects, percentage of satisfaction.suTested in vitro",
        "additional_information": "{\n    \"Order Amount\": \"30 ml\",\n    \"made in\": \"France\",\n    \"Warning Hints\": \"Avoid eye contact. Keep away from direct heat and sunlight.\",\n    \"Item Number\": \"1618638\",\n    \"Manufacturer Color\": \"ECRU\",\n    \"Product Series\": \"Phyto-Teint Perfection\",\n    \"Net Weight\": \"0.03 kg\",\n    \"Package Height\": \"9.8 cm\",\n    \"Package Length\": \"4.3 cm\",\n    \"Package Width\": \"3.1 cm\"\n}"
    },
    {
        "product_name": "Sisley Phyto-Teint Perfection Foundation N 3C Natural 30 ml",
        "brand_name": "Sisley",
        "brand_url": "https://shop.frankfurt-airport.com/en-US/brand/sisley",
        "retailer_name": "Frankfurt Duty Free",
        "retailer_url": "https://shop.frankfurt-airport.com/en-US/retailer/heinemann",
        "price": "\u20ac89.99",
        "price_per_quantity": "\u20ac299.97 / 100  ml",
        "description": "Mattifying, transfer-proof, high-coverage foundation, powered by the Ideal Skin Complex to improve skin quality over time. 3 KEY SKINCARE ACTIONSHYDRATES: Cucumber extract and a Glyco-complex offer instant and lasting hydration for a fresher complexion and plumped effect. When you apply Phyto-Teint Perfection, skin is 32% more hydratedsu, after 1 month of daily use, bare skin is 26% more hydratedsu(tested using instrumental measurements).SMOOTHS: Green Lentil extract helps to minimize pores, for visibly more even  skin. When applying the foundation for a month, the complexion is smoothed and refined for 88% of women.suILLUMINATES: Buckwheatextract has antioxidantsu and calming properties, and Peach Blossom extract brings a toning effect. After 4 weeks of applying Phyto-Teint Perfection daily, radiance is boosted for 82% of womensu.THE PLUS OF PHYTO-TEINT PERFECTIONPURIFIES: Burdockextract helps to purify the skin. 88% of womensu found their imperfections to be less visible after one month of using Phyto-Teint Perfection.SOOTHES: Peonyextract is rich in polyphenols and flavonoids, so has soothing properties. Skin is soothed day after day for 89% of womensu3, when the foundation is applied daily for one month.su30 minutes after application, on a specific panel of 10 subjects, instrumental measurements.suAfter 4 weeks of daily use, on a panel of 12 subjects, instrumental measurements. su30 minutes after application, on a panel of 34 subjects, percentage of satisfaction.suAfter 4 weeks of daily use, on a panel of 34 subjects, percentage of satisfaction.suTested in vitroMattifying, transfer-proof, high-coverage foundation, powered by the Ideal Skin Complex to improve skin quality over time. 3 KEY SKINCARE ACTIONSHYDRATES: Cucumber extract and a Glyco-complex offer instant and lasting hydration for a fresher complexion and plumped effect. When you apply Phyto-Teint Perfection, skin is 32% more hydratedsu, after 1 month of daily use, bare skin is 26% more hydratedsu(tested using instrumental measurements).SMOOTHS: Green Lentil extract helps to minimize pores, for visibly more even  skin. When applying the foundation for a month, the complexion is smoothed and refined for 88% of women.suILLUMINATES: Buckwheatextract has antioxidantsu and calming properties, and Peach Blossom extract brings a toning effect. After 4 weeks of applying Phyto-Teint Perfection daily, radiance is boosted for 82% of womensu.THE PLUS OF PHYTO-TEINT PERFECTIONPURIFIES: Burdockextract helps to purify the skin. 88% of womensu found their imperfections to be less visible after one month of using Phyto-Teint Perfection.SOOTHES: Peonyextract is rich in polyphenols and flavonoids, so has soothing properties. Skin is soothed day after day for 89% of womensu3, when the foundation is applied daily for one month.su30 minutes after application, on a specific panel of 10 subjects, instrumental measurements.suAfter 4 weeks of daily use, on a panel of 12 subjects, instrumental measurements. su30 minutes after application, on a panel of 34 subjects, percentage of satisfaction.suAfter 4 weeks of daily use, on a panel of 34 subjects, percentage of satisfaction.suTested in vitro",
        "additional_information": "{\n    \"Order Amount\": \"30 ml\",\n    \"made in\": \"France\",\n    \"Warning Hints\": \"Avoid eye contact. Keep away from direct heat and sunlight.\",\n    \"Item Number\": \"1618634\",\n    \"Manufacturer Color\": \"NATURAL\",\n    \"Product Series\": \"Phyto-Teint Perfection\",\n    \"Net Weight\": \"0.03 kg\",\n    \"Package Height\": \"9.8 cm\",\n    \"Package Length\": \"4.3 cm\",\n    \"Package Width\": \"3.1 cm\"\n}"
    },
    {
        "product_name": "Sisley Ecological Compound Advanced Formula Moisturizer 125 ml",
        "brand_name": "Sisley",
        "brand_url": "https://shop.frankfurt-airport.com/en-US/brand/sisley",
        "retailer_name": "Frankfurt Duty Free",
        "retailer_url": "https://shop.frankfurt-airport.com/en-US/retailer/heinemann",
        "price": "\u20ac229.99",
        "price_per_quantity": "\u20ac183.99 / 100  ml",
        "description": "Inspired by the festive spirit of lanterns, artist Elzibeta Radziwill\u2019s colorful illustrations invite you to make a wish close to your heart. Ginseng extract: tonesRosemary extract: stimulatesHops extract: revitalisesHorsetail extract: remineralisesCentella Asiatica extract: regeneratesBurdock extract: balancesMeadowsweet extract: strengthensInspired by the festive spirit of lanterns, artist Elzibeta Radziwill\u2019s colorful illustrations invite you to make a wish close to your heart. Ginseng extract: tonesRosemary extract: stimulatesHops extract: revitalisesHorsetail extract: remineralisesCentella Asiatica extract: regeneratesBurdock extract: balancesMeadowsweet extract: strengthens",
        "additional_information": "{\n    \"Order Amount\": \"125 ml\",\n    \"Warning Hints\": \"Avoid eye contact. Keep away from direct heat and sunlight.\",\n    \"Item Number\": \"1618591\",\n    \"Product Series\": \"Ecological Compound\",\n    \"Net Weight\": \"0.125 kg\",\n    \"Package Height\": \"13.5 cm\",\n    \"Package Length\": \"6 cm\",\n    \"Package Width\": \"6 cm\"\n}"
    },
    {
        "product_name": "Sisley Phyto-Teint Perfection Foundation N 4W Cinnamon 30 ml",
        "brand_name": "Sisley",
        "brand_url": "https://shop.frankfurt-airport.com/en-US/brand/sisley",
        "retailer_name": "Frankfurt Duty Free",
        "retailer_url": "https://shop.frankfurt-airport.com/en-US/retailer/heinemann",
        "price": "\u20ac89.99",
        "price_per_quantity": "\u20ac299.97 / 100  ml",
        "description": "Mattifying, transfer-proof, high-coverage foundation, powered by the Ideal Skin Complex to improve skin quality over time. 3 KEY SKINCARE ACTIONSHYDRATES: Cucumber extract and a Glyco-complex offer instant and lasting hydration for a fresher complexion and plumped effect. When you apply Phyto-Teint Perfection, skin is 32% more hydratedsu, after 1 month of daily use, bare skin is 26% more hydratedsu(tested using instrumental measurements).SMOOTHS: Green Lentil extract helps to minimize pores, for visibly more even  skin. When applying the foundation for a month, the complexion is smoothed and refined for 88% of women.suILLUMINATES: Buckwheatextract has antioxidantsu and calming properties, and Peach Blossom extract brings a toning effect. After 4 weeks of applying Phyto-Teint Perfection daily, radiance is boosted for 82% of womensu.THE PLUS OF PHYTO-TEINT PERFECTIONPURIFIES: Burdockextract helps to purify the skin. 88% of womensu found their imperfections to be less visible after one month of using Phyto-Teint Perfection.SOOTHES: Peonyextract is rich in polyphenols and flavonoids, so has soothing properties. Skin is soothed day after day for 89% of womensu3, when the foundation is applied daily for one month.su30 minutes after application, on a specific panel of 10 subjects, instrumental measurements.suAfter 4 weeks of daily use, on a panel of 12 subjects, instrumental measurements. su30 minutes after application, on a panel of 34 subjects, percentage of satisfaction.suAfter 4 weeks of daily use, on a panel of 34 subjects, percentage of satisfaction.suTested in vitroMattifying, transfer-proof, high-coverage foundation, powered by the Ideal Skin Complex to improve skin quality over time. 3 KEY SKINCARE ACTIONSHYDRATES: Cucumber extract and a Glyco-complex offer instant and lasting hydration for a fresher complexion and plumped effect. When you apply Phyto-Teint Perfection, skin is 32% more hydratedsu, after 1 month of daily use, bare skin is 26% more hydratedsu(tested using instrumental measurements).SMOOTHS: Green Lentil extract helps to minimize pores, for visibly more even  skin. When applying the foundation for a month, the complexion is smoothed and refined for 88% of women.suILLUMINATES: Buckwheatextract has antioxidantsu and calming properties, and Peach Blossom extract brings a toning effect. After 4 weeks of applying Phyto-Teint Perfection daily, radiance is boosted for 82% of womensu.THE PLUS OF PHYTO-TEINT PERFECTIONPURIFIES: Burdockextract helps to purify the skin. 88% of womensu found their imperfections to be less visible after one month of using Phyto-Teint Perfection.SOOTHES: Peonyextract is rich in polyphenols and flavonoids, so has soothing properties. Skin is soothed day after day for 89% of womensu3, when the foundation is applied daily for one month.su30 minutes after application, on a specific panel of 10 subjects, instrumental measurements.suAfter 4 weeks of daily use, on a panel of 12 subjects, instrumental measurements. su30 minutes after application, on a panel of 34 subjects, percentage of satisfaction.suAfter 4 weeks of daily use, on a panel of 34 subjects, percentage of satisfaction.suTested in vitro",
        "additional_information": "{\n    \"Order Amount\": \"30 ml\",\n    \"made in\": \"France\",\n    \"Warning Hints\": \"Avoid eye contact. Keep away from direct heat and sunlight.\",\n    \"Item Number\": \"1618629\",\n    \"Manufacturer Color\": \"CINNAMON\",\n    \"Product Series\": \"Phyto-Teint Perfection\",\n    \"Net Weight\": \"0.03 kg\",\n    \"Package Height\": \"9.8 cm\",\n    \"Package Length\": \"4.3 cm\",\n    \"Package Width\": \"3.1 cm\"\n}"
    },
    {
        "product_name": "Sisley Phyto-Teint Perfection Foundation N 1C Petal 30 ml",
        "brand_name": "Sisley",
        "brand_url": "https://shop.frankfurt-airport.com/en-US/brand/sisley",
        "retailer_name": "Frankfurt Duty Free",
        "retailer_url": "https://shop.frankfurt-airport.com/en-US/retailer/heinemann",
        "price": "\u20ac89.99",
        "price_per_quantity": "\u20ac299.97 / 100  ml",
        "description": "Mattifying, transfer-proof, high-coverage foundation, powered by the Ideal Skin Complex to improve skin quality over time. 3 KEY SKINCARE ACTIONSHYDRATES: Cucumber extract and a Glyco-complex offer instant and lasting hydration for a fresher complexion and plumped effect. When you apply Phyto-Teint Perfection, skin is 32% more hydratedsu, after 1 month of daily use, bare skin is 26% more hydratedsu(tested using instrumental measurements).SMOOTHS: Green Lentil extract helps to minimize pores, for visibly more even  skin. When applying the foundation for a month, the complexion is smoothed and refined for 88% of women.suILLUMINATES: Buckwheatextract has antioxidantsu and calming properties, and Peach Blossom extract brings a toning effect. After 4 weeks of applying Phyto-Teint Perfection daily, radiance is boosted for 82% of womensu.THE PLUS OF PHYTO-TEINT PERFECTIONPURIFIES: Burdockextract helps to purify the skin. 88% of womensu found their imperfections to be less visible after one month of using Phyto-Teint Perfection.SOOTHES: Peonyextract is rich in polyphenols and flavonoids, so has soothing properties. Skin is soothed day after day for 89% of womensu3, when the foundation is applied daily for one month.su30 minutes after application, on a specific panel of 10 subjects, instrumental measurements.suAfter 4 weeks of daily use, on a panel of 12 subjects, instrumental measurements. su30 minutes after application, on a panel of 34 subjects, percentage of satisfaction.suAfter 4 weeks of daily use, on a panel of 34 subjects, percentage of satisfaction.suTested in vitroMattifying, transfer-proof, high-coverage foundation, powered by the Ideal Skin Complex to improve skin quality over time. 3 KEY SKINCARE ACTIONSHYDRATES: Cucumber extract and a Glyco-complex offer instant and lasting hydration for a fresher complexion and plumped effect. When you apply Phyto-Teint Perfection, skin is 32% more hydratedsu, after 1 month of daily use, bare skin is 26% more hydratedsu(tested using instrumental measurements).SMOOTHS: Green Lentil extract helps to minimize pores, for visibly more even  skin. When applying the foundation for a month, the complexion is smoothed and refined for 88% of women.suILLUMINATES: Buckwheatextract has antioxidantsu and calming properties, and Peach Blossom extract brings a toning effect. After 4 weeks of applying Phyto-Teint Perfection daily, radiance is boosted for 82% of womensu.THE PLUS OF PHYTO-TEINT PERFECTIONPURIFIES: Burdockextract helps to purify the skin. 88% of womensu found their imperfections to be less visible after one month of using Phyto-Teint Perfection.SOOTHES: Peonyextract is rich in polyphenols and flavonoids, so has soothing properties. Skin is soothed day after day for 89% of womensu3, when the foundation is applied daily for one month.su30 minutes after application, on a specific panel of 10 subjects, instrumental measurements.suAfter 4 weeks of daily use, on a panel of 12 subjects, instrumental measurements. su30 minutes after application, on a panel of 34 subjects, percentage of satisfaction.suAfter 4 weeks of daily use, on a panel of 34 subjects, percentage of satisfaction.suTested in vitro",
        "additional_information": "{\n    \"Order Amount\": \"30 ml\",\n    \"made in\": \"France\",\n    \"Warning Hints\": \"Avoid eye contact. Keep away from direct heat and sunlight.\",\n    \"Item Number\": \"1618628\",\n    \"Manufacturer Color\": \"PETAL\",\n    \"Product Series\": \"Phyto-Teint Perfection\",\n    \"Net Weight\": \"0.03 kg\",\n    \"Package Height\": \"9.8 cm\",\n    \"Package Length\": \"4.3 cm\",\n    \"Package Width\": \"3.1 cm\"\n}"
    },
    {
        "product_name": "Sisley Self Tanning Face Skin Care 60 ml",
        "brand_name": "Sisley",
        "brand_url": "https://shop.frankfurt-airport.com/en-US/brand/sisley",
        "retailer_name": "Frankfurt Duty Free",
        "retailer_url": "https://shop.frankfurt-airport.com/en-US/retailer/heinemann",
        "price": "\u20ac114.99",
        "price_per_quantity": "\u20ac191.65 / 100  ml",
        "description": "The Self Tanning Hydrating Facial skincare, perfect alternative to sun exposure, gives the skin a golden glow while deeply moisturising it. Hibiscus flower extract: exfoliates and provides a radiant and even tan; Sesame essential extract: provides a long-lasting tan; Alpine Rose extract: provides a radiant tan; A quenching complex of active ingredients (Biosaccharides solution, Stevia leaf extract, Glycerin of plant origin): moisturisesThe Self Tanning Hydrating Facial skincare, perfect alternative to sun exposure, gives the skin a golden glow while deeply moisturising it. Hibiscus flower extract: exfoliates and provides a radiant and even tan; Sesame essential extract: provides a long-lasting tan; Alpine Rose extract: provides a radiant tan; A quenching complex of active ingredients (Biosaccharides solution, Stevia leaf extract, Glycerin of plant origin): moisturises",
        "additional_information": "{\n    \"Order Amount\": \"60 ml\",\n    \"Warning Hints\": \"Avoid eye contact. Keep away from direct heat and sunlight.\",\n    \"Item Number\": \"1449973\",\n    \"Product Series\": \"Self Tanning\",\n    \"Net Weight\": \"0.06 kg\",\n    \"Package Height\": \"11.7 cm\",\n    \"Package Length\": \"6.4 cm\",\n    \"Package Width\": \"5.15 cm\"\n}"
    },
    {
        "product_name": "Sisley Phyto-Lip Balm Pink Glow Lip Balm",
        "brand_name": "Sisley",
        "brand_url": "https://shop.frankfurt-airport.com/en-US/brand/sisley",
        "retailer_name": "Frankfurt Duty Free",
        "retailer_url": "https://shop.frankfurt-airport.com/en-US/retailer/heinemann",
        "price": "\u20ac49.99",
        "price_per_quantity": "\u20ac1,666.33 / 100  g",
        "description": "Hydrating and plumping lip balm. A burst of softness and hydration for the lips. Hydrobooster complex (Hyaluronic Acid and Konjac Glucomannan microspheres): immediately saturates skin with moisture and lastingly maintains hydration, immediate plumping and smoothing effectsShea butter: nourishesPadina Pavonica extract: plumps, moisturizesVitamin E acetate: protects lips from oxidative stressHydrating and plumping lip balm. A burst of softness and hydration for the lips. Hydrobooster complex (Hyaluronic Acid and Konjac Glucomannan microspheres): immediately saturates skin with moisture and lastingly maintains hydration, immediate plumping and smoothing effectsShea butter: nourishesPadina Pavonica extract: plumps, moisturizesVitamin E acetate: protects lips from oxidative stress",
        "additional_information": "{\n    \"Order Amount\": \"3 g\",\n    \"Warning Hints\": \"Avoid eye contact. Keep away from direct heat and sunlight.\",\n    \"Item Number\": \"1618594\",\n    \"Product Series\": \"Phyto-Lip Balm\",\n    \"Net Weight\": \"0.003 kg\",\n    \"Package Height\": \"8.7 cm\",\n    \"Package Length\": \"2.3 cm\",\n    \"Package Width\": \"2.3 cm\"\n}"
    },
    {
        "product_name": "Sisley Phyto-Teint Perfection Foundation N 1N Ivory 30 ml",
        "brand_name": "Sisley",
        "brand_url": "https://shop.frankfurt-airport.com/en-US/brand/sisley",
        "retailer_name": "Frankfurt Duty Free",
        "retailer_url": "https://shop.frankfurt-airport.com/en-US/retailer/heinemann",
        "price": "\u20ac89.99",
        "price_per_quantity": "\u20ac299.97 / 100  ml",
        "description": "Mattifying, transfer-proof, high-coverage foundation, powered by the Ideal Skin Complex to improve skin quality over time. 3 KEY SKINCARE ACTIONSHYDRATES: Cucumber extract and a Glyco-complex offer instant and lasting hydration for a fresher complexion and plumped effect. When you apply Phyto-Teint Perfection, skin is 32% more hydratedsu, after 1 month of daily use, bare skin is 26% more hydratedsu(tested using instrumental measurements).SMOOTHS: Green Lentil extract helps to minimize pores, for visibly more even  skin. When applying the foundation for a month, the complexion is smoothed and refined for 88% of women.suILLUMINATES: Buckwheatextract has antioxidantsu and calming properties, and Peach Blossom extract brings a toning effect. After 4 weeks of applying Phyto-Teint Perfection daily, radiance is boosted for 82% of womensu.THE PLUS OF PHYTO-TEINT PERFECTIONPURIFIES: Burdockextract helps to purify the skin. 88% of womensu found their imperfections to be less visible after one month of using Phyto-Teint Perfection.SOOTHES: Peonyextract is rich in polyphenols and flavonoids, so has soothing properties. Skin is soothed day after day for 89% of womensu3, when the foundation is applied daily for one month.su30 minutes after application, on a specific panel of 10 subjects, instrumental measurements.suAfter 4 weeks of daily use, on a panel of 12 subjects, instrumental measurements. su30 minutes after application, on a panel of 34 subjects, percentage of satisfaction.suAfter 4 weeks of daily use, on a panel of 34 subjects, percentage of satisfaction.suTested in vitroMattifying, transfer-proof, high-coverage foundation, powered by the Ideal Skin Complex to improve skin quality over time. 3 KEY SKINCARE ACTIONSHYDRATES: Cucumber extract and a Glyco-complex offer instant and lasting hydration for a fresher complexion and plumped effect. When you apply Phyto-Teint Perfection, skin is 32% more hydratedsu, after 1 month of daily use, bare skin is 26% more hydratedsu(tested using instrumental measurements).SMOOTHS: Green Lentil extract helps to minimize pores, for visibly more even  skin. When applying the foundation for a month, the complexion is smoothed and refined for 88% of women.suILLUMINATES: Buckwheatextract has antioxidantsu and calming properties, and Peach Blossom extract brings a toning effect. After 4 weeks of applying Phyto-Teint Perfection daily, radiance is boosted for 82% of womensu.THE PLUS OF PHYTO-TEINT PERFECTIONPURIFIES: Burdockextract helps to purify the skin. 88% of womensu found their imperfections to be less visible after one month of using Phyto-Teint Perfection.SOOTHES: Peonyextract is rich in polyphenols and flavonoids, so has soothing properties. Skin is soothed day after day for 89% of womensu3, when the foundation is applied daily for one month.su30 minutes after application, on a specific panel of 10 subjects, instrumental measurements.suAfter 4 weeks of daily use, on a panel of 12 subjects, instrumental measurements. su30 minutes after application, on a panel of 34 subjects, percentage of satisfaction.suAfter 4 weeks of daily use, on a panel of 34 subjects, percentage of satisfaction.suTested in vitro",
        "additional_information": "{\n    \"Order Amount\": \"30 ml\",\n    \"made in\": \"France\",\n    \"Warning Hints\": \"Avoid eye contact. Keep away from direct heat and sunlight.\",\n    \"Item Number\": \"1618639\",\n    \"Manufacturer Color\": \"IVORY\",\n    \"Product Series\": \"Phyto-Teint Perfection\",\n    \"Net Weight\": \"0.03 kg\",\n    \"Package Height\": \"9.8 cm\",\n    \"Package Length\": \"4.3 cm\",\n    \"Package Width\": \"3.1 cm\"\n}"
    },
    {
        "product_name": "Sisley Phyto-Khol Star Wp Eye Pencil N 4 Mat Graphite",
        "brand_name": "Sisley",
        "brand_url": "https://shop.frankfurt-airport.com/en-US/brand/sisley",
        "retailer_name": "Frankfurt Duty Free",
        "retailer_url": "https://shop.frankfurt-airport.com/en-US/retailer/heinemann",
        "price": "\u20ac43.99",
        "price_per_quantity": "\u20ac1,466.33 / 100  ml",
        "description": "All the intensity of an eyeliner in a pencil. Capacity: 0.2 gRosehip oil: nourishes, provides softness and comfortBisabolol of natural origin: soothesVitamin E acetate: anti-free radicalAll the intensity of an eyeliner in a pencil. Capacity: 0.2 gRosehip oil: nourishes, provides softness and comfortBisabolol of natural origin: soothesVitamin E acetate: anti-free radical",
        "additional_information": "{\n    \"Order Amount\": \"3 ml\",\n    \"made in\": \"Italy\",\n    \"Warning Hints\": \"Avoid eye contact. Keep away from direct heat and sunlight.\",\n    \"Item Number\": \"1496280\",\n    \"Manufacturer Color\": \"No. 4 - Mat Graphite\",\n    \"Product Series\": \"Phyto-Khol Star\",\n    \"Net Weight\": \"0.003 kg\",\n    \"Package Height\": \"13 cm\",\n    \"Package Length\": \"2.5 cm\",\n    \"Package Width\": \"1.8 cm\"\n}"
    },
    {
        "product_name": "Sisley Phyto-Lip Balm Cloud Lip Balm",
        "brand_name": "Sisley",
        "brand_url": "https://shop.frankfurt-airport.com/en-US/brand/sisley",
        "retailer_name": "Frankfurt Duty Free",
        "retailer_url": "https://shop.frankfurt-airport.com/en-US/retailer/heinemann",
        "price": "\u20ac49.99",
        "price_per_quantity": "\u20ac1,666.33 / 100  g",
        "description": "Hydrating and plumping lip balm. A burst of softness and hydration for the lips. Hydrobooster complex (Hyaluronic Acid and Konjac Glucomannan microspheres): immediately saturates skin with moisture and lastingly maintains hydration, immediate plumping and smoothing effectsShea butter: nourishesPadina Pavonica extract: plumps, moisturizesVitamin E acetate: protects lips from oxidative stressHydrating and plumping lip balm. A burst of softness and hydration for the lips. Hydrobooster complex (Hyaluronic Acid and Konjac Glucomannan microspheres): immediately saturates skin with moisture and lastingly maintains hydration, immediate plumping and smoothing effectsShea butter: nourishesPadina Pavonica extract: plumps, moisturizesVitamin E acetate: protects lips from oxidative stress",
        "additional_information": "{\n    \"Order Amount\": \"3 g\",\n    \"Warning Hints\": \"Avoid eye contact. Keep away from direct heat and sunlight.\",\n    \"Item Number\": \"1618593\",\n    \"Product Series\": \"Phyto-Lip Balm\",\n    \"Net Weight\": \"0.003 kg\",\n    \"Package Height\": \"8.7 cm\",\n    \"Package Length\": \"2.3 cm\",\n    \"Package Width\": \"2.3 cm\"\n}"
    },
    {
        "product_name": "Sisley Phyto-Lip Balm Crush Lip Balm",
        "brand_name": "Sisley",
        "brand_url": "https://shop.frankfurt-airport.com/en-US/brand/sisley",
        "retailer_name": "Frankfurt Duty Free",
        "retailer_url": "https://shop.frankfurt-airport.com/en-US/retailer/heinemann",
        "price": "\u20ac49.99",
        "price_per_quantity": "\u20ac1,666.33 / 100  g",
        "description": "Hydrating and plumping lip balm. A burst of softness and hydration for the lips. Hydrobooster complex (Hyaluronic Acid and Konjac Glucomannan microspheres): immediately saturates skin with moisture and lastingly maintains hydration, immediate plumping and smoothing effectsShea butter: nourishesPadina Pavonica extract: plumps, moisturizesVitamin E acetate: protects lips from oxidative stressHydrating and plumping lip balm. A burst of softness and hydration for the lips. Hydrobooster complex (Hyaluronic Acid and Konjac Glucomannan microspheres): immediately saturates skin with moisture and lastingly maintains hydration, immediate plumping and smoothing effectsShea butter: nourishesPadina Pavonica extract: plumps, moisturizesVitamin E acetate: protects lips from oxidative stress",
        "additional_information": "{\n    \"Order Amount\": \"3 g\",\n    \"Warning Hints\": \"Avoid eye contact. Keep away from direct heat and sunlight.\",\n    \"Item Number\": \"1618595\",\n    \"Product Series\": \"Phyto-Lip Balm\",\n    \"Net Weight\": \"0.003 kg\",\n    \"Package Height\": \"8.7 cm\",\n    \"Package Length\": \"2.3 cm\",\n    \"Package Width\": \"2.3 cm\"\n}"
    },
    {
        "product_name": "Sisley Sislea L'intgral Anti-ge Fresh Gel Cream 50 ml",
        "brand_name": "Sisley",
        "brand_url": "https://shop.frankfurt-airport.com/en-US/brand/sisley",
        "retailer_name": "Frankfurt Duty Free",
        "retailer_url": "https://shop.frankfurt-airport.com/en-US/retailer/heinemann",
        "price": "\u20ac399.99",
        "price_per_quantity": "\u20ac799.98 / 100  ml",
        "description": "Exceptional anti-aging cream. For visibly younger skin, that lasts. Oily to combination skin. Apple pip extracts (Phytostimulines and Ursolic Acid): regenerate and stimulate the skin;Rhatany extract and Lady's Mantle extract: help to stimulate and smooth the skin texture;Cocktail of vitamins, minerals, trace elements and amino acids: torevitalising;White Willow leaf extract: antioxidant*,  anti-collagenase* and anti-elastase*;Adenosine: anti-wrinkle;Lindera extract: cellular rhythm;Persian Acacia extract: cellular energy;Yeast and Soy protein complex: cellular longevity;Shea butter: protects and repairs;Glycerin of vegetable origin: hydrates and softens.*In vitro testExceptional anti-aging cream. For visibly younger skin, that lasts. Oily to combination skin. Apple pip extracts (Phytostimulines and Ursolic Acid): regenerate and stimulate the skin;Rhatany extract and Lady's Mantle extract: help to stimulate and smooth the skin texture;Cocktail of vitamins, minerals, trace elements and amino acids: torevitalising;White Willow leaf extract: antioxidant*,  anti-collagenase* and anti-elastase*;Adenosine: anti-wrinkle;Lindera extract: cellular rhythm;Persian Acacia extract: cellular energy;Yeast and Soy protein complex: cellular longevity;Shea butter: protects and repairs;Glycerin of vegetable origin: hydrates and softens.*In vitro test",
        "additional_information": "{\n    \"Order Amount\": \"50 ml\",\n    \"Warning Hints\": \"Avoid eye contact. Keep away from direct heat and sunlight.\",\n    \"Item Number\": \"1618592\",\n    \"Product Series\": \"Sisleya\",\n    \"Net Weight\": \"0.05 kg\",\n    \"Package Height\": \"8 cm\",\n    \"Package Length\": \"7.8 cm\",\n    \"Package Width\": \"7.6 cm\"\n}"
    },
    {
        "product_name": "Sisley Phyto-Khol Star Wp Eye Pencil N 6 Mat Chestnut",
        "brand_name": "Sisley",
        "brand_url": "https://shop.frankfurt-airport.com/en-US/brand/sisley",
        "retailer_name": "Frankfurt Duty Free",
        "retailer_url": "https://shop.frankfurt-airport.com/en-US/retailer/heinemann",
        "price": "\u20ac43.99",
        "price_per_quantity": "\u20ac1,466.33 / 100  ml",
        "description": "All the intensity of an eyeliner in a pencil. Capacity: 0.2 gRosehip oil: nourishes, provides softness and comfortBisabolol of natural origin: soothesVitamin E acetate: anti-free radicalAll the intensity of an eyeliner in a pencil. Capacity: 0.2 gRosehip oil: nourishes, provides softness and comfortBisabolol of natural origin: soothesVitamin E acetate: anti-free radical",
        "additional_information": "{\n    \"Order Amount\": \"3 ml\",\n    \"made in\": \"Italy\",\n    \"Warning Hints\": \"Avoid eye contact. Keep away from direct heat and sunlight.\",\n    \"Item Number\": \"1496282\",\n    \"Manufacturer Color\": \"No. 6 - Mat Chestnut\",\n    \"Product Series\": \"Phyto-Khol Star\",\n    \"Net Weight\": \"0.003 kg\",\n    \"Package Height\": \"13 cm\",\n    \"Package Length\": \"2.5 cm\",\n    \"Package Width\": \"1.8 cm\"\n}"
    },
    {
        "product_name": "OMBRE ECLAT LIQUIDE 4 CORAL A long-lasting, fresh and ultra-luminous wash of colour.",
        "brand_name": "Sisley",
        "brand_url": "https://shop.frankfurt-airport.com/en-US/brand/sisley",
        "retailer_name": "Frankfurt Duty Free",
        "retailer_url": "https://shop.frankfurt-airport.com/en-US/retailer/heinemann",
        "price": "\u20ac42.99",
        "price_per_quantity": "\u20ac661.38 / 100  ml",
        "description": "Ombre \u00c9clat Liquide is a long-lasting liquid eyeshadow. It immediately deposits an ultra-luminous wash of colour while offering a feeling of freshness and lightness. Its formula offers absolute comfort all day long and does not settle in the eyelid creases. Its travel-friendly packaging and soft precision tip allow for easy and ultra-sensory application.The 6 shades, in satiny and sparkling finishes, complement one another and can be layered easily for a custom make-up result.Ombre \u00c9clat Liquide is a long-lasting liquid eyeshadow. It immediately deposits an ultra-luminous wash of colour while offering a feeling of freshness and lightness. Its formula offers absolute comfort all day long and does not settle in the eyelid creases. Its travel-friendly packaging and soft precision tip allow for easy and ultra-sensory application.The 6 shades, in satiny and sparkling finishes, complement one another and can be layered easily for a custom make-up result.",
        "additional_information": "{\n    \"Order Amount\": \"6.5 ml\",\n    \"made in\": \"France\",\n    \"Warning Hints\": \"Avoid eye contact. Keep away from direct heat and sunlight.\",\n    \"Item Number\": \"1516832\",\n    \"Manufacturer Color\": \"No. 4 - Coral\",\n    \"Product Series\": \"Ombre Eclat Liquid\",\n    \"Net Weight\": \"0.007 kg\",\n    \"Package Height\": \"8.1 cm\",\n    \"Package Length\": \"2.3 cm\",\n    \"Package Width\": \"2.3 cm\"\n}"
    },
    {
        "product_name": "OMBRE ECLAT LIQUIDE 2 COPPER A long-lasting, fresh and ultra-luminous wash of colour.",
        "brand_name": "Sisley",
        "brand_url": "https://shop.frankfurt-airport.com/en-US/brand/sisley",
        "retailer_name": "Frankfurt Duty Free",
        "retailer_url": "https://shop.frankfurt-airport.com/en-US/retailer/heinemann",
        "price": "\u20ac42.99",
        "price_per_quantity": "\u20ac661.38 / 100  ml",
        "description": "A long-lasting, fresh and ultra-luminous wash of colour. Capacity: 6.5 mlPlant based glycerin: suppleness and softnessA long-lasting, fresh and ultra-luminous wash of colour. Capacity: 6.5 mlPlant based glycerin: suppleness and softness",
        "additional_information": "{\n    \"Order Amount\": \"6.5 ml\",\n    \"made in\": \"France\",\n    \"Warning Hints\": \"Avoid eye contact. Keep away from direct heat and sunlight.\",\n    \"Item Number\": \"1516836\",\n    \"Manufacturer Color\": \"No. 2 - Copper\",\n    \"Product Series\": \"Ombre Eclat Liquid\",\n    \"Net Weight\": \"0.007 kg\",\n    \"Package Height\": \"8.1 cm\",\n    \"Package Length\": \"2.3 cm\",\n    \"Package Width\": \"2.3 cm\"\n}"
    },
    {
        "product_name": "PHYTO-ROUGE SHINE 22 SHEER RASPBERRY The color of a lipstick. The shine of a gloss. The comfort of a balm.",
        "brand_name": "Sisley",
        "brand_url": "https://shop.frankfurt-airport.com/en-US/brand/sisley",
        "retailer_name": "Frankfurt Duty Free",
        "retailer_url": "https://shop.frankfurt-airport.com/en-US/retailer/heinemann",
        "price": "\u20ac44.99",
        "price_per_quantity": "\u20ac1,499.67 / 100  g",
        "description": "The colour of a lipstick. The shine of a gloss. The comfort of a balm. Capacity: 3 gHydrobooster complex (Hyaluronic Acid and Konjac  Glucomannan microspheres): immediately saturates skin with moisture and lastingly maintains hydration, an immediate plumping and smoothing effectPadina pavonica extract: hydrates, plumpsMoringa oil: nourishes, provides softness and supplenessJojoba oil: provides softness and comfortVitamin E acetate: protects lips from oxidative stressThe colour of a lipstick. The shine of a gloss. The comfort of a balm. Capacity: 3 gHydrobooster complex (Hyaluronic Acid and Konjac  Glucomannan microspheres): immediately saturates skin with moisture and lastingly maintains hydration, an immediate plumping and smoothing effectPadina pavonica extract: hydrates, plumpsMoringa oil: nourishes, provides softness and supplenessJojoba oil: provides softness and comfortVitamin E acetate: protects lips from oxidative stress",
        "additional_information": "{\n    \"Order Amount\": \"3 g\",\n    \"made in\": \"Italy\",\n    \"Warning Hints\": \"Avoid eye contact. Keep away from direct heat and sunlight.\",\n    \"Item Number\": \"1516844\",\n    \"Manufacturer Color\": \"No. 22 - Sheer Raspberry\",\n    \"Product Series\": \"Phyto-Rouge Shine\",\n    \"Net Weight\": \"0.003 kg\",\n    \"Package Height\": \"8.6 cm\",\n    \"Package Length\": \"2.23 cm\",\n    \"Package Width\": \"2.23 cm\"\n}"
    },
    {
        "product_name": "PHYTO-ROUGE SHINE 11 SHEER BLOSSOM The color of a lipstick. The shine of a gloss. The comfort of a balm.",
        "brand_name": "Sisley",
        "brand_url": "https://shop.frankfurt-airport.com/en-US/brand/sisley",
        "retailer_name": "Frankfurt Duty Free",
        "retailer_url": "https://shop.frankfurt-airport.com/en-US/retailer/heinemann",
        "price": "\u20ac44.99",
        "price_per_quantity": "\u20ac1,499.67 / 100  g",
        "description": "The colour of a lipstick. The shine of a gloss. The comfort of a balm. Capacity: 3 gHydrobooster complex (Hyaluronic Acid and Konjac  Glucomannan microspheres): immediately saturates skin with moisture and lastingly maintains hydration, an immediate plumping and smoothing effectPadina pavonica extract: hydrates, plumpsMoringa oil: nourishes, provides softness and supplenessJojoba oil: provides softness and comfortVitamin E acetate: protects lips from oxidative stressThe colour of a lipstick. The shine of a gloss. The comfort of a balm. Capacity: 3 gHydrobooster complex (Hyaluronic Acid and Konjac  Glucomannan microspheres): immediately saturates skin with moisture and lastingly maintains hydration, an immediate plumping and smoothing effectPadina pavonica extract: hydrates, plumpsMoringa oil: nourishes, provides softness and supplenessJojoba oil: provides softness and comfortVitamin E acetate: protects lips from oxidative stress",
        "additional_information": "{\n    \"Order Amount\": \"3 g\",\n    \"made in\": \"Italy\",\n    \"Warning Hints\": \"Avoid eye contact. Keep away from direct heat and sunlight.\",\n    \"Item Number\": \"1516852\",\n    \"Manufacturer Color\": \"No. 11 - Sheer Blossom\",\n    \"Product Series\": \"Phyto-Rouge Shine\",\n    \"Net Weight\": \"0.003 kg\",\n    \"Package Height\": \"8.6 cm\",\n    \"Package Length\": \"2.23 cm\",\n    \"Package Width\": \"2.23 cm\"\n}"
    },
    {
        "product_name": "OMBRE ECLAT LIQUIDE 3 PINK GOLD A long-lasting, fresh and ultra-luminous wash of colour.",
        "brand_name": "Sisley",
        "brand_url": "https://shop.frankfurt-airport.com/en-US/brand/sisley",
        "retailer_name": "Frankfurt Duty Free",
        "retailer_url": "https://shop.frankfurt-airport.com/en-US/retailer/heinemann",
        "price": "\u20ac42.99",
        "price_per_quantity": "\u20ac661.38 / 100  ml",
        "description": "A long-lasting, fresh and ultra-luminous wash of colour. Capacity: 6.5 mlPlant based glycerin: suppleness and softnessA long-lasting, fresh and ultra-luminous wash of colour. Capacity: 6.5 mlPlant based glycerin: suppleness and softness",
        "additional_information": "{\n    \"Order Amount\": \"6.5 ml\",\n    \"made in\": \"France\",\n    \"Warning Hints\": \"Avoid eye contact. Keep away from direct heat and sunlight.\",\n    \"Item Number\": \"1516837\",\n    \"Manufacturer Color\": \"No. 3 - Pink Gold\",\n    \"Product Series\": \"Ombre Eclat Liquid\",\n    \"Net Weight\": \"0.007 kg\",\n    \"Package Height\": \"8.1 cm\",\n    \"Package Length\": \"2.3 cm\",\n    \"Package Width\": \"2.3 cm\"\n}"
    },
    {
        "product_name": "ALL DAY ALL YEAR 50ml",
        "brand_name": "Sisley",
        "brand_url": "https://shop.frankfurt-airport.com/en-US/brand/sisley",
        "retailer_name": "Frankfurt Duty Free",
        "retailer_url": "https://shop.frankfurt-airport.com/en-US/retailer/heinemann",
        "price": "\u20ac329.99",
        "price_per_quantity": "\u20ac659.98 / 100  ml",
        "description": "The global protective shield that activates your skin\u2019s daily self-defense*, for stronger and younger-looking skin for longer. Marshmallow polysaccharides1: prevents adherence of pollutants; Myrtle extract2: neutralizes pollutantsSesame seed extract3: reinforces the barrier function Dandelion extract4: limits the harmful effects of pollutants and UV rays; Sophora japonica extract5:  stimulates antioxidant defences; White Willow leaf extract6: anti-collagenase and anti-elastase action and stimulates collagen synthesis; Adenosine6: anti-wrinkle; Glycerin of plant origin: moisturises; Shea butter: nourishes, soothes and regenerates; 1ex vivo tests / 2in tubo tests /3in vivo tests / 4in vitro tests / 5in vivo, ex vivo and in vitro tests / 6in tubo and in vitro testsThe global protective shield that activates your skin\u2019s daily self-defense*, for stronger and younger-looking skin for longer. Marshmallow polysaccharides1: prevents adherence of pollutants; Myrtle extract2: neutralizes pollutantsSesame seed extract3: reinforces the barrier function Dandelion extract4: limits the harmful effects of pollutants and UV rays; Sophora japonica extract5:  stimulates antioxidant defences; White Willow leaf extract6: anti-collagenase and anti-elastase action and stimulates collagen synthesis; Adenosine6: anti-wrinkle; Glycerin of plant origin: moisturises; Shea butter: nourishes, soothes and regenerates; 1ex vivo tests / 2in tubo tests /3in vivo tests / 4in vitro tests / 5in vivo, ex vivo and in vitro tests / 6in tubo and in vitro tests",
        "additional_information": "{\n    \"Order Amount\": \"50 ml\",\n    \"Warning Hints\": \"Avoid eye contact. Keep away from direct heat and sunlight.\",\n    \"Item Number\": \"1516802\",\n    \"Product Series\": \"All Day All Year\",\n    \"Net Weight\": \"0.05 kg\",\n    \"Package Height\": \"16.2 cm\",\n    \"Package Length\": \"4.1 cm\",\n    \"Package Width\": \"4.5 cm\"\n}"
    },
    {
        "product_name": "PHYTO-CERNES ECLAT 2.5 15ml Masks dark circles and signs of fatigue, visibly smoothes fine lines, reduces eye puffiness.",
        "brand_name": "Sisley",
        "brand_url": "https://shop.frankfurt-airport.com/en-US/brand/sisley",
        "retailer_name": "Frankfurt Duty Free",
        "retailer_url": "https://shop.frankfurt-airport.com/en-US/retailer/heinemann",
        "price": "\u20ac79.99",
        "price_per_quantity": "\u20ac533.27 / 100  ml",
        "description": "Masks dark circles and signs of fatigue, visibly smoothes fine lines, reduces eye puffiness. Red Vine extract: toningGinkgo biloba extract: protects, tonesArnica extract: soothes, tonesCaffeine: helps reduce puffinessSoy peptide extract: tones by stimulating collagen synthesisHorsetail extract: tonesCarrot extract: hydrates,revitalisingsCandeia extract (natural alpha bisabolol): soothes, leaves skin comfortable and softPlant-origin Glycerin: hydratesMasks dark circles and signs of fatigue, visibly smoothes fine lines, reduces eye puffiness. Red Vine extract: toningGinkgo biloba extract: protects, tonesArnica extract: soothes, tonesCaffeine: helps reduce puffinessSoy peptide extract: tones by stimulating collagen synthesisHorsetail extract: tonesCarrot extract: hydrates,revitalisingsCandeia extract (natural alpha bisabolol): soothes, leaves skin comfortable and softPlant-origin Glycerin: hydrates",
        "additional_information": "{\n    \"Order Amount\": \"15 ml\",\n    \"made in\": \"France\",\n    \"Warning Hints\": \"Avoid eye contact. Keep away from direct heat and sunlight.\",\n    \"Item Number\": \"1516840\",\n    \"Manufacturer Color\": \"2,5\",\n    \"Product Series\": \"Phyto-Cernes Eclat\",\n    \"Net Weight\": \"0.015 kg\",\n    \"Package Height\": \"14 cm\",\n    \"Package Length\": \"3.4 cm\",\n    \"Package Width\": \"2.5 cm\"\n}"
    },
    {
        "product_name": "Sisley Phyto-Khol Star Wp Eye Pencil N 2 Matte Tonka",
        "brand_name": "Sisley",
        "brand_url": "https://shop.frankfurt-airport.com/en-US/brand/sisley",
        "retailer_name": "Frankfurt Duty Free",
        "retailer_url": "https://shop.frankfurt-airport.com/en-US/retailer/heinemann",
        "price": "\u20ac43.99",
        "price_per_quantity": "\u20ac1,466.33 / 100  ml",
        "description": "All the intensity of an eyeliner in a pencil. Capacity: 0.2 gRosehip oil: nourishes, provides softness and comfortBisabolol of natural origin: soothesVitamin E acetate: anti-free radicalAll the intensity of an eyeliner in a pencil. Capacity: 0.2 gRosehip oil: nourishes, provides softness and comfortBisabolol of natural origin: soothesVitamin E acetate: anti-free radical",
        "additional_information": "{\n    \"Order Amount\": \"3 ml\",\n    \"made in\": \"Italy\",\n    \"Warning Hints\": \"Avoid eye contact. Keep away from direct heat and sunlight.\",\n    \"Item Number\": \"1496278\",\n    \"Manufacturer Color\": \"No. 2 - Matte Tonka\",\n    \"Product Series\": \"Phyto-Khol Star\",\n    \"Net Weight\": \"0.003 kg\",\n    \"Package Height\": \"13 cm\",\n    \"Package Length\": \"2.5 cm\",\n    \"Package Width\": \"1.8 cm\"\n}"
    },
    {
        "product_name": "PHYTO-ROUGE SHINE 30 SHEER CORAL The color of a lipstick. The shine of a gloss. The comfort of a balm.",
        "brand_name": "Sisley",
        "brand_url": "https://shop.frankfurt-airport.com/en-US/brand/sisley",
        "retailer_name": "Frankfurt Duty Free",
        "retailer_url": "https://shop.frankfurt-airport.com/en-US/retailer/heinemann",
        "price": "\u20ac44.99",
        "price_per_quantity": "\u20ac1,499.67 / 100  g",
        "description": "The colour of a lipstick. The shine of a gloss. The comfort of a balm. Capacity: 3 gHydrobooster complex (Hyaluronic Acid and Konjac  Glucomannan microspheres): immediately saturates skin with moisture and lastingly maintains hydration, an immediate plumping and smoothing effectPadina pavonica extract: hydrates, plumpsMoringa oil: nourishes, provides softness and supplenessJojoba oil: provides softness and comfortVitamin E acetate: protects lips from oxidative stressThe colour of a lipstick. The shine of a gloss. The comfort of a balm. Capacity: 3 gHydrobooster complex (Hyaluronic Acid and Konjac  Glucomannan microspheres): immediately saturates skin with moisture and lastingly maintains hydration, an immediate plumping and smoothing effectPadina pavonica extract: hydrates, plumpsMoringa oil: nourishes, provides softness and supplenessJojoba oil: provides softness and comfortVitamin E acetate: protects lips from oxidative stress",
        "additional_information": "{\n    \"Order Amount\": \"3 g\",\n    \"made in\": \"Italy\",\n    \"Warning Hints\": \"Avoid eye contact. Keep away from direct heat and sunlight.\",\n    \"Item Number\": \"1516846\",\n    \"Manufacturer Color\": \"No. 30 - Sheer Coral\",\n    \"Product Series\": \"Phyto-Rouge Shine\",\n    \"Net Weight\": \"0.003 kg\",\n    \"Package Height\": \"8.6 cm\",\n    \"Package Length\": \"2.23 cm\",\n    \"Package Width\": \"2.23 cm\"\n}"
    },
    {
        "product_name": "OMBRE ECLAT LIQUIDE 1 CHAMPAGNE A long-lasting, fresh and ultra-luminous wash of colour.",
        "brand_name": "Sisley",
        "brand_url": "https://shop.frankfurt-airport.com/en-US/brand/sisley",
        "retailer_name": "Frankfurt Duty Free",
        "retailer_url": "https://shop.frankfurt-airport.com/en-US/retailer/heinemann",
        "price": "\u20ac42.99",
        "price_per_quantity": "\u20ac661.38 / 100  ml",
        "description": "A long-lasting, fresh and ultra-luminous wash of colour. Capacity: 6.5 mlPlant based glycerin: suppleness and softnessA long-lasting, fresh and ultra-luminous wash of colour. Capacity: 6.5 mlPlant based glycerin: suppleness and softness",
        "additional_information": "{\n    \"Order Amount\": \"6.5 ml\",\n    \"made in\": \"France\",\n    \"Warning Hints\": \"Avoid eye contact. Keep away from direct heat and sunlight.\",\n    \"Item Number\": \"1516835\",\n    \"Manufacturer Color\": \"No. 1 - Champagne\",\n    \"Product Series\": \"Ombre Eclat Liquid\",\n    \"Net Weight\": \"0.007 kg\",\n    \"Package Height\": \"8.1 cm\",\n    \"Package Length\": \"2.3 cm\",\n    \"Package Width\": \"2.3 cm\"\n}"
    },
    {
        "product_name": "Sisley Phyto Teint Nude Foundation N 2C Soft Beige 30 ml",
        "brand_name": "Sisley",
        "brand_url": "https://shop.frankfurt-airport.com/en-US/brand/sisley",
        "retailer_name": "Frankfurt Duty Free",
        "retailer_url": "https://shop.frankfurt-airport.com/en-US/retailer/heinemann",
        "price": "\u20ac74.99",
        "price_per_quantity": "\u20ac249.97 / 100  ml",
        "description": "Fluid skincare foundation for an ultra-natural complexion and hydrated, energised skin. Undetectable yet impeccable. \"Hydro-Booster\"  complex (cocktail of hydrating key ingredients: Hyaluronic Acid, Konjac glucomannan Microspheres): maintains skin hydration for plump, springy skin\"Aqua-Lock\" complex (cocktail of water captor key ingredients: Aquatic Mint extract, Plant-based sugar): provides  freshness and immediate hydration\"Vita-Light\" complex (Kiwi + Acerola extracts): boosts complexion radiance and enhances the energy and vitality of the skinFluid skincare foundation for an ultra-natural complexion and hydrated, energised skin. Undetectable yet impeccable. \"Hydro-Booster\"  complex (cocktail of hydrating key ingredients: Hyaluronic Acid, Konjac glucomannan Microspheres): maintains skin hydration for plump, springy skin\"Aqua-Lock\" complex (cocktail of water captor key ingredients: Aquatic Mint extract, Plant-based sugar): provides  freshness and immediate hydration\"Vita-Light\" complex (Kiwi + Acerola extracts): boosts complexion radiance and enhances the energy and vitality of the skin",
        "additional_information": "{\n    \"Order Amount\": \"30 ml\",\n    \"made in\": \"France\",\n    \"Warning Hints\": \"Avoid eye contact. Keep away from direct heat and sunlight.\",\n    \"Item Number\": \"1496261\",\n    \"Manufacturer Color\": \"Soft Beige\",\n    \"Product Series\": \"Phyto Teint Nude\",\n    \"Net Weight\": \"0.03 kg\",\n    \"Package Height\": \"2.5 cm\",\n    \"Package Length\": \"9 cm\",\n    \"Package Width\": \"4.5 cm\"\n}"
    },
    {
        "product_name": "Sisley Phyto-blush twist Blush N 7 Berry",
        "brand_name": "Sisley",
        "brand_url": "https://shop.frankfurt-airport.com/en-US/brand/sisley",
        "retailer_name": "Frankfurt Duty Free",
        "retailer_url": "https://shop.frankfurt-airport.com/en-US/retailer/heinemann",
        "price": "\u20ac59.99",
        "price_per_quantity": "\u20ac1,090.73 / 100  ml",
        "description": "Colour, Care and a Healthy Glow in a single \"twist\". Shea Oil: softness and comfortCamellia Oil: softness and anti-dryingVitamin E derivative: anti-free radicalsColour, Care and a Healthy Glow in a single \"twist\". Shea Oil: softness and comfortCamellia Oil: softness and anti-dryingVitamin E derivative: anti-free radicals",
        "additional_information": "{\n    \"Order Amount\": \"5.5 ml\",\n    \"made in\": \"Italy\",\n    \"Warning Hints\": \"Avoid eye contact. Keep away from direct heat and sunlight.\",\n    \"Item Number\": \"1496275\",\n    \"Manufacturer Color\": \"No. 7 - Berry\",\n    \"Product Series\": \"Phyto-Blush Twist\",\n    \"Net Weight\": \"0.006 kg\",\n    \"Package Height\": \"8.9 cm\",\n    \"Package Length\": \"2.53 cm\",\n    \"Package Width\": \"2.53 cm\"\n}"
    },
    {
        "product_name": "Sisley Phyto Teint Nude Foundation N 3C Natural 30 ml",
        "brand_name": "Sisley",
        "brand_url": "https://shop.frankfurt-airport.com/en-US/brand/sisley",
        "retailer_name": "Frankfurt Duty Free",
        "retailer_url": "https://shop.frankfurt-airport.com/en-US/retailer/heinemann",
        "price": "\u20ac74.99",
        "price_per_quantity": "\u20ac249.97 / 100  ml",
        "description": "Fluid skincare foundation for an ultra-natural complexion and hydrated, energised skin. Undetectable yet impeccable. \"Hydro-Booster\"  complex (cocktail of hydrating key ingredients: Hyaluronic Acid, Konjac glucomannan Microspheres): maintains skin hydration for plump, springy skin\"Aqua-Lock\" complex (cocktail of water captor key ingredients: Aquatic Mint extract, Plant-based sugar): provides  freshness and immediate hydration\"Vita-Light\" complex (Kiwi + Acerola extracts): boosts complexion radiance and enhances the energy and vitality of the skinFluid skincare foundation for an ultra-natural complexion and hydrated, energised skin. Undetectable yet impeccable. \"Hydro-Booster\"  complex (cocktail of hydrating key ingredients: Hyaluronic Acid, Konjac glucomannan Microspheres): maintains skin hydration for plump, springy skin\"Aqua-Lock\" complex (cocktail of water captor key ingredients: Aquatic Mint extract, Plant-based sugar): provides  freshness and immediate hydration\"Vita-Light\" complex (Kiwi + Acerola extracts): boosts complexion radiance and enhances the energy and vitality of the skin",
        "additional_information": "{\n    \"Order Amount\": \"30 ml\",\n    \"made in\": \"France\",\n    \"Warning Hints\": \"Avoid eye contact. Keep away from direct heat and sunlight.\",\n    \"Item Number\": \"1496264\",\n    \"Manufacturer Color\": \"Natural\",\n    \"Product Series\": \"Phyto Teint Nude\",\n    \"Net Weight\": \"0.03 kg\",\n    \"Package Height\": \"8.82 cm\",\n    \"Package Length\": \"4.44 cm\",\n    \"Package Width\": \"2.24 cm\"\n}"
    },
    {
        "product_name": "Sisley Phyto Teint Nude Foundation N 3W1 Warm Almond 30 ml",
        "brand_name": "Sisley",
        "brand_url": "https://shop.frankfurt-airport.com/en-US/brand/sisley",
        "retailer_name": "Frankfurt Duty Free",
        "retailer_url": "https://shop.frankfurt-airport.com/en-US/retailer/heinemann",
        "price": "\u20ac74.99",
        "price_per_quantity": "\u20ac249.97 / 100  ml",
        "description": "Fluid skincare foundation for an ultra-natural complexion and hydrated, energised skin. Undetectable yet impeccable. \"Hydro-Booster\"  complex (cocktail of hydrating key ingredients: Hyaluronic Acid, Konjac glucomannan Microspheres): maintains skin hydration for plump, springy skin\"Aqua-Lock\" complex (cocktail of water captor key ingredients: Aquatic Mint extract, Plant-based sugar): provides  freshness and immediate hydration\"Vita-Light\" complex (Kiwi + Acerola extracts): boosts complexion radiance and enhances the energy and vitality of the skinFluid skincare foundation for an ultra-natural complexion and hydrated, energised skin. Undetectable yet impeccable. \"Hydro-Booster\"  complex (cocktail of hydrating key ingredients: Hyaluronic Acid, Konjac glucomannan Microspheres): maintains skin hydration for plump, springy skin\"Aqua-Lock\" complex (cocktail of water captor key ingredients: Aquatic Mint extract, Plant-based sugar): provides  freshness and immediate hydration\"Vita-Light\" complex (Kiwi + Acerola extracts): boosts complexion radiance and enhances the energy and vitality of the skin",
        "additional_information": "{\n    \"Order Amount\": \"30 ml\",\n    \"made in\": \"France\",\n    \"Warning Hints\": \"Avoid eye contact. Keep away from direct heat and sunlight.\",\n    \"Item Number\": \"1496265\",\n    \"Manufacturer Color\": \"Warm Almond\",\n    \"Product Series\": \"Phyto Teint Nude\",\n    \"Net Weight\": \"0.03 kg\",\n    \"Package Height\": \"8.82 cm\",\n    \"Package Length\": \"4.44 cm\",\n    \"Package Width\": \"2.24 cm\"\n}"
    },
    {
        "product_name": "Sisley Phyto Teint Nude Foundation N 2N Ivory Beige 30 ml",
        "brand_name": "Sisley",
        "brand_url": "https://shop.frankfurt-airport.com/en-US/brand/sisley",
        "retailer_name": "Frankfurt Duty Free",
        "retailer_url": "https://shop.frankfurt-airport.com/en-US/retailer/heinemann",
        "price": "\u20ac74.99",
        "price_per_quantity": "\u20ac249.97 / 100  ml",
        "description": "Fluid skincare foundation for an ultra-natural complexion and hydrated, energised skin. Undetectable yet impeccable. \"Hydro-Booster\"  complex (cocktail of hydrating key ingredients: Hyaluronic Acid, Konjac glucomannan Microspheres): maintains skin hydration for plump, springy skin\"Aqua-Lock\" complex (cocktail of water captor key ingredients: Aquatic Mint extract, Plant-based sugar): provides  freshness and immediate hydration\"Vita-Light\" complex (Kiwi + Acerola extracts): boosts complexion radiance and enhances the energy and vitality of the skinFluid skincare foundation for an ultra-natural complexion and hydrated, energised skin. Undetectable yet impeccable. \"Hydro-Booster\"  complex (cocktail of hydrating key ingredients: Hyaluronic Acid, Konjac glucomannan Microspheres): maintains skin hydration for plump, springy skin\"Aqua-Lock\" complex (cocktail of water captor key ingredients: Aquatic Mint extract, Plant-based sugar): provides  freshness and immediate hydration\"Vita-Light\" complex (Kiwi + Acerola extracts): boosts complexion radiance and enhances the energy and vitality of the skin",
        "additional_information": "{\n    \"Order Amount\": \"30 ml\",\n    \"made in\": \"France\",\n    \"Warning Hints\": \"Avoid eye contact. Keep away from direct heat and sunlight.\",\n    \"Item Number\": \"1496262\",\n    \"Manufacturer Color\": \"Ivory Beige\",\n    \"Product Series\": \"Phyto Teint Nude\",\n    \"Net Weight\": \"0.03 kg\",\n    \"Package Height\": \"8.82 cm\",\n    \"Package Length\": \"4.44 cm\",\n    \"Package Width\": \"2.24 cm\"\n}"
    },
    {
        "product_name": "Sisley Phyto-Khol Star Wp Eye Pencil N 1 Matte Onyx",
        "brand_name": "Sisley",
        "brand_url": "https://shop.frankfurt-airport.com/en-US/brand/sisley",
        "retailer_name": "Frankfurt Duty Free",
        "retailer_url": "https://shop.frankfurt-airport.com/en-US/retailer/heinemann",
        "price": "\u20ac43.99",
        "price_per_quantity": "\u20ac1,466.33 / 100  ml",
        "description": "All the intensity of an eyeliner in a pencil. Capacity: 0.2 gRosehip oil: nourishes, provides softness and comfortBisabolol of natural origin: soothesVitamin E acetate: anti-free radicalAll the intensity of an eyeliner in a pencil. Capacity: 0.2 gRosehip oil: nourishes, provides softness and comfortBisabolol of natural origin: soothesVitamin E acetate: anti-free radical",
        "additional_information": "{\n    \"Order Amount\": \"3 ml\",\n    \"made in\": \"Italy\",\n    \"Warning Hints\": \"Avoid eye contact. Keep away from direct heat and sunlight.\",\n    \"Item Number\": \"1496277\",\n    \"Manufacturer Color\": \"No. 1 - Matte Onyx\",\n    \"Product Series\": \"Phyto-Khol Star\",\n    \"Net Weight\": \"0.003 kg\",\n    \"Package Height\": \"13 cm\",\n    \"Package Length\": \"2.5 cm\",\n    \"Package Width\": \"1.8 cm\"\n}"
    },
    {
        "product_name": "Sisley Phyto-Khol Star Wp Eye Pencil N 5 Mat Peacock",
        "brand_name": "Sisley",
        "brand_url": "https://shop.frankfurt-airport.com/en-US/brand/sisley",
        "retailer_name": "Frankfurt Duty Free",
        "retailer_url": "https://shop.frankfurt-airport.com/en-US/retailer/heinemann",
        "price": "\u20ac43.99",
        "price_per_quantity": "\u20ac1,466.33 / 100  ml",
        "description": "All the intensity of an eyeliner in a pencil. Capacity: 0.2 gRosehip oil: nourishes, provides softness and comfortBisabolol of natural origin: soothesVitamin E acetate: anti-free radicalAll the intensity of an eyeliner in a pencil. Capacity: 0.2 gRosehip oil: nourishes, provides softness and comfortBisabolol of natural origin: soothesVitamin E acetate: anti-free radical",
        "additional_information": "{\n    \"Order Amount\": \"3 ml\",\n    \"made in\": \"Italy\",\n    \"Warning Hints\": \"Avoid eye contact. Keep away from direct heat and sunlight.\",\n    \"Item Number\": \"1496281\",\n    \"Manufacturer Color\": \"No. 5 - Mat Peacock\",\n    \"Product Series\": \"Phyto-Khol Star\",\n    \"Net Weight\": \"0.003 kg\",\n    \"Package Height\": \"13 cm\",\n    \"Package Length\": \"2.5 cm\",\n    \"Package Width\": \"1.8 cm\"\n}"
    },
    {
        "product_name": "Sisley Phyto-Khol Star Wp Eye Pencil N 3 Matte Jungle",
        "brand_name": "Sisley",
        "brand_url": "https://shop.frankfurt-airport.com/en-US/brand/sisley",
        "retailer_name": "Frankfurt Duty Free",
        "retailer_url": "https://shop.frankfurt-airport.com/en-US/retailer/heinemann",
        "price": "\u20ac43.99",
        "price_per_quantity": "\u20ac1,466.33 / 100  ml",
        "description": "All the intensity of an eyeliner in a pencil. Capacity: 0.2 gRosehip oil: nourishes, provides softness and comfortBisabolol of natural origin: soothesVitamin E acetate: anti-free radicalAll the intensity of an eyeliner in a pencil. Capacity: 0.2 gRosehip oil: nourishes, provides softness and comfortBisabolol of natural origin: soothesVitamin E acetate: anti-free radical",
        "additional_information": "{\n    \"Order Amount\": \"3 ml\",\n    \"made in\": \"Italy\",\n    \"Warning Hints\": \"Avoid eye contact. Keep away from direct heat and sunlight.\",\n    \"Item Number\": \"1496279\",\n    \"Manufacturer Color\": \"No. 3 - Matte Jungle\",\n    \"Product Series\": \"Phyto-Khol Star\",\n    \"Net Weight\": \"0.003 kg\",\n    \"Package Height\": \"13 cm\",\n    \"Package Length\": \"2.5 cm\",\n    \"Package Width\": \"1.8 cm\"\n}"
    },
    {
        "product_name": "Sisley Phyto Teint Nude Foundation N 2W1 Light Beige 30 ml",
        "brand_name": "Sisley",
        "brand_url": "https://shop.frankfurt-airport.com/en-US/brand/sisley",
        "retailer_name": "Frankfurt Duty Free",
        "retailer_url": "https://shop.frankfurt-airport.com/en-US/retailer/heinemann",
        "price": "\u20ac74.99",
        "price_per_quantity": "\u20ac249.97 / 100  ml",
        "description": "Fluid skincare foundation for an ultra-natural complexion and hydrated, energised skin. Undetectable yet impeccable. \"Hydro-Booster\"  complex (cocktail of hydrating key ingredients: Hyaluronic Acid, Konjac glucomannan Microspheres): maintains skin hydration for plump, springy skin\"Aqua-Lock\" complex (cocktail of water captor key ingredients: Aquatic Mint extract, Plant-based sugar): provides  freshness and immediate hydration\"Vita-Light\" complex (Kiwi + Acerola extracts): boosts complexion radiance and enhances the energy and vitality of the skinFluid skincare foundation for an ultra-natural complexion and hydrated, energised skin. Undetectable yet impeccable. \"Hydro-Booster\"  complex (cocktail of hydrating key ingredients: Hyaluronic Acid, Konjac glucomannan Microspheres): maintains skin hydration for plump, springy skin\"Aqua-Lock\" complex (cocktail of water captor key ingredients: Aquatic Mint extract, Plant-based sugar): provides  freshness and immediate hydration\"Vita-Light\" complex (Kiwi + Acerola extracts): boosts complexion radiance and enhances the energy and vitality of the skin",
        "additional_information": "{\n    \"Order Amount\": \"30 ml\",\n    \"made in\": \"France\",\n    \"Warning Hints\": \"Avoid eye contact. Keep away from direct heat and sunlight.\",\n    \"Item Number\": \"1496263\",\n    \"Manufacturer Color\": \"Light Beige\",\n    \"Product Series\": \"Phyto Teint Nude\",\n    \"Net Weight\": \"0.03 kg\",\n    \"Package Height\": \"8.82 cm\",\n    \"Package Length\": \"4.44 cm\",\n    \"Package Width\": \"2.24 cm\"\n}"
    },
    {
        "product_name": "Sisley Velvet Body Balm 200 ml",
        "brand_name": "Sisley",
        "brand_url": "https://shop.frankfurt-airport.com/en-US/brand/sisley",
        "retailer_name": "Frankfurt Duty Free",
        "retailer_url": "https://shop.frankfurt-airport.com/en-US/retailer/heinemann",
        "price": "\u20ac124.99",
        "price_per_quantity": "\u20ac62.50 / 100  ml",
        "description": "A highly soothing, restorative, nourishing and moisturising body cream for dry to very dry skin. Saffron flower extract: soothes sensations of discomfort; Harpagophytum extract: soothes and softens the skin; Shea Butter: protects and restores; Japanese Lilyturf  extract: nourishes and moisturises; Duo of Oils - Macadamia and Babassu: intensely nourishes; Hydrating active complex - Sugar and Glycerin of plant origin: moisturises.A highly soothing, restorative, nourishing and moisturising body cream for dry to very dry skin. Saffron flower extract: soothes sensations of discomfort; Harpagophytum extract: soothes and softens the skin; Shea Butter: protects and restores; Japanese Lilyturf  extract: nourishes and moisturises; Duo of Oils - Macadamia and Babassu: intensely nourishes; Hydrating active complex - Sugar and Glycerin of plant origin: moisturises.",
        "additional_information": "{\n    \"Order Amount\": \"200 ml\",\n    \"Warning Hints\": \"Avoid eye contact. Keep away from direct heat and sunlight.\",\n    \"Item Number\": \"1493239\",\n    \"Product Series\": \"Body Care\",\n    \"Net Weight\": \"0.2 kg\",\n    \"Package Height\": \"18.7 cm\",\n    \"Package Length\": \"6.2 cm\",\n    \"Package Width\": \"5.8 cm\"\n}"
    },
    {
        "product_name": "Sisley Phyto-Lip twist Lipstick N 25 Soft Berry",
        "brand_name": "Sisley",
        "brand_url": "https://shop.frankfurt-airport.com/en-US/brand/sisley",
        "retailer_name": "Frankfurt Duty Free",
        "retailer_url": "https://shop.frankfurt-airport.com/en-US/retailer/heinemann",
        "price": "\u20ac39.99",
        "price_per_quantity": "\u20ac1,599.60 / 100  ml",
        "description": "Colour, skincare and shine in a single \"twist\". Capacity: 2.5 gCommipheroline: smoothes the lips and contoursPhytosqualane: emolliates and moisturises, maintains the skin's supplenessColour, skincare and shine in a single \"twist\". Capacity: 2.5 gCommipheroline: smoothes the lips and contoursPhytosqualane: emolliates and moisturises, maintains the skin's suppleness",
        "additional_information": "{\n    \"Order Amount\": \"2.5 ml\",\n    \"made in\": \"Italy\",\n    \"Warning Hints\": \"Avoid eye contact. Keep away from direct heat and sunlight.\",\n    \"Item Number\": \"1496253\",\n    \"Manufacturer Color\": \"No. 25 - Soft Berry\",\n    \"Product Series\": \"Phyto-Lip Twist\",\n    \"Net Weight\": \"0.003 kg\",\n    \"Package Height\": \"11.36 cm\",\n    \"Package Length\": \"1.92 cm\",\n    \"Package Width\": \"1.92 cm\"\n}"
    },
    {
        "product_name": "Sisley Le Sculpteur Anti-Cellulite 200 ml",
        "brand_name": "Sisley",
        "brand_url": "https://shop.frankfurt-airport.com/en-US/brand/sisley",
        "retailer_name": "Frankfurt Duty Free",
        "retailer_url": "https://shop.frankfurt-airport.com/en-US/retailer/heinemann",
        "price": "\u20ac189.99",
        "price_per_quantity": "\u20ac95.00 / 100  ml",
        "description": "An ultra-effective refining body care to sculpt your body according to your decision. Combination of Caffeine, Cedrol, White Ginger extract and Pink Berry Oil: contouring action; Combination of Mandarin extract, Andiroba Oil and Exopolysaccharide from Plankton: anti-storage action; Shea Oil: nourishes; Plant-based sugar: softens; Vitamin E Acetate: anti-free radical action;An ultra-effective refining body care to sculpt your body according to your decision. Combination of Caffeine, Cedrol, White Ginger extract and Pink Berry Oil: contouring action; Combination of Mandarin extract, Andiroba Oil and Exopolysaccharide from Plankton: anti-storage action; Shea Oil: nourishes; Plant-based sugar: softens; Vitamin E Acetate: anti-free radical action;",
        "additional_information": "{\n    \"Order Amount\": \"200 ml\",\n    \"Warning Hints\": \"Avoid eye contact. Keep away from direct heat and sunlight.\",\n    \"Item Number\": \"1493244\",\n    \"Product Series\": \"Body Care\",\n    \"Net Weight\": \"0.2 kg\",\n    \"Package Height\": \"19.25 cm\",\n    \"Package Length\": \"5.1 cm\",\n    \"Package Width\": \"5.2 cm\"\n}"
    },
    {
        "product_name": "Sisley Black Rose Body Emulsion 200 ml",
        "brand_name": "Sisley",
        "brand_url": "https://shop.frankfurt-airport.com/en-US/brand/sisley",
        "retailer_name": "Frankfurt Duty Free",
        "retailer_url": "https://shop.frankfurt-airport.com/en-US/retailer/heinemann",
        "price": "\u20ac134.99",
        "price_per_quantity": "\u20ac67.50 / 100  ml",
        "description": "An ultra-hydrating and beautifying emulsion that provides the natural radiance and suppleness of youthful skin. Oily Black Rose extract : softens and smoothsPadina pavonica extract : promotes hydration and gives your skin a bouncy appearanceCamelina Oil : preserves the lipid balance, and nourishes, softens and soothes your skinAqueous Black Rose extract : smooths the texture of your skin for more luminous skinSolution of Biosaccharides : hydrates and gives your skin a very \u201cpeachy-soft\u201d feelNatural Tocopherols : antioxidantsWhite Ginger extract : promotes suppleness and elasticity of your skinAn ultra-hydrating and beautifying emulsion that provides the natural radiance and suppleness of youthful skin. Oily Black Rose extract : softens and smoothsPadina pavonica extract : promotes hydration and gives your skin a bouncy appearanceCamelina Oil : preserves the lipid balance, and nourishes, softens and soothes your skinAqueous Black Rose extract : smooths the texture of your skin for more luminous skinSolution of Biosaccharides : hydrates and gives your skin a very \u201cpeachy-soft\u201d feelNatural Tocopherols : antioxidantsWhite Ginger extract : promotes suppleness and elasticity of your skin",
        "additional_information": "{\n    \"Order Amount\": \"200 ml\",\n    \"Warning Hints\": \"Avoid eye contact. Keep away from direct heat and sunlight.\",\n    \"Item Number\": \"1493241\",\n    \"Product Series\": \"Black Rose\",\n    \"Net Weight\": \"0.2 kg\",\n    \"Package Height\": \"16.7 cm\",\n    \"Package Length\": \"6.2 cm\",\n    \"Package Width\": \"5.8 cm\"\n}"
    },
    {
        "product_name": "Sisley Phyto-Eye Twist Eye Shadow N 17 Rose Bronze",
        "brand_name": "Sisley",
        "brand_url": "https://shop.frankfurt-airport.com/en-US/brand/sisley",
        "retailer_name": "Frankfurt Duty Free",
        "retailer_url": "https://shop.frankfurt-airport.com/en-US/retailer/heinemann",
        "price": "\u20ac39.99",
        "price_per_quantity": "\u20ac2,666.00 / 100  g",
        "description": "colour, skincare and holding power in a single twist. Capacity: 1.5 g Green Tea: softness, emollienceCamellia: softness, emollienceWhite Lily: softness, emolliencecolour, skincare and holding power in a single twist. Capacity: 1.5 g Green Tea: softness, emollienceCamellia: softness, emollienceWhite Lily: softness, emollience",
        "additional_information": "{\n    \"Order Amount\": \"1.5 g\",\n    \"made in\": \"Italy\",\n    \"Warning Hints\": \"Avoid eye contact. Keep away from direct heat and sunlight.\",\n    \"Item Number\": \"1496250\",\n    \"Manufacturer Color\": \"No. 17 - ROSE BRONZE\",\n    \"Product Series\": \"Phyto-Eye Twist\",\n    \"Net Weight\": \"0.002 kg\",\n    \"Package Height\": \"11.9 cm\",\n    \"Package Length\": \"1.92 cm\",\n    \"Package Width\": \"1.92 cm\"\n}"
    },
    {
        "product_name": "Sisley Phyto-Lip twist Lipstick N 24 Rosy Nude",
        "brand_name": "Sisley",
        "brand_url": "https://shop.frankfurt-airport.com/en-US/brand/sisley",
        "retailer_name": "Frankfurt Duty Free",
        "retailer_url": "https://shop.frankfurt-airport.com/en-US/retailer/heinemann",
        "price": "\u20ac39.99",
        "price_per_quantity": "\u20ac1,599.60 / 100  ml",
        "description": "Colour, skincare and shine in a single \"twist\". Capacity: 2.5 gCommipheroline: smoothes the lips and contoursPhytosqualane: emolliates and moisturises, maintains the skin's supplenessColour, skincare and shine in a single \"twist\". Capacity: 2.5 gCommipheroline: smoothes the lips and contoursPhytosqualane: emolliates and moisturises, maintains the skin's suppleness",
        "additional_information": "{\n    \"Order Amount\": \"2.5 ml\",\n    \"made in\": \"Italy\",\n    \"Warning Hints\": \"Avoid eye contact. Keep away from direct heat and sunlight.\",\n    \"Item Number\": \"1496254\",\n    \"Manufacturer Color\": \"No. 24 - Rosy Nude\",\n    \"Product Series\": \"Phyto-Lip Twist\",\n    \"Net Weight\": \"0.003 kg\",\n    \"Package Height\": \"11.36 cm\",\n    \"Package Length\": \"1.92 cm\",\n    \"Package Width\": \"1.92 cm\"\n}"
    },
    {
        "product_name": "Sisley Phyto-Rouge Velvet Lipstick N 42 Rouge Royal",
        "brand_name": "Sisley",
        "brand_url": "https://shop.frankfurt-airport.com/en-US/brand/sisley",
        "retailer_name": "Frankfurt Duty Free",
        "retailer_url": "https://shop.frankfurt-airport.com/en-US/retailer/heinemann",
        "price": "\u20ac47.99",
        "price_per_quantity": "\u20ac1,599.67 / 100  g",
        "description": "An immediate high-intensity matte finish as soft and luminous as velvet. Day after day, more supple, smoother and plumper lips, even  when bare. Hydrobooster Complex (Hyaluronic Acid and Konjac Glucomannan microspheres): immediately saturates skin with moisture. Plumping and smoothing effect.Naturally-derived filler ingredient (Padina pavonica extract):Antioxidant (Vitamin E Acetate): helps to protects lips from oxidative stress Vegetal oil: preserves lip hydration and forms a protective filmAn immediate high-intensity matte finish as soft and luminous as velvet. Day after day, more supple, smoother and plumper lips, even  when bare. Hydrobooster Complex (Hyaluronic Acid and Konjac Glucomannan microspheres): immediately saturates skin with moisture. Plumping and smoothing effect.Naturally-derived filler ingredient (Padina pavonica extract):Antioxidant (Vitamin E Acetate): helps to protects lips from oxidative stress Vegetal oil: preserves lip hydration and forms a protective film",
        "additional_information": "{\n    \"Order Amount\": \"3 g\",\n    \"made in\": \"Italy\",\n    \"Warning Hints\": \"Avoid eye contact. Keep away from direct heat and sunlight.\",\n    \"Item Number\": \"1680839\",\n    \"Manufacturer Color\": \"No. 42 - Rouge Royal\",\n    \"Product Series\": \"Phyto-Rouge Velvet\",\n    \"Net Weight\": \"0.003 kg\",\n    \"Package Height\": \"8 cm\",\n    \"Package Length\": \"2.8 cm\",\n    \"Package Width\": \"2.9 cm\"\n}"
    },
    {
        "product_name": "Sisley Phyto Teint Nude Foundation N 1W Cream 30 ml",
        "brand_name": "Sisley",
        "brand_url": "https://shop.frankfurt-airport.com/en-US/brand/sisley",
        "retailer_name": "Frankfurt Duty Free",
        "retailer_url": "https://shop.frankfurt-airport.com/en-US/retailer/heinemann",
        "price": "\u20ac74.99",
        "price_per_quantity": "\u20ac249.97 / 100  ml",
        "description": "Fluid skincare foundation for an ultra-natural complexion and hydrated, energised skin. Undetectable yet impeccable. \"Hydro-Booster\"  complex (cocktail of hydrating key ingredients: Hyaluronic Acid, Konjac glucomannan Microspheres): maintains skin hydration for plump, springy skin\"Aqua-Lock\" complex (cocktail of water captor key ingredients: Aquatic Mint extract, Plant-based sugar): provides  freshness and immediate hydration\"Vita-Light\" complex (Kiwi + Acerola extracts): boosts complexion radiance and enhances the energy and vitality of the skinFluid skincare foundation for an ultra-natural complexion and hydrated, energised skin. Undetectable yet impeccable. \"Hydro-Booster\"  complex (cocktail of hydrating key ingredients: Hyaluronic Acid, Konjac glucomannan Microspheres): maintains skin hydration for plump, springy skin\"Aqua-Lock\" complex (cocktail of water captor key ingredients: Aquatic Mint extract, Plant-based sugar): provides  freshness and immediate hydration\"Vita-Light\" complex (Kiwi + Acerola extracts): boosts complexion radiance and enhances the energy and vitality of the skin",
        "additional_information": "{\n    \"Order Amount\": \"30 ml\",\n    \"made in\": \"France\",\n    \"Warning Hints\": \"Avoid eye contact. Keep away from direct heat and sunlight.\",\n    \"Item Number\": \"1496260\",\n    \"Manufacturer Color\": \"Cream\",\n    \"Product Series\": \"Phyto Teint Nude\",\n    \"Net Weight\": \"0.03 kg\",\n    \"Package Height\": \"8.82 cm\",\n    \"Package Length\": \"4.44 cm\",\n    \"Package Width\": \"2.24 cm\"\n}"
    },
    {
        "product_name": "Sisley Phyto-Rouge Velvet Lipstick N 22 Rose Punch",
        "brand_name": "Sisley",
        "brand_url": "https://shop.frankfurt-airport.com/en-US/brand/sisley",
        "retailer_name": "Frankfurt Duty Free",
        "retailer_url": "https://shop.frankfurt-airport.com/en-US/retailer/heinemann",
        "price": "\u20ac47.99",
        "price_per_quantity": "\u20ac1,599.67 / 100  g",
        "description": "An immediate high-intensity matte finish as soft and luminous as velvet. Day after day, more supple, smoother and plumper lips, even  when bare. Hydrobooster Complex (Hyaluronic Acid and Konjac Glucomannan microspheres): immediately saturates skin with moisture. Plumping and smoothing effect.Naturally-derived filler ingredient (Padina pavonica extract):Antioxidant (Vitamin E Acetate): helps to protects lips from oxidative stress Vegetal oil: preserves lip hydration and forms a protective filmAn immediate high-intensity matte finish as soft and luminous as velvet. Day after day, more supple, smoother and plumper lips, even  when bare. Hydrobooster Complex (Hyaluronic Acid and Konjac Glucomannan microspheres): immediately saturates skin with moisture. Plumping and smoothing effect.Naturally-derived filler ingredient (Padina pavonica extract):Antioxidant (Vitamin E Acetate): helps to protects lips from oxidative stress Vegetal oil: preserves lip hydration and forms a protective film",
        "additional_information": "{\n    \"Order Amount\": \"3 g\",\n    \"made in\": \"Italy\",\n    \"Warning Hints\": \"Avoid eye contact. Keep away from direct heat and sunlight.\",\n    \"Item Number\": \"1680831\",\n    \"Manufacturer Color\": \"No. 22 - Rose Punch\",\n    \"Product Series\": \"Phyto-Rouge Velvet\",\n    \"Net Weight\": \"0.003 kg\",\n    \"Package Height\": \"8 cm\",\n    \"Package Length\": \"2.8 cm\",\n    \"Package Width\": \"2.9 cm\"\n}"
    },
    {
        "product_name": "Sisley Phyto Teint Nude Foundation N 1C Petal 30 ml",
        "brand_name": "Sisley",
        "brand_url": "https://shop.frankfurt-airport.com/en-US/brand/sisley",
        "retailer_name": "Frankfurt Duty Free",
        "retailer_url": "https://shop.frankfurt-airport.com/en-US/retailer/heinemann",
        "price": "\u20ac74.99",
        "price_per_quantity": "\u20ac249.97 / 100  ml",
        "description": "Fluid skincare foundation for an ultra-natural complexion and hydrated, energised skin. Undetectable yet impeccable. \"Hydro-Booster\"  complex (cocktail of hydrating key ingredients: Hyaluronic Acid, Konjac glucomannan Microspheres): maintains skin hydration for plump, springy skin\"Aqua-Lock\" complex (cocktail of water captor key ingredients: Aquatic Mint extract, Plant-based sugar): provides  freshness and immediate hydration\"Vita-Light\" complex (Kiwi + Acerola extracts): boosts complexion radiance and enhances the energy and vitality of the skinFluid skincare foundation for an ultra-natural complexion and hydrated, energised skin. Undetectable yet impeccable. \"Hydro-Booster\"  complex (cocktail of hydrating key ingredients: Hyaluronic Acid, Konjac glucomannan Microspheres): maintains skin hydration for plump, springy skin\"Aqua-Lock\" complex (cocktail of water captor key ingredients: Aquatic Mint extract, Plant-based sugar): provides  freshness and immediate hydration\"Vita-Light\" complex (Kiwi + Acerola extracts): boosts complexion radiance and enhances the energy and vitality of the skin",
        "additional_information": "{\n    \"Order Amount\": \"30 ml\",\n    \"made in\": \"France\",\n    \"Warning Hints\": \"Avoid eye contact. Keep away from direct heat and sunlight.\",\n    \"Item Number\": \"1496259\",\n    \"Manufacturer Color\": \"Petal\",\n    \"Product Series\": \"Phyto Teint Nude\",\n    \"Net Weight\": \"0.03 kg\",\n    \"Package Height\": \"8.82 cm\",\n    \"Package Length\": \"4.44 cm\",\n    \"Package Width\": \"2.24 cm\"\n}"
    },
    {
        "product_name": "Sisley Phyto-Rouge Velvet Lipstick N 12 Beige Crush",
        "brand_name": "Sisley",
        "brand_url": "https://shop.frankfurt-airport.com/en-US/brand/sisley",
        "retailer_name": "Frankfurt Duty Free",
        "retailer_url": "https://shop.frankfurt-airport.com/en-US/retailer/heinemann",
        "price": "\u20ac47.99",
        "price_per_quantity": "\u20ac1,599.67 / 100  g",
        "description": "An immediate high-intensity matte finish as soft and luminous as velvet. Day after day, more supple, smoother and plumper lips, even  when bare. Hydrobooster Complex (Hyaluronic Acid and Konjac Glucomannan microspheres): immediately saturates skin with moisture. Plumping and smoothing effect.Naturally-derived filler ingredient (Padina pavonica extract):Antioxidant (Vitamin E Acetate): helps to protects lips from oxidative stress Vegetal oil: preserves lip hydration and forms a protective filmAn immediate high-intensity matte finish as soft and luminous as velvet. Day after day, more supple, smoother and plumper lips, even  when bare. Hydrobooster Complex (Hyaluronic Acid and Konjac Glucomannan microspheres): immediately saturates skin with moisture. Plumping and smoothing effect.Naturally-derived filler ingredient (Padina pavonica extract):Antioxidant (Vitamin E Acetate): helps to protects lips from oxidative stress Vegetal oil: preserves lip hydration and forms a protective film",
        "additional_information": "{\n    \"Order Amount\": \"3 g\",\n    \"made in\": \"Italy\",\n    \"Warning Hints\": \"Avoid eye contact. Keep away from direct heat and sunlight.\",\n    \"Item Number\": \"1680833\",\n    \"Manufacturer Color\": \"No. 12 - Beige Crush\",\n    \"Product Series\": \"Phyto-Rouge Velvet\",\n    \"Net Weight\": \"0.003 kg\",\n    \"Package Height\": \"8 cm\",\n    \"Package Length\": \"2.8 cm\",\n    \"Package Width\": \"2.9 cm\"\n}"
    },
    {
        "product_name": "Sisley Phyto-Hydra Teint Foundation SPF 15 N 1 Light 40 ml",
        "brand_name": "Sisley",
        "brand_url": "https://shop.frankfurt-airport.com/en-US/brand/sisley",
        "retailer_name": "Frankfurt Duty Free",
        "retailer_url": "https://shop.frankfurt-airport.com/en-US/retailer/heinemann",
        "price": "\u20ac92.99",
        "price_per_quantity": "\u20ac232.48 / 100  ml",
        "description": "The ideal combination of skincare and make-up for a radiant healthy glow. White Lily extract: moisturises and brings comfort to the skinA fruity cocktail of plant-based extracts (Golden Apple Tree, Grapefruit and Kiwi): visibly improves the quality of the skin (astringent and smoothing effect) and energizes itBuckwheat seed extract: helps the skin to better resist environmental damage, pollution and fine particlesVitamin E acetate: anti-free radical propertiesThe ideal combination of skincare and make-up for a radiant healthy glow. White Lily extract: moisturises and brings comfort to the skinA fruity cocktail of plant-based extracts (Golden Apple Tree, Grapefruit and Kiwi): visibly improves the quality of the skin (astringent and smoothing effect) and energizes itBuckwheat seed extract: helps the skin to better resist environmental damage, pollution and fine particlesVitamin E acetate: anti-free radical properties",
        "additional_information": "{\n    \"Order Amount\": \"40 ml\",\n    \"made in\": \"France\",\n    \"Warning Hints\": \"Avoid eye contact. Keep away from direct heat and sunlight.\",\n    \"Item Number\": \"1436338\",\n    \"Manufacturer Color\": \"No. 1 - Light\",\n    \"Product Series\": \"Phyto-Hydra Teint\",\n    \"Net Weight\": \"0.04 kg\",\n    \"Package Height\": \"14.1 cm\",\n    \"Package Length\": \"3.1 cm\",\n    \"Package Width\": \"3.1 cm\"\n}"
    },
    {
        "product_name": "Sisley Phyto-Rouge Velvet Lipstick N 30 Orange Spice",
        "brand_name": "Sisley",
        "brand_url": "https://shop.frankfurt-airport.com/en-US/brand/sisley",
        "retailer_name": "Frankfurt Duty Free",
        "retailer_url": "https://shop.frankfurt-airport.com/en-US/retailer/heinemann",
        "price": "\u20ac47.99",
        "price_per_quantity": "\u20ac1,599.67 / 100  g",
        "description": "An immediate high-intensity matte finish as soft and luminous as velvet. Day after day, more supple, smoother and plumper lips, even  when bare. Hydrobooster Complex (Hyaluronic Acid and Konjac Glucomannan microspheres): immediately saturates skin with moisture. Plumping and smoothing effect.Naturally-derived filler ingredient (Padina pavonica extract):Antioxidant (Vitamin E Acetate): helps to protects lips from oxidative stress Vegetal oil: preserves lip hydration and forms a protective filmAn immediate high-intensity matte finish as soft and luminous as velvet. Day after day, more supple, smoother and plumper lips, even  when bare. Hydrobooster Complex (Hyaluronic Acid and Konjac Glucomannan microspheres): immediately saturates skin with moisture. Plumping and smoothing effect.Naturally-derived filler ingredient (Padina pavonica extract):Antioxidant (Vitamin E Acetate): helps to protects lips from oxidative stress Vegetal oil: preserves lip hydration and forms a protective film",
        "additional_information": "{\n    \"Order Amount\": \"3 g\",\n    \"made in\": \"Italy\",\n    \"Warning Hints\": \"Avoid eye contact. Keep away from direct heat and sunlight.\",\n    \"Item Number\": \"1680832\",\n    \"Manufacturer Color\": \"No. 30 - Orange Spice\",\n    \"Product Series\": \"Phyto-Rouge Velvet\",\n    \"Net Weight\": \"0.003 kg\",\n    \"Package Height\": \"8 cm\",\n    \"Package Length\": \"2.8 cm\",\n    \"Package Width\": \"2.9 cm\"\n}"
    },
    {
        "product_name": "Sisley Phyto-Rouge Velvet Lipstick N 20 Rose Sweet",
        "brand_name": "Sisley",
        "brand_url": "https://shop.frankfurt-airport.com/en-US/brand/sisley",
        "retailer_name": "Frankfurt Duty Free",
        "retailer_url": "https://shop.frankfurt-airport.com/en-US/retailer/heinemann",
        "price": "\u20ac47.99",
        "price_per_quantity": "\u20ac1,599.67 / 100  g",
        "description": "An immediate high-intensity matte finish as soft and luminous as velvet. Day after day, more supple, smoother and plumper lips, even  when bare. Hydrobooster Complex (Hyaluronic Acid and Konjac Glucomannan microspheres): immediately saturates skin with moisture. Plumping and smoothing effect.Naturally-derived filler ingredient (Padina pavonica extract):Antioxidant (Vitamin E Acetate): helps to protects lips from oxidative stress Vegetal oil: preserves lip hydration and forms a protective filmAn immediate high-intensity matte finish as soft and luminous as velvet. Day after day, more supple, smoother and plumper lips, even  when bare. Hydrobooster Complex (Hyaluronic Acid and Konjac Glucomannan microspheres): immediately saturates skin with moisture. Plumping and smoothing effect.Naturally-derived filler ingredient (Padina pavonica extract):Antioxidant (Vitamin E Acetate): helps to protects lips from oxidative stress Vegetal oil: preserves lip hydration and forms a protective film",
        "additional_information": "{\n    \"Order Amount\": \"3 g\",\n    \"made in\": \"Italy\",\n    \"Warning Hints\": \"Avoid eye contact. Keep away from direct heat and sunlight.\",\n    \"Item Number\": \"1680834\",\n    \"Manufacturer Color\": \"No. 20 - Rose Sweet\",\n    \"Product Series\": \"Phyto-Rouge Velvet\",\n    \"Net Weight\": \"0.003 kg\",\n    \"Package Height\": \"8 cm\",\n    \"Package Length\": \"2.8 cm\",\n    \"Package Width\": \"2.9 cm\"\n}"
    },
    {
        "product_name": "Sisley Phyto-Rouge Velvet Lipstick N 11 Beige Bloom",
        "brand_name": "Sisley",
        "brand_url": "https://shop.frankfurt-airport.com/en-US/brand/sisley",
        "retailer_name": "Frankfurt Duty Free",
        "retailer_url": "https://shop.frankfurt-airport.com/en-US/retailer/heinemann",
        "price": "\u20ac47.99",
        "price_per_quantity": "\u20ac1,599.67 / 100  g",
        "description": "An immediate high-intensity matte finish as soft and luminous as velvet. Day after day, more supple, smoother and plumper lips, even  when bare. Hydrobooster Complex (Hyaluronic Acid and Konjac Glucomannan microspheres): immediately saturates skin with moisture. Plumping and smoothing effect.Naturally-derived filler ingredient (Padina pavonica extract):Antioxidant (Vitamin E Acetate): helps to protects lips from oxidative stress Vegetal oil: preserves lip hydration and forms a protective filmAn immediate high-intensity matte finish as soft and luminous as velvet. Day after day, more supple, smoother and plumper lips, even  when bare. Hydrobooster Complex (Hyaluronic Acid and Konjac Glucomannan microspheres): immediately saturates skin with moisture. Plumping and smoothing effect.Naturally-derived filler ingredient (Padina pavonica extract):Antioxidant (Vitamin E Acetate): helps to protects lips from oxidative stress Vegetal oil: preserves lip hydration and forms a protective film",
        "additional_information": "{\n    \"Order Amount\": \"3 g\",\n    \"made in\": \"Italy\",\n    \"Warning Hints\": \"Avoid eye contact. Keep away from direct heat and sunlight.\",\n    \"Item Number\": \"1680836\",\n    \"Manufacturer Color\": \"No. 11 - Beige Bloom\",\n    \"Product Series\": \"Phyto-Rouge Velvet\",\n    \"Net Weight\": \"0.003 kg\",\n    \"Package Height\": \"2.75 cm\",\n    \"Package Length\": \"7.8 cm\",\n    \"Package Width\": \"2.75 cm\"\n}"
    },
    {
        "product_name": "Sisley Les Eaux Rves DAlma Eau de Toilette 50 ml",
        "brand_name": "Sisley",
        "brand_url": "https://shop.frankfurt-airport.com/en-US/brand/sisley",
        "retailer_name": "Frankfurt Duty Free",
        "retailer_url": "https://shop.frankfurt-airport.com/en-US/retailer/heinemann",
        "price": "\u20ac92.99",
        "price_per_quantity": "\u20ac185.98 / 100  ml",
        "description": "Fresh jasmine, full of sunshine: the vivacity of a white flower blended with intense spices. Top notes: Bergamot, Black pepper, Pink berriesMiddle notes: Jasmine, Rose, Green TeaBase notes: Musk, Oakmoss, PatchouliFresh jasmine, full of sunshine: the vivacity of a white flower blended with intense spices. Top notes: Bergamot, Black pepper, Pink berriesMiddle notes: Jasmine, Rose, Green TeaBase notes: Musk, Oakmoss, Patchouli",
        "additional_information": "{\n    \"Order Amount\": \"50 ml\",\n    \"Target Gender\": \"Female\",\n    \"made in\": \"France\",\n    \"Type of Fragrance\": \"Eau De Toilette\",\n    \"Warning Hints\": \"Avoid eye contact. Keep away from direct heat and sunlight.\",\n    \"Item Number\": \"1560079\",\n    \"Product Series\": \"Les Eaux R\\u00eav\\u00e9es\",\n    \"Net Weight\": \"0.05 kg\",\n    \"Package Height\": \"15.8 cm\",\n    \"Package Length\": \"5 cm\",\n    \"Package Width\": \"4.7 cm\"\n}"
    },
    {
        "product_name": "Sisley Le Phyto-Rouge Lipstick N 200 Rose Zanzibar",
        "brand_name": "Sisley",
        "brand_url": "https://shop.frankfurt-airport.com/en-US/brand/sisley",
        "retailer_name": "Frankfurt Duty Free",
        "retailer_url": "https://shop.frankfurt-airport.com/en-US/retailer/heinemann",
        "price": "\u20ac46.99",
        "price_per_quantity": "\u20ac1,382.06 / 100  g",
        "description": "The intensity of a lipstick combined with a balm-like sensation in an exceptional skincare formula. Capacity: 3.4 gHydrobooster complex (microspheres of Hyaluronic Acid and Konjac Glucomannans): hydrating, smoothing, plumping effectPadina pavonica extract: moisturises, plumpsCamellia oil: nourishes, provides softness, suppleness and elasticityJojoba oil: provides softness and comfortThe intensity of a lipstick combined with a balm-like sensation in an exceptional skincare formula. Capacity: 3.4 gHydrobooster complex (microspheres of Hyaluronic Acid and Konjac Glucomannans): hydrating, smoothing, plumping effectPadina pavonica extract: moisturises, plumpsCamellia oil: nourishes, provides softness, suppleness and elasticityJojoba oil: provides softness and comfort",
        "additional_information": "{\n    \"Order Amount\": \"3.4 g\",\n    \"made in\": \"Italy\",\n    \"Warning Hints\": \"Avoid eye contact. Keep away from direct heat and sunlight.\",\n    \"Item Number\": \"1560148\",\n    \"Manufacturer Color\": \"No. 200 - Rose Zanzibar\",\n    \"Product Series\": \"Le Phyto-Rouge\",\n    \"Net Weight\": \"0.003 kg\",\n    \"Package Height\": \"7.6 cm\",\n    \"Package Length\": \"3 cm\",\n    \"Package Width\": \"3 cm\"\n}"
    },
    {
        "product_name": "Sisley Les Eaux Rves DHubert Eau de Toilette 50 ml",
        "brand_name": "Sisley",
        "brand_url": "https://shop.frankfurt-airport.com/en-US/brand/sisley",
        "retailer_name": "Frankfurt Duty Free",
        "retailer_url": "https://shop.frankfurt-airport.com/en-US/retailer/heinemann",
        "price": "\u20ac92.99",
        "price_per_quantity": "\u20ac185.98 / 100  ml",
        "description": "Fresh jasmine, full of sunshine: the vivacity of a white flower blended with intense spices. Top notes: Bergamot, Black pepper, Pink berriesMiddle notes: Jasmine, Rose, Green TeaBase notes: Musk, Oakmoss, PatchouliFresh jasmine, full of sunshine: the vivacity of a white flower blended with intense spices. Top notes: Bergamot, Black pepper, Pink berriesMiddle notes: Jasmine, Rose, Green TeaBase notes: Musk, Oakmoss, Patchouli",
        "additional_information": "{\n    \"Order Amount\": \"50 ml\",\n    \"Target Gender\": \"Male\",\n    \"made in\": \"France\",\n    \"Type of Fragrance\": \"Eau De Toilette\",\n    \"Warning Hints\": \"Avoid eye contact. Keep away from direct heat and sunlight.\",\n    \"Item Number\": \"1560122\",\n    \"Product Series\": \"Les Eaux R\\u00eav\\u00e9es\",\n    \"Net Weight\": \"0.05 kg\",\n    \"Package Height\": \"15.8 cm\",\n    \"Package Length\": \"4.8 cm\",\n    \"Package Width\": \"4.8 cm\"\n}"
    },
    {
        "product_name": "Sisley Le Phyto-Rouge Lipstick N 16 Beige Beijing",
        "brand_name": "Sisley",
        "brand_url": "https://shop.frankfurt-airport.com/en-US/brand/sisley",
        "retailer_name": "Frankfurt Duty Free",
        "retailer_url": "https://shop.frankfurt-airport.com/en-US/retailer/heinemann",
        "price": "\u20ac46.99",
        "price_per_quantity": "\u20ac1,382.06 / 100  g",
        "description": "The intensity of a lipstick combined with a balm-like sensation in an exceptional skincare formula. Capacity: 3.4 gHydrobooster complex (microspheres of Hyaluronic Acid and Konjac Glucomannans): hydrating, smoothing, plumping effectPadina pavonica extract: moisturises, plumpsCamellia oil: nourishes, provides softness, suppleness and elasticityJojoba oil: provides softness and comfortThe intensity of a lipstick combined with a balm-like sensation in an exceptional skincare formula. Capacity: 3.4 gHydrobooster complex (microspheres of Hyaluronic Acid and Konjac Glucomannans): hydrating, smoothing, plumping effectPadina pavonica extract: moisturises, plumpsCamellia oil: nourishes, provides softness, suppleness and elasticityJojoba oil: provides softness and comfort",
        "additional_information": "{\n    \"Order Amount\": \"3.4 g\",\n    \"made in\": \"Italy\",\n    \"Warning Hints\": \"Avoid eye contact. Keep away from direct heat and sunlight.\",\n    \"Item Number\": \"1560147\",\n    \"Manufacturer Color\": \"No. 16 - Beige Beijing\",\n    \"Product Series\": \"Le Phyto-Rouge\",\n    \"Net Weight\": \"0.003 kg\",\n    \"Package Height\": \"7.6 cm\",\n    \"Package Length\": \"3 cm\",\n    \"Package Width\": \"3 cm\"\n}"
    },
    {
        "product_name": "Sisley Les Eaux Rves Disa Eau de Toilette 50 ml",
        "brand_name": "Sisley",
        "brand_url": "https://shop.frankfurt-airport.com/en-US/brand/sisley",
        "retailer_name": "Frankfurt Duty Free",
        "retailer_url": "https://shop.frankfurt-airport.com/en-US/retailer/heinemann",
        "price": "\u20ac92.99",
        "price_per_quantity": "\u20ac185.98 / 100  ml",
        "description": "Fresh jasmine, full of sunshine: the vivacity of a white flower blended with intense spices. Top notes: Bergamot, Black pepper, Pink berriesMiddle notes: Jasmine, Rose, Green TeaBase notes: Musk, Oakmoss, PatchouliFresh jasmine, full of sunshine: the vivacity of a white flower blended with intense spices. Top notes: Bergamot, Black pepper, Pink berriesMiddle notes: Jasmine, Rose, Green TeaBase notes: Musk, Oakmoss, Patchouli",
        "additional_information": "{\n    \"Order Amount\": \"50 ml\",\n    \"Target Gender\": \"Female\",\n    \"made in\": \"France\",\n    \"Type of Fragrance\": \"Eau De Toilette\",\n    \"Warning Hints\": \"Avoid eye contact. Keep away from direct heat and sunlight.\",\n    \"Item Number\": \"1560078\",\n    \"Product Series\": \"Les Eaux R\\u00eav\\u00e9es\",\n    \"Net Weight\": \"0.05 kg\",\n    \"Package Height\": \"15.8 cm\",\n    \"Package Length\": \"4.8 cm\",\n    \"Package Width\": \"4.7 cm\"\n}"
    },
    {
        "product_name": "Sisley Sislea Le Teint Foundation Nr. 2N IVORY 30 ml",
        "brand_name": "Sisley",
        "brand_url": "https://shop.frankfurt-airport.com/en-US/brand/sisley",
        "retailer_name": "Frankfurt Duty Free",
        "retailer_url": "https://shop.frankfurt-airport.com/en-US/retailer/heinemann",
        "price": "\u20ac139.99",
        "price_per_quantity": "\u20ac466.63 / 100  ml",
        "description": "A foundation with the best of Sisley make-up and Skincare. Capacity: 30 mlPersian Acacia extract: cellular energyChlorella extract: revitalizesRed Vine extract: tonesSoy peptide extract: combats loss of firmnessAdenosine: anti-wrinkle propertiesWhite Willow extract: antioxidant*, anti-collagenase* and anti-elastase* propertiesVitamin E Acetate: anti-free radical propertiesCherry Blossom extract: moisturisesPlant based sugar: promotes the retention of water in the stratum corneumA foundation with the best of Sisley make-up and Skincare. Capacity: 30 mlPersian Acacia extract: cellular energyChlorella extract: revitalizesRed Vine extract: tonesSoy peptide extract: combats loss of firmnessAdenosine: anti-wrinkle propertiesWhite Willow extract: antioxidant*, anti-collagenase* and anti-elastase* propertiesVitamin E Acetate: anti-free radical propertiesCherry Blossom extract: moisturisesPlant based sugar: promotes the retention of water in the stratum corneum",
        "additional_information": "{\n    \"Order Amount\": \"30 ml\",\n    \"made in\": \"France\",\n    \"Warning Hints\": \"Avoid eye contact. Keep away from direct heat and sunlight.\",\n    \"Item Number\": \"1535192\",\n    \"Manufacturer Color\": \"Ivory\",\n    \"Product Series\": \"Sisleya Le Teint\",\n    \"Net Weight\": \"0.03 kg\",\n    \"Package Height\": \"13.5 cm\",\n    \"Package Length\": \"4 cm\",\n    \"Package Width\": \"4 cm\"\n}"
    },
    {
        "product_name": "Sisley Phyto-Rouge Shine Lipstick N 32 Sheer Ginger",
        "brand_name": "Sisley",
        "brand_url": "https://shop.frankfurt-airport.com/en-US/brand/sisley",
        "retailer_name": "Frankfurt Duty Free",
        "retailer_url": "https://shop.frankfurt-airport.com/en-US/retailer/heinemann",
        "price": "\u20ac44.99",
        "price_per_quantity": "\u20ac1,499.67 / 100  g",
        "description": "The colour of a lipstick. The shine of a gloss. The comfort of a balm. Capacity: 3 gHydrobooster complex (Hyaluronic Acid and Konjac  Glucomannan microspheres): immediately saturates skin with moisture and lastingly maintains hydration, an immediate plumping and smoothing effectPadina pavonica extract: hydrates, plumpsMoringa oil: nourishes, provides softness and supplenessJojoba oil: provides softness and comfortVitamin E acetate: protects lips from oxidative stressThe colour of a lipstick. The shine of a gloss. The comfort of a balm. Capacity: 3 gHydrobooster complex (Hyaluronic Acid and Konjac  Glucomannan microspheres): immediately saturates skin with moisture and lastingly maintains hydration, an immediate plumping and smoothing effectPadina pavonica extract: hydrates, plumpsMoringa oil: nourishes, provides softness and supplenessJojoba oil: provides softness and comfortVitamin E acetate: protects lips from oxidative stress",
        "additional_information": "{\n    \"Order Amount\": \"3 g\",\n    \"made in\": \"Italy\",\n    \"Warning Hints\": \"Avoid eye contact. Keep away from direct heat and sunlight.\",\n    \"Item Number\": \"1560153\",\n    \"Manufacturer Color\": \"No. 32 - Sheer Ginger\",\n    \"Product Series\": \"Phyto-Rouge Shine\",\n    \"Net Weight\": \"0.003 kg\",\n    \"Package Height\": \"8.7 cm\",\n    \"Package Length\": \"2.4 cm\",\n    \"Package Width\": \"2.4 cm\"\n}"
    },
    {
        "product_name": "Sisley Phyto-Lip Gloss Lip Gloss N 010 Star",
        "brand_name": "Sisley",
        "brand_url": "https://shop.frankfurt-airport.com/en-US/brand/sisley",
        "retailer_name": "Frankfurt Duty Free",
        "retailer_url": "https://shop.frankfurt-airport.com/en-US/retailer/heinemann",
        "price": "\u20ac49.99",
        "price_per_quantity": "\u20ac833.17 / 100  ml",
        "description": "The combination of a new shine and an ultra-sensory caring formula for plumped and smoothed lips. Capacity: 6.5 ml Hydrobooster complex (composed of Hyaluronic Acid and Konjac Glucomannans): immediately infuses skin with water and maintains hydration, plumps and smoothesMacadamia oil: softens, smoothes and provides comfortShea oil: nourishes, repairsVitamin E acetate: protects the lips from oxidative stressThe combination of a new shine and an ultra-sensory caring formula for plumped and smoothed lips. Capacity: 6.5 ml Hydrobooster complex (composed of Hyaluronic Acid and Konjac Glucomannans): immediately infuses skin with water and maintains hydration, plumps and smoothesMacadamia oil: softens, smoothes and provides comfortShea oil: nourishes, repairsVitamin E acetate: protects the lips from oxidative stress",
        "additional_information": "{\n    \"Order Amount\": \"6 ml\",\n    \"made in\": \"France\",\n    \"Warning Hints\": \"Avoid eye contact. Keep away from direct heat and sunlight.\",\n    \"Item Number\": \"1450045\",\n    \"Manufacturer Color\": \"No. 010 - Star\",\n    \"Product Series\": \"Le Phyto-Gloss\",\n    \"Net Weight\": \"0.006 kg\",\n    \"Package Height\": \"8.1 cm\",\n    \"Package Length\": \"2.3 cm\",\n    \"Package Width\": \"2.3 cm\"\n}"
    },
    {
        "product_name": "Sisley Phyto-Lip Gloss Lip Gloss N 03 Sunrise",
        "brand_name": "Sisley",
        "brand_url": "https://shop.frankfurt-airport.com/en-US/brand/sisley",
        "retailer_name": "Frankfurt Duty Free",
        "retailer_url": "https://shop.frankfurt-airport.com/en-US/retailer/heinemann",
        "price": "\u20ac49.99",
        "price_per_quantity": "\u20ac714.14 / 100  ml",
        "description": "The combination of a new shine and an ultra-sensory caring formula for plumped and smoothed lips. Capacity: 6.5 ml Hydrobooster complex (composed of Hyaluronic Acid and Konjac Glucomannans): immediately infuses skin with water and maintains hydration, plumps and smoothesMacadamia oil: softens, smoothes and provides comfortShea oil: nourishes, repairsVitamin E acetate: protects the lips from oxidative stressThe combination of a new shine and an ultra-sensory caring formula for plumped and smoothed lips. Capacity: 6.5 ml Hydrobooster complex (composed of Hyaluronic Acid and Konjac Glucomannans): immediately infuses skin with water and maintains hydration, plumps and smoothesMacadamia oil: softens, smoothes and provides comfortShea oil: nourishes, repairsVitamin E acetate: protects the lips from oxidative stress",
        "additional_information": "{\n    \"Order Amount\": \"7 ml\",\n    \"made in\": \"France\",\n    \"Warning Hints\": \"Avoid eye contact. Keep away from direct heat and sunlight.\",\n    \"Item Number\": \"1450052\",\n    \"Manufacturer Color\": \"No. 03 - Sunrise\",\n    \"Product Series\": \"Le Phyto-Gloss\",\n    \"Net Weight\": \"0.006 kg\",\n    \"Package Height\": \"8.1 cm\",\n    \"Package Length\": \"2.3 cm\",\n    \"Package Width\": \"2.3 cm\"\n}"
    },
    {
        "product_name": "Sisley Les Eaux Rves DIkar Eau de Toilette 50 ml",
        "brand_name": "Sisley",
        "brand_url": "https://shop.frankfurt-airport.com/en-US/brand/sisley",
        "retailer_name": "Frankfurt Duty Free",
        "retailer_url": "https://shop.frankfurt-airport.com/en-US/retailer/heinemann",
        "price": "\u20ac92.99",
        "price_per_quantity": "\u20ac185.98 / 100  ml",
        "description": "Fresh jasmine, full of sunshine: the vivacity of a white flower blended with intense spices. Top notes: Bergamot, Black pepper, Pink berriesMiddle notes: Jasmine, Rose, Green TeaBase notes: Musk, Oakmoss, PatchouliFresh jasmine, full of sunshine: the vivacity of a white flower blended with intense spices. Top notes: Bergamot, Black pepper, Pink berriesMiddle notes: Jasmine, Rose, Green TeaBase notes: Musk, Oakmoss, Patchouli",
        "additional_information": "{\n    \"Order Amount\": \"50 ml\",\n    \"Target Gender\": \"Male\",\n    \"made in\": \"France\",\n    \"Type of Fragrance\": \"Eau De Toilette\",\n    \"Warning Hints\": \"Avoid eye contact. Keep away from direct heat and sunlight.\",\n    \"Item Number\": \"1560123\",\n    \"Product Series\": \"Les Eaux R\\u00eav\\u00e9es\",\n    \"Net Weight\": \"0.05 kg\",\n    \"Package Height\": \"15.8 cm\",\n    \"Package Length\": \"4 cm\",\n    \"Package Width\": \"4.8 cm\"\n}"
    },
    {
        "product_name": "Sisley Phyto-Rouge Shine Lipstick N 24 Sheer Peony",
        "brand_name": "Sisley",
        "brand_url": "https://shop.frankfurt-airport.com/en-US/brand/sisley",
        "retailer_name": "Frankfurt Duty Free",
        "retailer_url": "https://shop.frankfurt-airport.com/en-US/retailer/heinemann",
        "price": "\u20ac44.99",
        "price_per_quantity": "\u20ac1,499.67 / 100  g",
        "description": "The colour of a lipstick. The shine of a gloss. The comfort of a balm. Capacity: 3 gHydrobooster complex (Hyaluronic Acid and Konjac  Glucomannan microspheres): immediately saturates skin with moisture and lastingly maintains hydration, an immediate plumping and smoothing effectPadina pavonica extract: hydrates, plumpsMoringa oil: nourishes, provides softness and supplenessJojoba oil: provides softness and comfortVitamin E acetate: protects lips from oxidative stressThe colour of a lipstick. The shine of a gloss. The comfort of a balm. Capacity: 3 gHydrobooster complex (Hyaluronic Acid and Konjac  Glucomannan microspheres): immediately saturates skin with moisture and lastingly maintains hydration, an immediate plumping and smoothing effectPadina pavonica extract: hydrates, plumpsMoringa oil: nourishes, provides softness and supplenessJojoba oil: provides softness and comfortVitamin E acetate: protects lips from oxidative stress",
        "additional_information": "{\n    \"Order Amount\": \"3 g\",\n    \"made in\": \"Italy\",\n    \"Warning Hints\": \"Avoid eye contact. Keep away from direct heat and sunlight.\",\n    \"Item Number\": \"1560154\",\n    \"Manufacturer Color\": \"No. 24 - Sheer Peony\",\n    \"Product Series\": \"Phyto-Rouge Shine\",\n    \"Net Weight\": \"0.003 kg\",\n    \"Package Height\": \"8.6 cm\",\n    \"Package Length\": \"2.32 cm\",\n    \"Package Width\": \"2.3 cm\"\n}"
    },
    {
        "product_name": "Sisley Phyto-Lip Gloss Lip Gloss N 01 Moon",
        "brand_name": "Sisley",
        "brand_url": "https://shop.frankfurt-airport.com/en-US/brand/sisley",
        "retailer_name": "Frankfurt Duty Free",
        "retailer_url": "https://shop.frankfurt-airport.com/en-US/retailer/heinemann",
        "price": "\u20ac49.99",
        "price_per_quantity": "\u20ac833.17 / 100  ml",
        "description": "The combination of a new shine and an ultra-sensory caring formula for plumped and smoothed lips. Capacity: 6.5 ml Hydrobooster complex (composed of Hyaluronic Acid and Konjac Glucomannans): immediately infuses skin with water and maintains hydration, plumps and smoothesMacadamia oil: softens, smoothes and provides comfortShea oil: nourishes, repairsVitamin E acetate: protects the lips from oxidative stressThe combination of a new shine and an ultra-sensory caring formula for plumped and smoothed lips. Capacity: 6.5 ml Hydrobooster complex (composed of Hyaluronic Acid and Konjac Glucomannans): immediately infuses skin with water and maintains hydration, plumps and smoothesMacadamia oil: softens, smoothes and provides comfortShea oil: nourishes, repairsVitamin E acetate: protects the lips from oxidative stress",
        "additional_information": "{\n    \"Order Amount\": \"6 ml\",\n    \"made in\": \"France\",\n    \"Warning Hints\": \"Avoid eye contact. Keep away from direct heat and sunlight.\",\n    \"Item Number\": \"1450054\",\n    \"Manufacturer Color\": \"No. 01 - Moon\",\n    \"Product Series\": \"Le Phyto-Gloss\",\n    \"Net Weight\": \"0.006 kg\",\n    \"Package Height\": \"8.1 cm\",\n    \"Package Length\": \"2.3 cm\",\n    \"Package Width\": \"2.3 cm\"\n}"
    },
    {
        "product_name": "Sisley Phyto Noir Mascara Deep Black",
        "brand_name": "Sisley",
        "brand_url": "https://shop.frankfurt-airport.com/en-US/brand/sisley",
        "retailer_name": "Frankfurt Duty Free",
        "retailer_url": "https://shop.frankfurt-airport.com/en-US/retailer/heinemann",
        "price": "\u20ac59.99",
        "price_per_quantity": "\u20ac749.88 / 100  ml",
        "description": "Immediately 15x more volume* and thicker lashes day after day, even without make-up. The core formula contains a complex of key ingredients, with Vitamin Peptide and Resurrection Plant, to help:Revitalize and thicken lashes, even when left bare without make-upStrengthen lashes and limit their loss during make-up removalImmediately 15x more volume* and thicker lashes day after day, even without make-up. The core formula contains a complex of key ingredients, with Vitamin Peptide and Resurrection Plant, to help:Revitalize and thicken lashes, even when left bare without make-upStrengthen lashes and limit their loss during make-up removal",
        "additional_information": "{\n    \"Order Amount\": \"8 ml\",\n    \"made in\": \"Italy\",\n    \"Warning Hints\": \"Avoid eye contact. Keep away from direct heat and sunlight.\",\n    \"Item Number\": \"1656410\",\n    \"Manufacturer Color\": \"No. 361 - Deep Black\",\n    \"Product Series\": \"Phyto Noir\",\n    \"Net Weight\": \"0.008 kg\",\n    \"Package Height\": \"13.2 cm\",\n    \"Package Length\": \"2.2 cm\",\n    \"Package Width\": \"3.1 cm\"\n}"
    },
    {
        "product_name": "Sisley Exfoliating Enzyme Mask 40 g",
        "brand_name": "Sisley",
        "brand_url": "https://shop.frankfurt-airport.com/en-US/brand/sisley",
        "retailer_name": "Frankfurt Duty Free",
        "retailer_url": "https://shop.frankfurt-airport.com/en-US/retailer/heinemann",
        "price": "\u20ac109.99",
        "price_per_quantity": "\u20ac274.98 / 100  g",
        "description": "A preparatory exfoliating mask to unify and illuminate the complexion in 1 minute Papain: gently exfoliates the skin.Cleansing powder of plant origin (Wisteria and Coconut derivative): cleanses and purifies.Vitamin B3: promotes evenness and luminosity of the complexion.Duo of Lavender and Marjoram essential Oils : offers a natural comforting fragrance.A preparatory exfoliating mask to unify and illuminate the complexion in 1 minute Papain: gently exfoliates the skin.Cleansing powder of plant origin (Wisteria and Coconut derivative): cleanses and purifies.Vitamin B3: promotes evenness and luminosity of the complexion.Duo of Lavender and Marjoram essential Oils : offers a natural comforting fragrance.",
        "additional_information": "{\n    \"Order Amount\": \"40 g\",\n    \"Warning Hints\": \"Avoid eye contact. Keep away from direct heat and sunlight.\",\n    \"Item Number\": \"1535058\",\n    \"Product Series\": \"Exfoliating Mask\",\n    \"Net Weight\": \"0.04 kg\",\n    \"Package Height\": \"14.4 cm\",\n    \"Package Length\": \"4.4 cm\",\n    \"Package Width\": \"4.3 cm\"\n}"
    },
    {
        "product_name": "Sisley Phyto-Teint Ultra Eclat Fluid Foundation Nr. 1C PETAL 30 ml",
        "brand_name": "Sisley",
        "brand_url": "https://shop.frankfurt-airport.com/en-US/brand/sisley",
        "retailer_name": "Frankfurt Duty Free",
        "retailer_url": "https://shop.frankfurt-airport.com/en-US/retailer/heinemann",
        "price": "\u20ac79.99",
        "price_per_quantity": "\u20ac266.63 / 100  ml",
        "description": "Fluid foundation for a long-lasting, even, natural, and radiant complexion. Size: 30 mlAlkekengi calyx extract: smoothes, contributes to the proper hydration of the skin and protects it from environmental damageLemon extract: unifies and lightens the complexionIris extract: moisturises and smoothes the skin textureA mineral Complex \u2013 Copper, Zinc, Magnesium \u2013 acts like a real \"breath of fresh air\"*** for more luminous skin, day after dayBuckwheat seed extract: preserves the complexion's radiance by acting like an anti-pollution shield and protecting the skin from environmental damageMallow extract: possesses moisturizing and softening propertiesGardenia flower extract: moisturizing, softening and emollient properties***In vitro test on the ingredientFluid foundation for a long-lasting, even, natural, and radiant complexion. Size: 30 mlAlkekengi calyx extract: smoothes, contributes to the proper hydration of the skin and protects it from environmental damageLemon extract: unifies and lightens the complexionIris extract: moisturises and smoothes the skin textureA mineral Complex \u2013 Copper, Zinc, Magnesium \u2013 acts like a real \"breath of fresh air\"*** for more luminous skin, day after dayBuckwheat seed extract: preserves the complexion's radiance by acting like an anti-pollution shield and protecting the skin from environmental damageMallow extract: possesses moisturizing and softening propertiesGardenia flower extract: moisturizing, softening and emollient properties***In vitro test on the ingredient",
        "additional_information": "{\n    \"Order Amount\": \"30 ml\",\n    \"made in\": \"Italy\",\n    \"Warning Hints\": \"Avoid eye contact. Keep away from direct heat and sunlight.\",\n    \"Item Number\": \"1535189\",\n    \"Manufacturer Color\": \"Petal\",\n    \"Product Series\": \"Phyto-Teint Ultra Eclat\",\n    \"Net Weight\": \"0.03 kg\",\n    \"Package Height\": \"10.1 cm\",\n    \"Package Length\": \"5 cm\",\n    \"Package Width\": \"3.7 cm\"\n}"
    },
    {
        "product_name": "Sisley Black Rose Face Care Set",
        "brand_name": "Sisley",
        "brand_url": "https://shop.frankfurt-airport.com/en-US/brand/sisley",
        "retailer_name": "Frankfurt Duty Free",
        "retailer_url": "https://shop.frankfurt-airport.com/en-US/retailer/heinemann",
        "price": "\u20ac194.99",
        "price_per_quantity": "",
        "description": "Exquisitely addictive hydration for plump, radiant looking skin. This set includes a full size Black Rose Skin Infusion Cream (50 ml), a plumping, moisturizing skin care formula that restores skin\u2019s look of vitality and freshness, revealing the radiance of younger skin. This set also includes deluxe travel size gifts of: Black Rose Cream Mask (10 ml), a plumping and revitalizing \u201cInstant Youth\u201d leave-on mask specially formulated to rejuvenate the skin and restore its look of vitality. It softens signs of tiredness and aging. The complexion recovers a more luminous look. Black Rose Beautifying Emulsion (15ml), an ultra-hydrating and beautifying emulsion for the body that enhances skin's natural radiance and suppleness to evoke the look of youthfulness.Exquisitely addictive hydration for plump, radiant looking skin. This set includes a full size Black Rose Skin Infusion Cream (50 ml), a plumping, moisturizing skin care formula that restores skin\u2019s look of vitality and freshness, revealing the radiance of younger skin. This set also includes deluxe travel size gifts of: Black Rose Cream Mask (10 ml), a plumping and revitalizing \u201cInstant Youth\u201d leave-on mask specially formulated to rejuvenate the skin and restore its look of vitality. It softens signs of tiredness and aging. The complexion recovers a more luminous look. Black Rose Beautifying Emulsion (15ml), an ultra-hydrating and beautifying emulsion for the body that enhances skin's natural radiance and suppleness to evoke the look of youthfulness.",
        "additional_information": "{\n    \"Warning Hints\": \"Avoid eye contact. Keep away from direct heat and sunlight.\",\n    \"Item Number\": \"1567705\",\n    \"Product Series\": \"Black Rose\",\n    \"Net Weight\": \"0.075 kg\",\n    \"Package Height\": \"10 cm\",\n    \"Package Length\": \"10 cm\",\n    \"Package Width\": \"6.5 cm\"\n}"
    },
    {
        "product_name": "Sisley Phyto Teint Nude Fluid Foundation Nr. 1N IVORY 30 ml",
        "brand_name": "Sisley",
        "brand_url": "https://shop.frankfurt-airport.com/en-US/brand/sisley",
        "retailer_name": "Frankfurt Duty Free",
        "retailer_url": "https://shop.frankfurt-airport.com/en-US/retailer/heinemann",
        "price": "\u20ac74.99",
        "price_per_quantity": "\u20ac249.97 / 100  ml",
        "description": "Fluid skincare foundation for an ultra-natural complexion and hydrated, energised skin. Undetectable yet impeccable. \"Hydro-Booster\"  complex (cocktail of hydrating key ingredients: Hyaluronic Acid, Konjac glucomannan Microspheres): maintains skin hydration for plump, springy skin\"Aqua-Lock\" complex (cocktail of water captor key ingredients: Aquatic Mint extract, Plant-based sugar): provides  freshness and immediate hydration\"Vita-Light\" complex (Kiwi + Acerola extracts): boosts complexion radiance and enhances the energy and vitality of the skinFluid skincare foundation for an ultra-natural complexion and hydrated, energised skin. Undetectable yet impeccable. \"Hydro-Booster\"  complex (cocktail of hydrating key ingredients: Hyaluronic Acid, Konjac glucomannan Microspheres): maintains skin hydration for plump, springy skin\"Aqua-Lock\" complex (cocktail of water captor key ingredients: Aquatic Mint extract, Plant-based sugar): provides  freshness and immediate hydration\"Vita-Light\" complex (Kiwi + Acerola extracts): boosts complexion radiance and enhances the energy and vitality of the skin",
        "additional_information": "{\n    \"Order Amount\": \"30 ml\",\n    \"made in\": \"France\",\n    \"Warning Hints\": \"Avoid eye contact. Keep away from direct heat and sunlight.\",\n    \"Item Number\": \"1535187\",\n    \"Manufacturer Color\": \"Ivory\",\n    \"Product Series\": \"Phyto Teint Nude\",\n    \"Net Weight\": \"0.03 kg\",\n    \"Package Height\": \"9 cm\",\n    \"Package Length\": \"4.6 cm\",\n    \"Package Width\": \"2.3 cm\"\n}"
    },
    {
        "product_name": "Sisley Les Eaux Rves DEliya Eau de Toilette 50 ml",
        "brand_name": "Sisley",
        "brand_url": "https://shop.frankfurt-airport.com/en-US/brand/sisley",
        "retailer_name": "Frankfurt Duty Free",
        "retailer_url": "https://shop.frankfurt-airport.com/en-US/retailer/heinemann",
        "price": "\u20ac92.99",
        "price_per_quantity": "\u20ac185.98 / 100  ml",
        "description": "Fresh jasmine, full of sunshine: the vivacity of a white flower blended with intense spices. Top notes: Bergamot, Black pepper, Pink berriesMiddle notes: Jasmine, Rose, Green TeaBase notes: Musk, Oakmoss, PatchouliFresh jasmine, full of sunshine: the vivacity of a white flower blended with intense spices. Top notes: Bergamot, Black pepper, Pink berriesMiddle notes: Jasmine, Rose, Green TeaBase notes: Musk, Oakmoss, Patchouli",
        "additional_information": "{\n    \"Order Amount\": \"50 ml\",\n    \"Target Gender\": \"Female\",\n    \"made in\": \"France\",\n    \"Type of Fragrance\": \"Eau De Toilette\",\n    \"Warning Hints\": \"Avoid eye contact. Keep away from direct heat and sunlight.\",\n    \"Item Number\": \"1560121\",\n    \"Product Series\": \"Les Eaux R\\u00eav\\u00e9es\",\n    \"Net Weight\": \"0.05 kg\",\n    \"Package Height\": \"15.8 cm\",\n    \"Package Length\": \"4.8 cm\",\n    \"Package Width\": \"4.8 cm\"\n}"
    },
    {
        "product_name": "Sisley Phyto-Hydra Teint Foundation SPF 15 N 0,5 Opal 40 ml",
        "brand_name": "Sisley",
        "brand_url": "https://shop.frankfurt-airport.com/en-US/brand/sisley",
        "retailer_name": "Frankfurt Duty Free",
        "retailer_url": "https://shop.frankfurt-airport.com/en-US/retailer/heinemann",
        "price": "\u20ac92.99",
        "price_per_quantity": "\u20ac232.48 / 100  ml",
        "description": "The ideal combination of skincare and make-up for a radiant healthy glow. White Lily extract: moisturises and brings comfort to the skinA fruity cocktail of plant-based extracts (Golden Apple Tree, Grapefruit and Kiwi): visibly improves the quality of the skin (astringent and smoothing effect) and energizes itBuckwheat seed extract: helps the skin to better resist environmental damage, pollution and fine particlesVitamin E acetate: anti-free radical propertiesThe ideal combination of skincare and make-up for a radiant healthy glow. White Lily extract: moisturises and brings comfort to the skinA fruity cocktail of plant-based extracts (Golden Apple Tree, Grapefruit and Kiwi): visibly improves the quality of the skin (astringent and smoothing effect) and energizes itBuckwheat seed extract: helps the skin to better resist environmental damage, pollution and fine particlesVitamin E acetate: anti-free radical properties",
        "additional_information": "{\n    \"Order Amount\": \"40 ml\",\n    \"made in\": \"France\",\n    \"Warning Hints\": \"Avoid eye contact. Keep away from direct heat and sunlight.\",\n    \"Item Number\": \"1560149\",\n    \"Manufacturer Color\": \"Opal\",\n    \"Product Series\": \"Phyto-Hydra Teint\",\n    \"Net Weight\": \"0.04 kg\",\n    \"Package Height\": \"14.2 cm\",\n    \"Package Length\": \"3.1 cm\",\n    \"Package Width\": \"3.1 cm\"\n}"
    },
    {
        "product_name": "Sisley Ecological Compound Advanced Formula Emulsion 60 ml",
        "brand_name": "Sisley",
        "brand_url": "https://shop.frankfurt-airport.com/en-US/brand/sisley",
        "retailer_name": "Frankfurt Duty Free",
        "retailer_url": "https://shop.frankfurt-airport.com/en-US/retailer/heinemann",
        "price": "\u20ac134.99",
        "price_per_quantity": "\u20ac224.98 / 100  ml",
        "description": "The go-to essential skincare to balance, strengthen and revitalise all skin types. Ginseng extract: tonesRosemary extract: stimulatesHops extract: revitalisesHorsetail extract: remineralisesCentella Asiatica extract: regeneratesBurdock extract: balancesMeadowsweet extract: strengthensThe go-to essential skincare to balance, strengthen and revitalise all skin types. Ginseng extract: tonesRosemary extract: stimulatesHops extract: revitalisesHorsetail extract: remineralisesCentella Asiatica extract: regeneratesBurdock extract: balancesMeadowsweet extract: strengthens",
        "additional_information": "{\n    \"Order Amount\": \"60 ml\",\n    \"Warning Hints\": \"Avoid eye contact. Keep away from direct heat and sunlight.\",\n    \"Item Number\": \"1560073\",\n    \"Product Series\": \"Ecological Compound\",\n    \"Net Weight\": \"0.06 kg\",\n    \"Package Height\": \"11.7 cm\",\n    \"Package Length\": \"5.1 cm\",\n    \"Package Width\": \"5.1 cm\"\n}"
    },
    {
        "product_name": "Sisley Ecological Compound Advanced Formula Emulsion 125 ml",
        "brand_name": "Sisley",
        "brand_url": "https://shop.frankfurt-airport.com/en-US/brand/sisley",
        "retailer_name": "Frankfurt Duty Free",
        "retailer_url": "https://shop.frankfurt-airport.com/en-US/retailer/heinemann",
        "price": "\u20ac229.99",
        "price_per_quantity": "\u20ac183.99 / 100  ml",
        "description": "The go-to essential skincare to balance, strengthen and revitalise all skin types. Ginseng extract: tonesRosemary extract: stimulatesHops extract: revitalisesHorsetail extract: remineralisesCentella Asiatica extract: regeneratesBurdock extract: balancesMeadowsweet extract: strengthensThe go-to essential skincare to balance, strengthen and revitalise all skin types. Ginseng extract: tonesRosemary extract: stimulatesHops extract: revitalisesHorsetail extract: remineralisesCentella Asiatica extract: regeneratesBurdock extract: balancesMeadowsweet extract: strengthens",
        "additional_information": "{\n    \"Order Amount\": \"125 ml\",\n    \"Warning Hints\": \"Avoid eye contact. Keep away from direct heat and sunlight.\",\n    \"Item Number\": \"1560072\",\n    \"Product Series\": \"Ecological Compound\",\n    \"Net Weight\": \"0.125 kg\",\n    \"Package Height\": \"13.5 cm\",\n    \"Package Length\": \"6 cm\",\n    \"Package Width\": \"6 cm\"\n}"
    },
    {
        "product_name": "Sisley Phyto-Blanc Targeted Dark Sport Corrector",
        "brand_name": "Sisley",
        "brand_url": "https://shop.frankfurt-airport.com/en-US/brand/sisley",
        "retailer_name": "Frankfurt Duty Free",
        "retailer_url": "https://shop.frankfurt-airport.com/en-US/retailer/heinemann",
        "price": "\u20ac149.99",
        "price_per_quantity": "\u20ac2,142.71 / 100  ml",
        "description": "An ultra-precise universal dark spot corrector to reduce the appearance of all types of dark spots after 15 days Patented* Phyto-Blanc Complex: brightening and anti-dark spot.Meadow Bistort extract: targeted action on the appearance of older and extended dark spots.Vitamin E acetate: anti-free radical.Bisabolol of natural origin : soothing.*Patented in FranceAn ultra-precise universal dark spot corrector to reduce the appearance of all types of dark spots after 15 days Patented* Phyto-Blanc Complex: brightening and anti-dark spot.Meadow Bistort extract: targeted action on the appearance of older and extended dark spots.Vitamin E acetate: anti-free radical.Bisabolol of natural origin : soothing.*Patented in France",
        "additional_information": "{\n    \"Order Amount\": \"7 ml\",\n    \"Warning Hints\": \"Avoid eye contact. Keep away from direct heat and sunlight.\",\n    \"Item Number\": \"1560074\",\n    \"Product Series\": \"Phyto-Blanc\",\n    \"Net Weight\": \"0.007 kg\",\n    \"Package Height\": \"12.7 cm\",\n    \"Package Length\": \"3.3 cm\",\n    \"Package Width\": \"2.2 cm\"\n}"
    },
    {
        "product_name": "Sisley Phyto-Hydra Teint Foundation SPF 15 N 1,5 Beige 40 ml",
        "brand_name": "Sisley",
        "brand_url": "https://shop.frankfurt-airport.com/en-US/brand/sisley",
        "retailer_name": "Frankfurt Duty Free",
        "retailer_url": "https://shop.frankfurt-airport.com/en-US/retailer/heinemann",
        "price": "\u20ac92.99",
        "price_per_quantity": "\u20ac232.48 / 100  ml",
        "description": "The ideal combination of skincare and make-up for a radiant healthy glow. White Lily extract: moisturises and brings comfort to the skinA fruity cocktail of plant-based extracts (Golden Apple Tree, Grapefruit and Kiwi): visibly improves the quality of the skin (astringent and smoothing effect) and energizes itBuckwheat seed extract: helps the skin to better resist environmental damage, pollution and fine particlesVitamin E acetate: anti-free radical propertiesThe ideal combination of skincare and make-up for a radiant healthy glow. White Lily extract: moisturises and brings comfort to the skinA fruity cocktail of plant-based extracts (Golden Apple Tree, Grapefruit and Kiwi): visibly improves the quality of the skin (astringent and smoothing effect) and energizes itBuckwheat seed extract: helps the skin to better resist environmental damage, pollution and fine particlesVitamin E acetate: anti-free radical properties",
        "additional_information": "{\n    \"Order Amount\": \"40 ml\",\n    \"made in\": \"France\",\n    \"Warning Hints\": \"Avoid eye contact. Keep away from direct heat and sunlight.\",\n    \"Item Number\": \"1560150\",\n    \"Manufacturer Color\": \"Beige\",\n    \"Product Series\": \"Phyto-Hydra Teint\",\n    \"Net Weight\": \"0.04 kg\",\n    \"Package Height\": \"14.2 cm\",\n    \"Package Length\": \"3.1 cm\",\n    \"Package Width\": \"3.1 cm\"\n}"
    },
    {
        "product_name": "Sisley Les Eaux Rves DAria Eau de Toilette 50 ml",
        "brand_name": "Sisley",
        "brand_url": "https://shop.frankfurt-airport.com/en-US/brand/sisley",
        "retailer_name": "Frankfurt Duty Free",
        "retailer_url": "https://shop.frankfurt-airport.com/en-US/retailer/heinemann",
        "price": "\u20ac92.99",
        "price_per_quantity": "\u20ac185.98 / 100  ml",
        "description": "Fresh jasmine, full of sunshine: the vivacity of a white flower blended with intense spices. Top notes: Bergamot, Black pepper, Pink berriesMiddle notes: Jasmine, Rose, Green TeaBase notes: Musk, Oakmoss, PatchouliFresh jasmine, full of sunshine: the vivacity of a white flower blended with intense spices. Top notes: Bergamot, Black pepper, Pink berriesMiddle notes: Jasmine, Rose, Green TeaBase notes: Musk, Oakmoss, Patchouli",
        "additional_information": "{\n    \"Order Amount\": \"50 ml\",\n    \"Target Gender\": \"Female\",\n    \"made in\": \"France\",\n    \"Type of Fragrance\": \"Eau De Toilette\",\n    \"Warning Hints\": \"Avoid eye contact. Keep away from direct heat and sunlight.\",\n    \"Item Number\": \"1560120\",\n    \"Product Series\": \"Les Eaux R\\u00eav\\u00e9es\",\n    \"Net Weight\": \"0.05 kg\",\n    \"Package Height\": \"15.8 cm\",\n    \"Package Length\": \"4.7 cm\",\n    \"Package Width\": \"4.7 cm\"\n}"
    },
    {
        "product_name": "Sisley Phyto-Khol Star Wp Eye Pencil N 11 Mystic Gold 15 g",
        "brand_name": "Sisley",
        "brand_url": "https://shop.frankfurt-airport.com/en-US/brand/sisley",
        "retailer_name": "Frankfurt Duty Free",
        "retailer_url": "https://shop.frankfurt-airport.com/en-US/retailer/heinemann",
        "price": "\u20ac43.99",
        "price_per_quantity": "\u20ac293.27 / 100  g",
        "description": "All the intensity of an eyeliner in a pencil. Capacity: 0.2 gRosehip oil: nourishes, provides softness and comfortBisabolol of natural origin: soothesVitamin E acetate: anti-free radicalAll the intensity of an eyeliner in a pencil. Capacity: 0.2 gRosehip oil: nourishes, provides softness and comfortBisabolol of natural origin: soothesVitamin E acetate: anti-free radical",
        "additional_information": "{\n    \"Order Amount\": \"15 g\",\n    \"made in\": \"Italy\",\n    \"Warning Hints\": \"Avoid eye contact. Keep away from direct heat and sunlight.\",\n    \"Item Number\": \"1560152\",\n    \"Manufacturer Color\": \"No. 11 - Mystic Gold\",\n    \"Product Series\": \"Phyto-Khol Star Wp\",\n    \"Net Weight\": \"0.011 kg\",\n    \"Package Height\": \"13.1 cm\",\n    \"Package Length\": \"2.6 cm\",\n    \"Package Width\": \"1.8 cm\"\n}"
    },
    {
        "product_name": "Sisley Phyto-Eye Twist Eyeshadow N 18 Fawn",
        "brand_name": "Sisley",
        "brand_url": "https://shop.frankfurt-airport.com/en-US/brand/sisley",
        "retailer_name": "Frankfurt Duty Free",
        "retailer_url": "https://shop.frankfurt-airport.com/en-US/retailer/heinemann",
        "price": "\u20ac39.99",
        "price_per_quantity": "\u20ac2,666.00 / 100  g",
        "description": "colour, skincare and holding power in a single twist. Capacity: 1.5 g Green Tea: softness, emollienceCamellia: softness, emollienceWhite Lily: softness, emolliencecolour, skincare and holding power in a single twist. Capacity: 1.5 g Green Tea: softness, emollienceCamellia: softness, emollienceWhite Lily: softness, emollience",
        "additional_information": "{\n    \"Order Amount\": \"1.5 g\",\n    \"made in\": \"Italy\",\n    \"Warning Hints\": \"Avoid eye contact. Keep away from direct heat and sunlight.\",\n    \"Item Number\": \"1560145\",\n    \"Manufacturer Color\": \"No. 18 - Fawn\",\n    \"Product Series\": \"Phyto-Eye Twist\",\n    \"Net Weight\": \"0.002 kg\",\n    \"Package Height\": \"11.9 cm\",\n    \"Package Length\": \"1.92 cm\",\n    \"Package Width\": \"1.92 cm\"\n}"
    },
    {
        "product_name": "Sisley Le Phyto-Rouge Lipstick N 44 Rouge Hollywood",
        "brand_name": "Sisley",
        "brand_url": "https://shop.frankfurt-airport.com/en-US/brand/sisley",
        "retailer_name": "Frankfurt Duty Free",
        "retailer_url": "https://shop.frankfurt-airport.com/en-US/retailer/heinemann",
        "price": "\u20ac46.99",
        "price_per_quantity": "\u20ac1,382.06 / 100  g",
        "description": "The intensity of a lipstick combined with a balm-like sensation in an exceptional skincare formula. Capacity: 3.4 gHydrobooster complex (microspheres of Hyaluronic Acid and Konjac Glucomannans): hydrating, smoothing, plumping effectPadina pavonica extract: moisturises, plumpsCamellia oil: nourishes, provides softness, suppleness and elasticityJojoba oil: provides softness and comfortThe intensity of a lipstick combined with a balm-like sensation in an exceptional skincare formula. Capacity: 3.4 gHydrobooster complex (microspheres of Hyaluronic Acid and Konjac Glucomannans): hydrating, smoothing, plumping effectPadina pavonica extract: moisturises, plumpsCamellia oil: nourishes, provides softness, suppleness and elasticityJojoba oil: provides softness and comfort",
        "additional_information": "{\n    \"Order Amount\": \"3.4 g\",\n    \"made in\": \"Italy\",\n    \"Warning Hints\": \"Avoid eye contact. Keep away from direct heat and sunlight.\",\n    \"Item Number\": \"1560146\",\n    \"Manufacturer Color\": \"No. 44 - Rouge Hollywood\",\n    \"Product Series\": \"Le Phyto-Rouge\",\n    \"Net Weight\": \"0.003 kg\",\n    \"Package Height\": \"7.6 cm\",\n    \"Package Length\": \"3 cm\",\n    \"Package Width\": \"3 cm\"\n}"
    },
    {
        "product_name": "Sisley Phyto-Khol Star Waterproof N 9 Sparkling Pearl",
        "brand_name": "Sisley",
        "brand_url": "https://shop.frankfurt-airport.com/en-US/brand/sisley",
        "retailer_name": "Frankfurt Duty Free",
        "retailer_url": "https://shop.frankfurt-airport.com/en-US/retailer/heinemann",
        "price": "\u20ac43.99",
        "price_per_quantity": "\u20ac1,466.33 / 100  g",
        "description": "All the intensity of an eyeliner in a pencil. Capacity: 0.2 gRosehip oil: nourishes, provides softness and comfortBisabolol of natural origin: soothesVitamin E acetate: anti-free radicalAll the intensity of an eyeliner in a pencil. Capacity: 0.2 gRosehip oil: nourishes, provides softness and comfortBisabolol of natural origin: soothesVitamin E acetate: anti-free radical",
        "additional_information": "{\n    \"Order Amount\": \"3 g\",\n    \"made in\": \"Italy\",\n    \"Warning Hints\": \"Avoid eye contact. Keep away from direct heat and sunlight.\",\n    \"Item Number\": \"1450038\",\n    \"Manufacturer Color\": \"No. 9 - Sparkling Pearl\",\n    \"Product Series\": \"Phyto-Khol Star\",\n    \"Net Weight\": \"0.003 kg\",\n    \"Package Height\": \"13.2 cm\",\n    \"Package Length\": \"2.6 cm\",\n    \"Package Width\": \"1.9 cm\"\n}"
    },
    {
        "product_name": "Sisley Phyto-Khol Star Waterproof N 10 Mystic Plum",
        "brand_name": "Sisley",
        "brand_url": "https://shop.frankfurt-airport.com/en-US/brand/sisley",
        "retailer_name": "Frankfurt Duty Free",
        "retailer_url": "https://shop.frankfurt-airport.com/en-US/retailer/heinemann",
        "price": "\u20ac43.99",
        "price_per_quantity": "\u20ac1,466.33 / 100  g",
        "description": "All the intensity of an eyeliner in a pencil. Capacity: 0.2 gRosehip oil: nourishes, provides softness and comfortBisabolol of natural origin: soothesVitamin E acetate: anti-free radicalAll the intensity of an eyeliner in a pencil. Capacity: 0.2 gRosehip oil: nourishes, provides softness and comfortBisabolol of natural origin: soothesVitamin E acetate: anti-free radical",
        "additional_information": "{\n    \"Order Amount\": \"3 g\",\n    \"made in\": \"Italy\",\n    \"Warning Hints\": \"Avoid eye contact. Keep away from direct heat and sunlight.\",\n    \"Item Number\": \"1450037\",\n    \"Manufacturer Color\": \"No. 10 - Mystic Plum\",\n    \"Product Series\": \"Phyto-Khol Star\",\n    \"Net Weight\": \"0.003 kg\",\n    \"Package Height\": \"13.2 cm\",\n    \"Package Length\": \"2.6 cm\",\n    \"Package Width\": \"1.9 cm\"\n}"
    },
    {
        "product_name": "Sisley Phyto-Hydra Teint Foundation SPF 15 N 4 Tan 40 ml",
        "brand_name": "Sisley",
        "brand_url": "https://shop.frankfurt-airport.com/en-US/brand/sisley",
        "retailer_name": "Frankfurt Duty Free",
        "retailer_url": "https://shop.frankfurt-airport.com/en-US/retailer/heinemann",
        "price": "\u20ac92.99",
        "price_per_quantity": "\u20ac232.48 / 100  ml",
        "description": "The ideal combination of skincare and make-up for a radiant healthy glow. White Lily extract: moisturises and brings comfort to the skinA fruity cocktail of plant-based extracts (Golden Apple Tree, Grapefruit and Kiwi): visibly improves the quality of the skin (astringent and smoothing effect) and energizes itBuckwheat seed extract: helps the skin to better resist environmental damage, pollution and fine particlesVitamin E acetate: anti-free radical propertiesThe ideal combination of skincare and make-up for a radiant healthy glow. White Lily extract: moisturises and brings comfort to the skinA fruity cocktail of plant-based extracts (Golden Apple Tree, Grapefruit and Kiwi): visibly improves the quality of the skin (astringent and smoothing effect) and energizes itBuckwheat seed extract: helps the skin to better resist environmental damage, pollution and fine particlesVitamin E acetate: anti-free radical properties",
        "additional_information": "{\n    \"Order Amount\": \"40 ml\",\n    \"made in\": \"France\",\n    \"Warning Hints\": \"Avoid eye contact. Keep away from direct heat and sunlight.\",\n    \"Item Number\": \"1560151\",\n    \"Manufacturer Color\": \"No. 4 - Tan\",\n    \"Product Series\": \"Phyto-Hydra Teint\",\n    \"Net Weight\": \"0.04 kg\",\n    \"Package Height\": \"14.2 cm\",\n    \"Package Length\": \"3.1 cm\",\n    \"Package Width\": \"3.1 cm\"\n}"
    },
    {
        "product_name": "Sisley Soir de Lune Eau de Parfum 100 ml",
        "brand_name": "Sisley",
        "brand_url": "https://shop.frankfurt-airport.com/en-US/brand/sisley",
        "retailer_name": "Frankfurt Duty Free",
        "retailer_url": "https://shop.frankfurt-airport.com/en-US/retailer/heinemann",
        "price": "",
        "price_per_quantity": "",
        "description": "A floral-chypre delicacy, modern and romantic. Top notes: Bergamot, Mandarin, Lemon, Coriander, Nutmeg, Pepper;Middle notes: Jasmine, May Rose absolute, Iris, Lily of the Valley, Mimosa absolute, Peach;Base notes: Musk, Honey, Santalwood, Patchouli, CedarA floral-chypre delicacy, modern and romantic. Top notes: Bergamot, Mandarin, Lemon, Coriander, Nutmeg, Pepper;Middle notes: Jasmine, May Rose absolute, Iris, Lily of the Valley, Mimosa absolute, Peach;Base notes: Musk, Honey, Santalwood, Patchouli, Cedar",
        "additional_information": "{\n    \"Order Amount\": \"100 ml\",\n    \"Target Gender\": \"Female\",\n    \"made in\": \"France\",\n    \"Type of Fragrance\": \"Eau De Parfum\",\n    \"Warning Hints\": \"Avoid eye contact. Keep away from direct heat and sunlight.\",\n    \"Item Number\": \"835182\",\n    \"Product Series\": \"Soir de Lune\",\n    \"Net Weight\": \"0.1 kg\",\n    \"Package Height\": \"4.4 cm\",\n    \"Package Length\": \"14.2 cm\",\n    \"Package Width\": \"11.5 cm\"\n}"
    },
    {
        "product_name": "Sisley Phyto-Poudre Compacte Powder N 2 Natural 12 g",
        "brand_name": "Sisley",
        "brand_url": "https://shop.frankfurt-airport.com/en-US/brand/sisley",
        "retailer_name": "Frankfurt Duty Free",
        "retailer_url": "https://shop.frankfurt-airport.com/en-US/retailer/heinemann",
        "price": "\u20ac94.99",
        "price_per_quantity": "\u20ac791.58 / 100  g",
        "description": "A perfectly smooth velvety complexion, a second-skin formula, and incomparable comfort and softness. \"Three-Butters\" complex, a unique cocktail of 3 ultra-emollient plant-based butters:Cocoa butter: softens the skin and fights against dryness.Mango butter: nourishes, softens, protects and preserves hydration.Cupua\u00e7u butter: soothes and helps maintain suppleness and elasticity.Hibiscus flower extract: toning properties, a source of radiance.A perfectly smooth velvety complexion, a second-skin formula, and incomparable comfort and softness. \"Three-Butters\" complex, a unique cocktail of 3 ultra-emollient plant-based butters:Cocoa butter: softens the skin and fights against dryness.Mango butter: nourishes, softens, protects and preserves hydration.Cupua\u00e7u butter: soothes and helps maintain suppleness and elasticity.Hibiscus flower extract: toning properties, a source of radiance.",
        "additional_information": "{\n    \"Order Amount\": \"12 g\",\n    \"made in\": \"Italy\",\n    \"Warning Hints\": \"Avoid eye contact. Keep away from direct heat and sunlight.\",\n    \"Item Number\": \"1450042\",\n    \"Manufacturer Color\": \"No. 2 - Natural\",\n    \"Product Series\": \"Phyto-Poudre Compacte\",\n    \"Net Weight\": \"0.012 kg\",\n    \"Package Height\": \"7.8 cm\",\n    \"Package Length\": \"7.8 cm\",\n    \"Package Width\": \"2.2 cm\"\n}"
    },
    {
        "product_name": "Sisley Phyto-Lip Gloss Lip Gloss N 08 Milky Way",
        "brand_name": "Sisley",
        "brand_url": "https://shop.frankfurt-airport.com/en-US/brand/sisley",
        "retailer_name": "Frankfurt Duty Free",
        "retailer_url": "https://shop.frankfurt-airport.com/en-US/retailer/heinemann",
        "price": "\u20ac49.99",
        "price_per_quantity": "\u20ac833.17 / 100  ml",
        "description": "The combination of a new shine and an ultra-sensory caring formula for plumped and smoothed lips. Capacity: 6.5 ml Hydrobooster complex (composed of Hyaluronic Acid and Konjac Glucomannans): immediately infuses skin with water and maintains hydration, plumps and smoothesMacadamia oil: softens, smoothes and provides comfortShea oil: nourishes, repairsVitamin E acetate: protects the lips from oxidative stressThe combination of a new shine and an ultra-sensory caring formula for plumped and smoothed lips. Capacity: 6.5 ml Hydrobooster complex (composed of Hyaluronic Acid and Konjac Glucomannans): immediately infuses skin with water and maintains hydration, plumps and smoothesMacadamia oil: softens, smoothes and provides comfortShea oil: nourishes, repairsVitamin E acetate: protects the lips from oxidative stress",
        "additional_information": "{\n    \"Order Amount\": \"6 ml\",\n    \"made in\": \"France\",\n    \"Warning Hints\": \"Avoid eye contact. Keep away from direct heat and sunlight.\",\n    \"Item Number\": \"1450047\",\n    \"Manufacturer Color\": \"No. 08 - Milky Way\",\n    \"Product Series\": \"Le Phyto-Gloss\",\n    \"Net Weight\": \"0.006 kg\",\n    \"Package Height\": \"8.1 cm\",\n    \"Package Length\": \"2.3 cm\",\n    \"Package Width\": \"2.3 cm\"\n}"
    },
    {
        "product_name": "Sisley Phyto-Eye Twist Eyeshadow N 19 Sunset",
        "brand_name": "Sisley",
        "brand_url": "https://shop.frankfurt-airport.com/en-US/brand/sisley",
        "retailer_name": "Frankfurt Duty Free",
        "retailer_url": "https://shop.frankfurt-airport.com/en-US/retailer/heinemann",
        "price": "\u20ac39.99",
        "price_per_quantity": "\u20ac2,666.00 / 100  g",
        "description": "colour, skincare and holding power in a single twist. Capacity: 1.5 g Green Tea: softness, emollienceCamellia: softness, emollienceWhite Lily: softness, emolliencecolour, skincare and holding power in a single twist. Capacity: 1.5 g Green Tea: softness, emollienceCamellia: softness, emollienceWhite Lily: softness, emollience",
        "additional_information": "{\n    \"Order Amount\": \"1.5 g\",\n    \"made in\": \"Italy\",\n    \"Warning Hints\": \"Avoid eye contact. Keep away from direct heat and sunlight.\",\n    \"Item Number\": \"1560144\",\n    \"Manufacturer Color\": \"No. 19 - Sunset\",\n    \"Product Series\": \"Phyto-Eye Twist\",\n    \"Net Weight\": \"0.002 kg\",\n    \"Package Height\": \"11.9 cm\",\n    \"Package Length\": \"1.92 cm\",\n    \"Package Width\": \"1.92 cm\"\n}"
    },
    {
        "product_name": "Sisley Phyto-Poudre Compacte Powder N 3 Sandy 12 g",
        "brand_name": "Sisley",
        "brand_url": "https://shop.frankfurt-airport.com/en-US/brand/sisley",
        "retailer_name": "Frankfurt Duty Free",
        "retailer_url": "https://shop.frankfurt-airport.com/en-US/retailer/heinemann",
        "price": "\u20ac94.99",
        "price_per_quantity": "\u20ac791.58 / 100  g",
        "description": "A perfectly smooth velvety complexion, a second-skin formula, and incomparable comfort and softness. \"Three-Butters\" complex, a unique cocktail of 3 ultra-emollient plant-based butters:Cocoa butter: softens the skin and fights against dryness.Mango butter: nourishes, softens, protects and preserves hydration.Cupua\u00e7u butter: soothes and helps maintain suppleness and elasticity.Hibiscus flower extract: toning properties, a source of radiance.A perfectly smooth velvety complexion, a second-skin formula, and incomparable comfort and softness. \"Three-Butters\" complex, a unique cocktail of 3 ultra-emollient plant-based butters:Cocoa butter: softens the skin and fights against dryness.Mango butter: nourishes, softens, protects and preserves hydration.Cupua\u00e7u butter: soothes and helps maintain suppleness and elasticity.Hibiscus flower extract: toning properties, a source of radiance.",
        "additional_information": "{\n    \"Order Amount\": \"12 g\",\n    \"made in\": \"Italy\",\n    \"Warning Hints\": \"Avoid eye contact. Keep away from direct heat and sunlight.\",\n    \"Item Number\": \"1450043\",\n    \"Manufacturer Color\": \"No. 3 - Sandy\",\n    \"Product Series\": \"Phyto-Poudre Compacte\",\n    \"Net Weight\": \"0.012 kg\",\n    \"Package Height\": \"7.8 cm\",\n    \"Package Length\": \"7.8 cm\",\n    \"Package Width\": \"2.2 cm\"\n}"
    },
    {
        "product_name": "Sisley Ecological Compound Advanced Formula Serum 125 ml",
        "brand_name": "Sisley",
        "brand_url": "https://shop.frankfurt-airport.com/en-US/brand/sisley",
        "retailer_name": "Frankfurt Duty Free",
        "retailer_url": "https://shop.frankfurt-airport.com/en-US/retailer/heinemann",
        "price": "\u20ac209.99",
        "price_per_quantity": "\u20ac167.99 / 100  ml",
        "description": "The essential skincare product for balancing, strengthening and revitalizing all skin types has been given a refined, symbolic new look in 2025.The essential skincare product for balancing, strengthening and revitalizing all skin types has been given a refined, symbolic new look in 2025.",
        "additional_information": "{\n    \"Order Amount\": \"125 ml\",\n    \"Item Number\": \"1680676\",\n    \"Product Series\": \"Ecological Compound\",\n    \"Net Weight\": \"0.125 kg\",\n    \"Package Height\": \"12.3 cm\",\n    \"Package Length\": \"4.65 cm\",\n    \"Package Width\": \"2.95 cm\"\n}"
    },
    {
        "product_name": "Sisley Face Ultra-hermetic Soothing Day Cream 40 ml",
        "brand_name": "Sisley",
        "brand_url": "https://shop.frankfurt-airport.com/en-US/brand/sisley",
        "retailer_name": "Frankfurt Duty Free",
        "retailer_url": "https://shop.frankfurt-airport.com/en-US/retailer/heinemann",
        "price": "\u20ac159.99",
        "price_per_quantity": "\u20ac399.98 / 100  ml",
        "description": "The key to freedom for sensitive skin, at last. Golden Kelp extract: limits skin hyperreactivity and the appearance of redness. Rhamnose Polysaccharide: reduces skin reactivity.Japanese Lily of the Valley extract: boosts skin\u2019s resilience (tested in vitro and in vivo).Shea butter: nourishes and repairs skin.Rapeseed oil: nourishes and soothes skin.Plum kernel oil: leaves skin comfortable and soft.The key to freedom for sensitive skin, at last. Golden Kelp extract: limits skin hyperreactivity and the appearance of redness. Rhamnose Polysaccharide: reduces skin reactivity.Japanese Lily of the Valley extract: boosts skin\u2019s resilience (tested in vitro and in vivo).Shea butter: nourishes and repairs skin.Rapeseed oil: nourishes and soothes skin.Plum kernel oil: leaves skin comfortable and soft.",
        "additional_information": "{\n    \"Order Amount\": \"40 ml\",\n    \"Warning Hints\": \"Avoid eye contact. Keep away from direct heat and sunlight.\",\n    \"Item Number\": \"1680677\",\n    \"Product Series\": \"Skin Care Face\",\n    \"Net Weight\": \"0.04 kg\",\n    \"Package Height\": \"14.7 cm\",\n    \"Package Length\": \"3.1 cm\",\n    \"Package Width\": \"3.2 cm\"\n}"
    },
    {
        "product_name": "Sisley Sisleya Face Care Set",
        "brand_name": "Sisley",
        "brand_url": "https://shop.frankfurt-airport.com/en-US/brand/sisley",
        "retailer_name": "Frankfurt Duty Free",
        "retailer_url": "https://shop.frankfurt-airport.com/en-US/retailer/heinemann",
        "price": "\u20ac649.00",
        "price_per_quantity": "",
        "description": "Sisle\u00ffa L'Int\u00e9gral Anti- ge Firming Concentrated Serum 30ml (with packaging) Sisle\u00ffa L'Int\u00e9gral Anti- ge 50ml (with packaging) Sisle\u00ffa L'Int\u00e9gral Anti- ge Eye and Lips Contour Cream 15ml + Ridoki (with packaging) + GIFTS (Eau Efficace 30ml + Sisle\u00ffa Essential  Skin Care Lotion 15ml + Sisle\u00ffa L'Int\u00e9gral Anti- age Firming Concentrated Serum 5ml + + Mini Lip Twist Litchi 3,4 g + Izia la Nuit 1,8ml)Sisle\u00ffa L'Int\u00e9gral Anti- ge Firming Concentrated Serum 30ml (with packaging) Sisle\u00ffa L'Int\u00e9gral Anti- ge 50ml (with packaging) Sisle\u00ffa L'Int\u00e9gral Anti- ge Eye and Lips Contour Cream 15ml + Ridoki (with packaging) + GIFTS (Eau Efficace 30ml + Sisle\u00ffa Essential  Skin Care Lotion 15ml + Sisle\u00ffa L'Int\u00e9gral Anti- age Firming Concentrated Serum 5ml + + Mini Lip Twist Litchi 3,4 g + Izia la Nuit 1,8ml)",
        "additional_information": "{\n    \"Item Number\": \"1686966\",\n    \"Product Series\": \"Sisleya\",\n    \"Net Weight\": \"0.15 kg\",\n    \"Package Height\": \"21.7 cm\",\n    \"Package Length\": \"12.5 cm\",\n    \"Package Width\": \"30.2 cm\"\n}"
    },
    {
        "product_name": "Sisley Ombre Eclat Liquid Eye Shadow Stardust",
        "brand_name": "Sisley",
        "brand_url": "https://shop.frankfurt-airport.com/en-US/brand/sisley",
        "retailer_name": "Frankfurt Duty Free",
        "retailer_url": "https://shop.frankfurt-airport.com/en-US/retailer/heinemann",
        "price": "\u20ac47.99",
        "price_per_quantity": "\u20ac738.31 / 100  ml",
        "description": "A long-lasting, fresh and ultra-luminous wash of colour. Capacity: 6.5 mlPlant based glycerin: suppleness and softnessA long-lasting, fresh and ultra-luminous wash of colour. Capacity: 6.5 mlPlant based glycerin: suppleness and softness",
        "additional_information": "{\n    \"Order Amount\": \"6.5 ml\",\n    \"made in\": \"France\",\n    \"Warning Hints\": \"Avoid eye contact. Keep away from direct heat and sunlight.\",\n    \"Item Number\": \"1656407\",\n    \"Manufacturer Color\": \"No. 708 - Stardust\",\n    \"Product Series\": \"Ombre Eclat Liquid\",\n    \"Net Weight\": \"0.007 kg\",\n    \"Package Height\": \"8.3 cm\",\n    \"Package Length\": \"2.3 cm\",\n    \"Package Width\": \"2.3 cm\"\n}"
    },
    {
        "product_name": "Sisley Ombre Eclat Liquid Eye Shadow Antique Gold",
        "brand_name": "Sisley",
        "brand_url": "https://shop.frankfurt-airport.com/en-US/brand/sisley",
        "retailer_name": "Frankfurt Duty Free",
        "retailer_url": "https://shop.frankfurt-airport.com/en-US/retailer/heinemann",
        "price": "\u20ac47.99",
        "price_per_quantity": "\u20ac738.31 / 100  ml",
        "description": "A long-lasting, fresh and ultra-luminous wash of colour. Capacity: 6.5 mlPlant based glycerin: suppleness and softnessA long-lasting, fresh and ultra-luminous wash of colour. Capacity: 6.5 mlPlant based glycerin: suppleness and softness",
        "additional_information": "{\n    \"Order Amount\": \"6.5 ml\",\n    \"made in\": \"France\",\n    \"Warning Hints\": \"Avoid eye contact. Keep away from direct heat and sunlight.\",\n    \"Item Number\": \"1656406\",\n    \"Manufacturer Color\": \"No. 707 - Antique Gold\",\n    \"Product Series\": \"Ombre Eclat Liquid\",\n    \"Net Weight\": \"0.006 kg\",\n    \"Package Height\": \"8.3 cm\",\n    \"Package Length\": \"2.3 cm\",\n    \"Package Width\": \"2.3 cm\"\n}"
    },
    {
        "product_name": "Sisley Ecological Compound Emulsion 125 ml",
        "brand_name": "Sisley",
        "brand_url": "https://shop.frankfurt-airport.com/en-US/brand/sisley",
        "retailer_name": "Frankfurt Duty Free",
        "retailer_url": "https://shop.frankfurt-airport.com/en-US/retailer/heinemann",
        "price": "\u20ac229.99",
        "price_per_quantity": "\u20ac183.99 / 100  ml",
        "description": "The go-to essential skincare to balance, strengthen and revitalize all skin types.The go-to essential skincare to balance, strengthen and revitalize all skin types.",
        "additional_information": "{\n    \"Order Amount\": \"125 ml\",\n    \"Warning Hints\": \"Avoid eye contact. Keep away from direct heat and sunlight.\",\n    \"Item Number\": \"1595656\",\n    \"Product Series\": \"Ecological Compound\",\n    \"Net Weight\": \"0.125 kg\",\n    \"Package Height\": \"13.45 cm\",\n    \"Package Length\": \"6 cm\",\n    \"Package Width\": \"6 cm\"\n}"
    },
    {
        "product_name": "Sisley Supremya At Night The Supreme Anti-Aging Eye Cream with Massage Tool 15 ml",
        "brand_name": "Sisley",
        "brand_url": "https://shop.frankfurt-airport.com/en-US/brand/sisley",
        "retailer_name": "Frankfurt Duty Free",
        "retailer_url": "https://shop.frankfurt-airport.com/en-US/retailer/heinemann",
        "price": "\u20ac309.99",
        "price_per_quantity": "\u20ac2,066.60 / 100  ml",
        "description": "An exceptional anti-aging skin care dedicated to youthful-looking eyes. Fundamental Regeneration Complex: powerful combination of anti-aging active ingredientsYellow Gentian Extract: reduces puffiness and acts on all types of dark circlesCodium Extract: reduces dark circlesCaffeine: tones and helps reduce puffinessAdenosine: anti-wrinkleOat Seed Extract: provides an immediate tightening and smoothing effectSoy Fiber Extract: combats sagging and stimulates collagen synthesisShea butter: nourishes, soothes, repairs, softens and protectsPlum kernel oil: brings comfort and suppleness to the skinGlycerin of plant origin: moisturizesAlpha-bisabolol of natural origin: soothes and softensAn exceptional anti-aging skin care dedicated to youthful-looking eyes. Fundamental Regeneration Complex: powerful combination of anti-aging active ingredientsYellow Gentian Extract: reduces puffiness and acts on all types of dark circlesCodium Extract: reduces dark circlesCaffeine: tones and helps reduce puffinessAdenosine: anti-wrinkleOat Seed Extract: provides an immediate tightening and smoothing effectSoy Fiber Extract: combats sagging and stimulates collagen synthesisShea butter: nourishes, soothes, repairs, softens and protectsPlum kernel oil: brings comfort and suppleness to the skinGlycerin of plant origin: moisturizesAlpha-bisabolol of natural origin: soothes and softens",
        "additional_information": "{\n    \"Order Amount\": \"15 ml\",\n    \"Warning Hints\": \"Avoid eye contact. Keep away from direct heat and sunlight.\",\n    \"Item Number\": \"1656353\",\n    \"Product Series\": \"Supremya\",\n    \"Net Weight\": \"0.015 kg\",\n    \"Package Height\": \"5.8 cm\",\n    \"Package Length\": \"6 cm\",\n    \"Package Width\": \"6.8 cm\"\n}"
    },
    {
        "product_name": "Sisley Phyto Noir Mascara Deep Brown",
        "brand_name": "Sisley",
        "brand_url": "https://shop.frankfurt-airport.com/en-US/brand/sisley",
        "retailer_name": "Frankfurt Duty Free",
        "retailer_url": "https://shop.frankfurt-airport.com/en-US/retailer/heinemann",
        "price": "\u20ac59.99",
        "price_per_quantity": "\u20ac749.88 / 100  ml",
        "description": "Immediately 15x more volume* and thicker lashes day after day, even without make-up. The core formula contains a complex of key ingredients, with Vitamin Peptide and Resurrection Plant, to help:Revitalize and thicken lashes, even when left bare without make-upStrengthen lashes and limit their loss during make-up removalImmediately 15x more volume* and thicker lashes day after day, even without make-up. The core formula contains a complex of key ingredients, with Vitamin Peptide and Resurrection Plant, to help:Revitalize and thicken lashes, even when left bare without make-upStrengthen lashes and limit their loss during make-up removal",
        "additional_information": "{\n    \"Order Amount\": \"8 ml\",\n    \"made in\": \"Italy\",\n    \"Warning Hints\": \"Avoid eye contact. Keep away from direct heat and sunlight.\",\n    \"Item Number\": \"1656411\",\n    \"Manufacturer Color\": \"No. 362 - Deep Brown\",\n    \"Product Series\": \"Phyto Noir\",\n    \"Net Weight\": \"0.008 kg\",\n    \"Package Height\": \"13.2 cm\",\n    \"Package Length\": \"2.2 cm\",\n    \"Package Width\": \"3.1 cm\"\n}"
    },
    {
        "product_name": "Sisley Ligne Noire Eye Liner N 1 Black",
        "brand_name": "Sisley",
        "brand_url": "https://shop.frankfurt-airport.com/en-US/brand/sisley",
        "retailer_name": "Frankfurt Duty Free",
        "retailer_url": "https://shop.frankfurt-airport.com/en-US/retailer/heinemann",
        "price": "\u20ac59.99",
        "price_per_quantity": "\u20ac5,999.00 / 100  ml",
        "description": "In a single stroke, a precise, intense and long-lasting black line. Day after day, strengthened lashes at the root. The Vitamin Peptide in the core formula strengthens lashes and limits their loss when removing make-up. It helps care for lashes and leaves them thicker, longer and more beautiful.In a single stroke, a precise, intense and long-lasting black line. Day after day, strengthened lashes at the root. The Vitamin Peptide in the core formula strengthens lashes and limits their loss when removing make-up. It helps care for lashes and leaves them thicker, longer and more beautiful.",
        "additional_information": "{\n    \"Order Amount\": \"1 ml\",\n    \"made in\": \"France\",\n    \"Warning Hints\": \"Avoid eye contact. Keep away from direct heat and sunlight.\",\n    \"Item Number\": \"1656404\",\n    \"Manufacturer Color\": \"No. 322 - Black\",\n    \"Product Series\": \"Ligne Noire\",\n    \"Net Weight\": \"0.001 kg\",\n    \"Package Height\": \"13.3 cm\",\n    \"Package Length\": \"1.9 cm\",\n    \"Package Width\": \"1.9 cm\"\n}"
    },
    {
        "product_name": "Sisley Ombre Eclat Liquid Eye Shadow Plum",
        "brand_name": "Sisley",
        "brand_url": "https://shop.frankfurt-airport.com/en-US/brand/sisley",
        "retailer_name": "Frankfurt Duty Free",
        "retailer_url": "https://shop.frankfurt-airport.com/en-US/retailer/heinemann",
        "price": "\u20ac47.99",
        "price_per_quantity": "\u20ac738.31 / 100  ml",
        "description": "A long-lasting, fresh and ultra-luminous wash of colour. Capacity: 6.5 mlPlant based glycerin: suppleness and softnessA long-lasting, fresh and ultra-luminous wash of colour. Capacity: 6.5 mlPlant based glycerin: suppleness and softness",
        "additional_information": "{\n    \"Order Amount\": \"6.5 ml\",\n    \"made in\": \"France\",\n    \"Warning Hints\": \"Avoid eye contact. Keep away from direct heat and sunlight.\",\n    \"Item Number\": \"1656408\",\n    \"Manufacturer Color\": \"No. 709 - Plum\",\n    \"Product Series\": \"Ombre Eclat Liquid\",\n    \"Net Weight\": \"0.007 kg\",\n    \"Package Height\": \"8.2 cm\",\n    \"Package Length\": \"2.3 cm\",\n    \"Package Width\": \"2.3 cm\"\n}"
    },
    {
        "product_name": "Sisley Phyto Noir Make Up Set",
        "brand_name": "Sisley",
        "brand_url": "https://shop.frankfurt-airport.com/en-US/brand/sisley",
        "retailer_name": "Frankfurt Duty Free",
        "retailer_url": "https://shop.frankfurt-airport.com/en-US/retailer/heinemann",
        "price": "\u20ac54.99",
        "price_per_quantity": "",
        "description": "The Sisley 2024 Christmas campaign invites us to immerse ourselves in the beauty of the French capital and let its Christmas spirit enrapture us : Price of Mascara Ligne Noire (Free Phyto-Lip Twist Litchi 1g)The Sisley 2024 Christmas campaign invites us to immerse ourselves in the beauty of the French capital and let its Christmas spirit enrapture us : Price of Mascara Ligne Noire (Free Phyto-Lip Twist Litchi 1g)",
        "additional_information": "{\n    \"made in\": \"Italy\",\n    \"Item Number\": \"1656397\",\n    \"Product Series\": \"Phyto Noir\",\n    \"Net Weight\": \"0.009 kg\",\n    \"Package Height\": \"15.2 cm\",\n    \"Package Length\": \"2 cm\",\n    \"Package Width\": \"7.4 cm\"\n}"
    },
    {
        "product_name": "Sisley Nutritive Lip Treatment",
        "brand_name": "Sisley",
        "brand_url": "https://shop.frankfurt-airport.com/en-US/brand/sisley",
        "retailer_name": "Frankfurt Duty Free",
        "retailer_url": "https://shop.frankfurt-airport.com/en-US/retailer/heinemann",
        "price": "\u20ac72.99",
        "price_per_quantity": "\u20ac811.00 / 100  g",
        "description": "The iconic ultra-nourishing lip care for a beautiful smile. Kokum butter: restoresMango butter: nourishesShea Oil: nourishes, soothes, smooths and regeneratesPlum kernel Oil: strengthens the skin barrier, provides comfort and supplenessJojoba Oil: provides softness and comfortBlend of Sweet White Lupin Oil and Wheat Germ Oil concentrate: antioxidant, maintains the skin barrierPadina pavonica extract: moisturises and plumpsAlpha-bisabolol of natural origin: soothes and softensThe iconic ultra-nourishing lip care for a beautiful smile. Kokum butter: restoresMango butter: nourishesShea Oil: nourishes, soothes, smooths and regeneratesPlum kernel Oil: strengthens the skin barrier, provides comfort and supplenessJojoba Oil: provides softness and comfortBlend of Sweet White Lupin Oil and Wheat Germ Oil concentrate: antioxidant, maintains the skin barrierPadina pavonica extract: moisturises and plumpsAlpha-bisabolol of natural origin: soothes and softens",
        "additional_information": "{\n    \"Order Amount\": \"9 g\",\n    \"Warning Hints\": \"Avoid eye contact. Keep away from direct heat and sunlight.\",\n    \"Item Number\": \"1535059\",\n    \"Product Series\": \"Nutritive\",\n    \"Net Weight\": \"0.009 kg\",\n    \"Package Height\": \"3.5 cm\",\n    \"Package Length\": \"4.8 cm\",\n    \"Package Width\": \"4.8 cm\"\n}"
    },
    {
        "product_name": "Sisley Black Rose Eye Contour Fluid 14 ml",
        "brand_name": "Sisley",
        "brand_url": "https://shop.frankfurt-airport.com/en-US/brand/sisley",
        "retailer_name": "Frankfurt Duty Free",
        "retailer_url": "https://shop.frankfurt-airport.com/en-US/retailer/heinemann",
        "price": "\u20ac124.99",
        "price_per_quantity": "\u20ac892.79 / 100  ml",
        "description": "A refreshing eye fluid with exceptional revitalising performance, to smooth, open up and illuminate the eye in a single stroke. Aquaous Black Rose extract: smoothes;Padina pavonica extract: moisturises and smoothes;Vitamin E Acetate: protects;Red Vine extract:  anti-dark circle, brightens;Caffeine: anti-puffiness;Chlorella extract: revitalises, illuminates;Oily Black Rose extract: softens; Solution of Biosaccharides: moisturises;Shea Oil: nourishesA refreshing eye fluid with exceptional revitalising performance, to smooth, open up and illuminate the eye in a single stroke. Aquaous Black Rose extract: smoothes;Padina pavonica extract: moisturises and smoothes;Vitamin E Acetate: protects;Red Vine extract:  anti-dark circle, brightens;Caffeine: anti-puffiness;Chlorella extract: revitalises, illuminates;Oily Black Rose extract: softens; Solution of Biosaccharides: moisturises;Shea Oil: nourishes",
        "additional_information": "{\n    \"Order Amount\": \"14 ml\",\n    \"Warning Hints\": \"Avoid eye contact. Keep away from direct heat and sunlight.\",\n    \"Item Number\": \"1444569\",\n    \"Product Series\": \"Black Rose\",\n    \"Net Weight\": \"0.014 kg\",\n    \"Package Height\": \"15.25 cm\",\n    \"Package Length\": \"3.8 cm\",\n    \"Package Width\": \"2.9 cm\"\n}"
    },
    {
        "product_name": "Sisley Phyto-Hydra Teint Foundation SPF 15 N 3 Golden 40 ml",
        "brand_name": "Sisley",
        "brand_url": "https://shop.frankfurt-airport.com/en-US/brand/sisley",
        "retailer_name": "Frankfurt Duty Free",
        "retailer_url": "https://shop.frankfurt-airport.com/en-US/retailer/heinemann",
        "price": "\u20ac92.99",
        "price_per_quantity": "\u20ac232.48 / 100  ml",
        "description": "The ideal combination of skincare and make-up for a radiant healthy glow. White Lily extract: moisturises and brings comfort to the skinA fruity cocktail of plant-based extracts (Golden Apple Tree, Grapefruit and Kiwi): visibly improves the quality of the skin (astringent and smoothing effect) and energizes itBuckwheat seed extract: helps the skin to better resist environmental damage, pollution and fine particlesVitamin E acetate: anti-free radical propertiesThe ideal combination of skincare and make-up for a radiant healthy glow. White Lily extract: moisturises and brings comfort to the skinA fruity cocktail of plant-based extracts (Golden Apple Tree, Grapefruit and Kiwi): visibly improves the quality of the skin (astringent and smoothing effect) and energizes itBuckwheat seed extract: helps the skin to better resist environmental damage, pollution and fine particlesVitamin E acetate: anti-free radical properties",
        "additional_information": "{\n    \"Order Amount\": \"40 ml\",\n    \"made in\": \"France\",\n    \"Warning Hints\": \"Avoid eye contact. Keep away from direct heat and sunlight.\",\n    \"Item Number\": \"1436370\",\n    \"Manufacturer Color\": \"No. 3 - Golden\",\n    \"Product Series\": \"Phyto-Hydra Teint\",\n    \"Net Weight\": \"0.04 kg\",\n    \"Package Height\": \"14.1 cm\",\n    \"Package Length\": \"3.1 cm\",\n    \"Package Width\": \"3.1 cm\"\n}"
    },
    {
        "product_name": "Sisley Phyto-Hydra Teint Foundation SPF 15 N 2 Medium 40 ml",
        "brand_name": "Sisley",
        "brand_url": "https://shop.frankfurt-airport.com/en-US/brand/sisley",
        "retailer_name": "Frankfurt Duty Free",
        "retailer_url": "https://shop.frankfurt-airport.com/en-US/retailer/heinemann",
        "price": "\u20ac92.99",
        "price_per_quantity": "\u20ac232.48 / 100  ml",
        "description": "The ideal combination of skincare and make-up for a radiant healthy glow. White Lily extract: moisturises and brings comfort to the skinA fruity cocktail of plant-based extracts (Golden Apple Tree, Grapefruit and Kiwi): visibly improves the quality of the skin (astringent and smoothing effect) and energizes itBuckwheat seed extract: helps the skin to better resist environmental damage, pollution and fine particlesVitamin E acetate: anti-free radical propertiesThe ideal combination of skincare and make-up for a radiant healthy glow. White Lily extract: moisturises and brings comfort to the skinA fruity cocktail of plant-based extracts (Golden Apple Tree, Grapefruit and Kiwi): visibly improves the quality of the skin (astringent and smoothing effect) and energizes itBuckwheat seed extract: helps the skin to better resist environmental damage, pollution and fine particlesVitamin E acetate: anti-free radical properties",
        "additional_information": "{\n    \"Order Amount\": \"40 ml\",\n    \"made in\": \"France\",\n    \"Warning Hints\": \"Avoid eye contact. Keep away from direct heat and sunlight.\",\n    \"Item Number\": \"1436339\",\n    \"Manufacturer Color\": \"No. 2 - Medium\",\n    \"Product Series\": \"Phyto-Hydra Teint\",\n    \"Net Weight\": \"0.04 kg\",\n    \"Package Height\": \"14.1 cm\",\n    \"Package Length\": \"3.1 cm\",\n    \"Package Width\": \"3.1 cm\"\n}"
    },
    {
        "product_name": "Sisley Make-up Remover Balm 125 g",
        "brand_name": "Sisley",
        "brand_url": "https://shop.frankfurt-airport.com/en-US/brand/sisley",
        "retailer_name": "Frankfurt Duty Free",
        "retailer_url": "https://shop.frankfurt-airport.com/en-US/retailer/heinemann",
        "price": "\u20ac97.99",
        "price_per_quantity": "\u20ac78.39 / 100  ml",
        "description": "A soothing balm that transforms into an Oil then into a milky emulsion, for an effective and optimum face and eye make-up removal and cleansing, while offering intense comfort. Babassu Oil: nourishing properties.Shea Oil: restores.Macadamia Oil: mimics the hydrolipidic film and softens the skin./liMango butter: protects and contributes to hydration./liAlpha-Bisabolol of natural origin.A soothing balm that transforms into an Oil then into a milky emulsion, for an effective and optimum face and eye make-up removal and cleansing, while offering intense comfort. Babassu Oil: nourishing properties.Shea Oil: restores.Macadamia Oil: mimics the hydrolipidic film and softens the skin./liMango butter: protects and contributes to hydration./liAlpha-Bisabolol of natural origin.",
        "additional_information": "{\n    \"Order Amount\": \"125 ml\",\n    \"Warning Hints\": \"Avoid eye contact. Keep away from direct heat and sunlight.\",\n    \"Item Number\": \"1444568\",\n    \"Product Series\": \"Cleanser\",\n    \"Net Weight\": \"0.125 kg\",\n    \"Package Height\": \"6.5 cm\",\n    \"Package Length\": \"10.1 cm\",\n    \"Package Width\": \"10.1 cm\"\n}"
    },
    {
        "product_name": "Sisley Make-up Remover Eye and Lip Make-up Remover 120 ml",
        "brand_name": "Sisley",
        "brand_url": "https://shop.frankfurt-airport.com/en-US/brand/sisley",
        "retailer_name": "Frankfurt Duty Free",
        "retailer_url": "https://shop.frankfurt-airport.com/en-US/retailer/heinemann",
        "price": "\u20ac77.99",
        "price_per_quantity": "\u20ac64.99 / 100  ml",
        "description": "A fresh gel make-up remover, that is as gentle on the eyes as it is effective for removing stubborn make-up, even waterproof. Peony extract: provides softness and comfort; Cornflower hydrolat: soothes and softens; Pro-vitamin B5 and Glycerine of vegetable origin: contributes to the skin's hydration; Toning key ingredients complex - Ginseng extract and Orange blossom flower water: refreshes the eye contourA fresh gel make-up remover, that is as gentle on the eyes as it is effective for removing stubborn make-up, even waterproof. Peony extract: provides softness and comfort; Cornflower hydrolat: soothes and softens; Pro-vitamin B5 and Glycerine of vegetable origin: contributes to the skin's hydration; Toning key ingredients complex - Ginseng extract and Orange blossom flower water: refreshes the eye contour",
        "additional_information": "{\n    \"Order Amount\": \"120 ml\",\n    \"Warning Hints\": \"Avoid eye contact. Keep away from direct heat and sunlight.\",\n    \"Item Number\": \"1444567\",\n    \"Product Series\": \"Cleanser\",\n    \"Net Weight\": \"0.12 kg\",\n    \"Package Height\": \"12 cm\",\n    \"Package Length\": \"5.45 cm\",\n    \"Package Width\": \"5.55 cm\"\n}"
    },
    {
        "product_name": "Sisley Phyto-Blanc Le Soin 40 ml",
        "brand_name": "Sisley",
        "brand_url": "https://shop.frankfurt-airport.com/en-US/brand/sisley",
        "retailer_name": "Frankfurt Duty Free",
        "retailer_url": "https://shop.frankfurt-airport.com/en-US/retailer/heinemann",
        "price": "\u20ac309.99",
        "price_per_quantity": "\u20ac774.98 / 100  ml",
        "description": "Patented* brightening and anti-dark spot urban shield for protected skin, a beautified complexion and refined skin texture. *Patent pending in France Patented* Phyto-Blanc complex : Brightens any anti-dark spots. Rosehip extract : Anti-glycation. Green Lentil extract : Smooths and tightens enlarged pores. Bisabolol of natural origin : Soothes. Titanium Dioxide : Protects against UVAs, UVBs . Buckwheat seed extract : Anti-pollution. Vitamin E acetate : Anti-free radical. Pro-vitamin B5, Macadamia Oil, Glycerin of vegetable origin : Moisturise and soften. *Patent pending in FrancePatented* brightening and anti-dark spot urban shield for protected skin, a beautified complexion and refined skin texture. *Patent pending in France Patented* Phyto-Blanc complex : Brightens any anti-dark spots. Rosehip extract : Anti-glycation. Green Lentil extract : Smooths and tightens enlarged pores. Bisabolol of natural origin : Soothes. Titanium Dioxide : Protects against UVAs, UVBs . Buckwheat seed extract : Anti-pollution. Vitamin E acetate : Anti-free radical. Pro-vitamin B5, Macadamia Oil, Glycerin of vegetable origin : Moisturise and soften. *Patent pending in France",
        "additional_information": "{\n    \"Order Amount\": \"40 ml\",\n    \"Warning Hints\": \"Avoid eye contact. Keep away from direct heat and sunlight.\",\n    \"Item Number\": \"1541109\",\n    \"Product Series\": \"Phyto-Blanc\",\n    \"Net Weight\": \"0.04 kg\",\n    \"Package Height\": \"15.4 cm\",\n    \"Package Length\": \"4.5 cm\",\n    \"Package Width\": \"4.5 cm\"\n}"
    },
    {
        "product_name": "Sisley Supremya La Nuit Le Grand Baume Anti Age Night Cream 50 ml",
        "brand_name": "Sisley",
        "brand_url": "https://shop.frankfurt-airport.com/en-US/brand/sisley",
        "retailer_name": "Frankfurt Duty Free",
        "retailer_url": "https://shop.frankfurt-airport.com/en-US/retailer/heinemann",
        "price": "\u20ac669.00",
        "price_per_quantity": "\u20ac1,338.00 / 100  ml",
        "description": "A remarkable anti-ageing product for dry skin that unlocks the regenerative power of your skin every night. Fundamental Regeneration Complex: a powerful combination of anti-ageing ingredientsA remarkable anti-ageing product for dry skin that unlocks the regenerative power of your skin every night. Fundamental Regeneration Complex: a powerful combination of anti-ageing ingredients",
        "additional_information": "{\n    \"Order Amount\": \"50 ml\",\n    \"Warning Hints\": \"Avoid eye contact. Keep away from direct heat and sunlight.\",\n    \"Item Number\": \"1595659\",\n    \"Product Series\": \"Supremya\",\n    \"Net Weight\": \"0.05 kg\",\n    \"Package Height\": \"6.9 cm\",\n    \"Package Length\": \"7.2 cm\",\n    \"Package Width\": \"7.35 cm\"\n}"
    },
    {
        "product_name": "Sisley Phyto-Rouge Velvet Lipstick N 41 Rouge Flame",
        "brand_name": "Sisley",
        "brand_url": "https://shop.frankfurt-airport.com/en-US/brand/sisley",
        "retailer_name": "Frankfurt Duty Free",
        "retailer_url": "https://shop.frankfurt-airport.com/en-US/retailer/heinemann",
        "price": "\u20ac47.99",
        "price_per_quantity": "\u20ac1,599.67 / 100  g",
        "description": "An immediate high-intensity matte finish as soft and luminous as velvet. Day after day, more supple, smoother and plumper lips, even  when bare. Hydrobooster Complex (Hyaluronic Acid and Konjac Glucomannan microspheres): immediately saturates skin with moisture. Plumping and smoothing effect.Naturally-derived filler ingredient (Padina pavonica extract):Antioxidant (Vitamin E Acetate): helps to protects lips from oxidative stress Vegetal oil: preserves lip hydration and forms a protective filmAn immediate high-intensity matte finish as soft and luminous as velvet. Day after day, more supple, smoother and plumper lips, even  when bare. Hydrobooster Complex (Hyaluronic Acid and Konjac Glucomannan microspheres): immediately saturates skin with moisture. Plumping and smoothing effect.Naturally-derived filler ingredient (Padina pavonica extract):Antioxidant (Vitamin E Acetate): helps to protects lips from oxidative stress Vegetal oil: preserves lip hydration and forms a protective film",
        "additional_information": "{\n    \"Order Amount\": \"3 g\",\n    \"made in\": \"Italy\",\n    \"Warning Hints\": \"Avoid eye contact. Keep away from direct heat and sunlight.\",\n    \"Item Number\": \"1680840\",\n    \"Manufacturer Color\": \"No. 41 - Rouge Flame\",\n    \"Product Series\": \"Phyto-Rouge Velvet\",\n    \"Net Weight\": \"0.003 kg\",\n    \"Package Height\": \"8 cm\",\n    \"Package Length\": \"2.8 cm\",\n    \"Package Width\": \"2.9 cm\"\n}"
    },
    {
        "product_name": "Sisley Phyto-Rouge Velvet Lipstick N 10 Beige Nude",
        "brand_name": "Sisley",
        "brand_url": "https://shop.frankfurt-airport.com/en-US/brand/sisley",
        "retailer_name": "Frankfurt Duty Free",
        "retailer_url": "https://shop.frankfurt-airport.com/en-US/retailer/heinemann",
        "price": "\u20ac47.99",
        "price_per_quantity": "\u20ac1,599.67 / 100  g",
        "description": "An immediate high-intensity matte finish as soft and luminous as velvet. Day after day, more supple, smoother and plumper lips, even  when bare. Hydrobooster Complex (Hyaluronic Acid and Konjac Glucomannan microspheres): immediately saturates skin with moisture. Plumping and smoothing effect.Naturally-derived filler ingredient (Padina pavonica extract):Antioxidant (Vitamin E Acetate): helps to protects lips from oxidative stress Vegetal oil: preserves lip hydration and forms a protective filmAn immediate high-intensity matte finish as soft and luminous as velvet. Day after day, more supple, smoother and plumper lips, even  when bare. Hydrobooster Complex (Hyaluronic Acid and Konjac Glucomannan microspheres): immediately saturates skin with moisture. Plumping and smoothing effect.Naturally-derived filler ingredient (Padina pavonica extract):Antioxidant (Vitamin E Acetate): helps to protects lips from oxidative stress Vegetal oil: preserves lip hydration and forms a protective film",
        "additional_information": "{\n    \"Order Amount\": \"3 g\",\n    \"made in\": \"Italy\",\n    \"Warning Hints\": \"Avoid eye contact. Keep away from direct heat and sunlight.\",\n    \"Item Number\": \"1680835\",\n    \"Manufacturer Color\": \"No. 10 - Beige Nude\",\n    \"Product Series\": \"Phyto-Rouge Velvet\",\n    \"Net Weight\": \"0.003 kg\",\n    \"Package Height\": \"2.75 cm\",\n    \"Package Length\": \"7.8 cm\",\n    \"Package Width\": \"2.75 cm\"\n}"
    },
    {
        "product_name": "Sisley Phyto-Rouge Velvet Lipstick N 31 Orange Fawn",
        "brand_name": "Sisley",
        "brand_url": "https://shop.frankfurt-airport.com/en-US/brand/sisley",
        "retailer_name": "Frankfurt Duty Free",
        "retailer_url": "https://shop.frankfurt-airport.com/en-US/retailer/heinemann",
        "price": "\u20ac47.99",
        "price_per_quantity": "\u20ac1,599.67 / 100  g",
        "description": "An immediate high-intensity matte finish as soft and luminous as velvet. Day after day, more supple, smoother and plumper lips, even  when bare. Hydrobooster Complex (Hyaluronic Acid and Konjac Glucomannan microspheres): immediately saturates skin with moisture. Plumping and smoothing effect.Naturally-derived filler ingredient (Padina pavonica extract):Antioxidant (Vitamin E Acetate): helps to protects lips from oxidative stress Vegetal oil: preserves lip hydration and forms a protective filmAn immediate high-intensity matte finish as soft and luminous as velvet. Day after day, more supple, smoother and plumper lips, even  when bare. Hydrobooster Complex (Hyaluronic Acid and Konjac Glucomannan microspheres): immediately saturates skin with moisture. Plumping and smoothing effect.Naturally-derived filler ingredient (Padina pavonica extract):Antioxidant (Vitamin E Acetate): helps to protects lips from oxidative stress Vegetal oil: preserves lip hydration and forms a protective film",
        "additional_information": "{\n    \"Order Amount\": \"3 g\",\n    \"made in\": \"Italy\",\n    \"Warning Hints\": \"Avoid eye contact. Keep away from direct heat and sunlight.\",\n    \"Item Number\": \"1680842\",\n    \"Manufacturer Color\": \"No. 31 - Orange Fawn\",\n    \"Product Series\": \"Phyto-Rouge Velvet\",\n    \"Net Weight\": \"0.003 kg\",\n    \"Package Height\": \"8 cm\",\n    \"Package Length\": \"2.8 cm\",\n    \"Package Width\": \"2.9 cm\"\n}"
    },
    {
        "product_name": "Sisley Phyto-Rouge Velvet Lipstick N 40 Rouge Icon",
        "brand_name": "Sisley",
        "brand_url": "https://shop.frankfurt-airport.com/en-US/brand/sisley",
        "retailer_name": "Frankfurt Duty Free",
        "retailer_url": "https://shop.frankfurt-airport.com/en-US/retailer/heinemann",
        "price": "\u20ac47.99",
        "price_per_quantity": "\u20ac1,599.67 / 100  g",
        "description": "An immediate high-intensity matte finish as soft and luminous as velvet. Day after day, more supple, smoother and plumper lips, even  when bare. Hydrobooster Complex (Hyaluronic Acid and Konjac Glucomannan microspheres): immediately saturates skin with moisture. Plumping and smoothing effect.Naturally-derived filler ingredient (Padina pavonica extract):Antioxidant (Vitamin E Acetate): helps to protects lips from oxidative stress Vegetal oil: preserves lip hydration and forms a protective filmAn immediate high-intensity matte finish as soft and luminous as velvet. Day after day, more supple, smoother and plumper lips, even  when bare. Hydrobooster Complex (Hyaluronic Acid and Konjac Glucomannan microspheres): immediately saturates skin with moisture. Plumping and smoothing effect.Naturally-derived filler ingredient (Padina pavonica extract):Antioxidant (Vitamin E Acetate): helps to protects lips from oxidative stress Vegetal oil: preserves lip hydration and forms a protective film",
        "additional_information": "{\n    \"Order Amount\": \"3 g\",\n    \"made in\": \"Italy\",\n    \"Warning Hints\": \"Avoid eye contact. Keep away from direct heat and sunlight.\",\n    \"Item Number\": \"1680841\",\n    \"Manufacturer Color\": \"No. 40 - Rouge Icon\",\n    \"Product Series\": \"Phyto-Rouge Velvet\",\n    \"Net Weight\": \"0.003 kg\",\n    \"Package Height\": \"8 cm\",\n    \"Package Length\": \"2.8 cm\",\n    \"Package Width\": \"2.9 cm\"\n}"
    },
    {
        "product_name": "Sisley Phyto-Rouge Velvet Lipstick N 43 Rouge Ardent",
        "brand_name": "Sisley",
        "brand_url": "https://shop.frankfurt-airport.com/en-US/brand/sisley",
        "retailer_name": "Frankfurt Duty Free",
        "retailer_url": "https://shop.frankfurt-airport.com/en-US/retailer/heinemann",
        "price": "\u20ac47.99",
        "price_per_quantity": "\u20ac1,599.67 / 100  g",
        "description": "An immediate high-intensity matte finish as soft and luminous as velvet. Day after day, more supple, smoother and plumper lips, even  when bare. Hydrobooster Complex (Hyaluronic Acid and Konjac Glucomannan microspheres): immediately saturates skin with moisture. Plumping and smoothing effect.Naturally-derived filler ingredient (Padina pavonica extract):Antioxidant (Vitamin E Acetate): helps to protects lips from oxidative stress Vegetal oil: preserves lip hydration and forms a protective filmAn immediate high-intensity matte finish as soft and luminous as velvet. Day after day, more supple, smoother and plumper lips, even  when bare. Hydrobooster Complex (Hyaluronic Acid and Konjac Glucomannan microspheres): immediately saturates skin with moisture. Plumping and smoothing effect.Naturally-derived filler ingredient (Padina pavonica extract):Antioxidant (Vitamin E Acetate): helps to protects lips from oxidative stress Vegetal oil: preserves lip hydration and forms a protective film",
        "additional_information": "{\n    \"Order Amount\": \"3 g\",\n    \"made in\": \"Italy\",\n    \"Warning Hints\": \"Avoid eye contact. Keep away from direct heat and sunlight.\",\n    \"Item Number\": \"1680838\",\n    \"Manufacturer Color\": \"No. 43 - Rouge Ardent\",\n    \"Product Series\": \"Phyto-Rouge Velvet\",\n    \"Net Weight\": \"0.003 kg\",\n    \"Package Height\": \"8 cm\",\n    \"Package Length\": \"2.8 cm\",\n    \"Package Width\": \"2.9 cm\"\n}"
    },
    {
        "product_name": "Sisley Supremya La Nuit Le Grand Soin Anti Age Day Cream 50 ml",
        "brand_name": "Sisley",
        "brand_url": "https://shop.frankfurt-airport.com/en-US/brand/sisley",
        "retailer_name": "Frankfurt Duty Free",
        "retailer_url": "https://shop.frankfurt-airport.com/en-US/retailer/heinemann",
        "price": "\u20ac669.00",
        "price_per_quantity": "\u20ac1,338.00 / 100  ml",
        "description": "A remarkable anti-ageing product that unlocks the regenerative power of your skin. Fundamental Regeneration Complex: a powerful combination of anti-ageing ingredients.A remarkable anti-ageing product that unlocks the regenerative power of your skin. Fundamental Regeneration Complex: a powerful combination of anti-ageing ingredients.",
        "additional_information": "{\n    \"Order Amount\": \"50 ml\",\n    \"Warning Hints\": \"Avoid eye contact. Keep away from direct heat and sunlight.\",\n    \"Item Number\": \"1595658\",\n    \"Product Series\": \"Supremya\",\n    \"Net Weight\": \"0.05 kg\",\n    \"Package Height\": \"16.5 cm\",\n    \"Package Length\": \"4.1 cm\",\n    \"Package Width\": \"4 cm\"\n}"
    },
    {
        "product_name": "Sisley Phyto-Rouge Velvet Lipstick N 21 Rose Pop",
        "brand_name": "Sisley",
        "brand_url": "https://shop.frankfurt-airport.com/en-US/brand/sisley",
        "retailer_name": "Frankfurt Duty Free",
        "retailer_url": "https://shop.frankfurt-airport.com/en-US/retailer/heinemann",
        "price": "\u20ac47.99",
        "price_per_quantity": "\u20ac1,599.67 / 100  g",
        "description": "An immediate high-intensity matte finish as soft and luminous as velvet. Day after day, more supple, smoother and plumper lips, even  when bare. Hydrobooster Complex (Hyaluronic Acid and Konjac Glucomannan microspheres): immediately saturates skin with moisture. Plumping and smoothing effect.Naturally-derived filler ingredient (Padina pavonica extract):Antioxidant (Vitamin E Acetate): helps to protects lips from oxidative stress Vegetal oil: preserves lip hydration and forms a protective filmAn immediate high-intensity matte finish as soft and luminous as velvet. Day after day, more supple, smoother and plumper lips, even  when bare. Hydrobooster Complex (Hyaluronic Acid and Konjac Glucomannan microspheres): immediately saturates skin with moisture. Plumping and smoothing effect.Naturally-derived filler ingredient (Padina pavonica extract):Antioxidant (Vitamin E Acetate): helps to protects lips from oxidative stress Vegetal oil: preserves lip hydration and forms a protective film",
        "additional_information": "{\n    \"Order Amount\": \"3 g\",\n    \"made in\": \"Italy\",\n    \"Warning Hints\": \"Avoid eye contact. Keep away from direct heat and sunlight.\",\n    \"Item Number\": \"1680837\",\n    \"Manufacturer Color\": \"No. 21 - Rose Pop\",\n    \"Product Series\": \"Phyto-Rouge Velvet\",\n    \"Net Weight\": \"0.003 kg\",\n    \"Package Height\": \"8 cm\",\n    \"Package Length\": \"2.8 cm\",\n    \"Package Width\": \"2.9 cm\"\n}"
    },
    {
        "product_name": "Sisley Phyto-Lip Gloss Lip Gloss N 09 Sunset",
        "brand_name": "Sisley",
        "brand_url": "https://shop.frankfurt-airport.com/en-US/brand/sisley",
        "retailer_name": "Frankfurt Duty Free",
        "retailer_url": "https://shop.frankfurt-airport.com/en-US/retailer/heinemann",
        "price": "\u20ac49.99",
        "price_per_quantity": "\u20ac833.17 / 100  ml",
        "description": "The combination of a new shine and an ultra-sensory caring formula for plumped and smoothed lips. Capacity: 6.5 ml Hydrobooster complex (composed of Hyaluronic Acid and Konjac Glucomannans): immediately infuses skin with water and maintains hydration, plumps and smoothesMacadamia oil: softens, smoothes and provides comfortShea oil: nourishes, repairsVitamin E acetate: protects the lips from oxidative stressThe combination of a new shine and an ultra-sensory caring formula for plumped and smoothed lips. Capacity: 6.5 ml Hydrobooster complex (composed of Hyaluronic Acid and Konjac Glucomannans): immediately infuses skin with water and maintains hydration, plumps and smoothesMacadamia oil: softens, smoothes and provides comfortShea oil: nourishes, repairsVitamin E acetate: protects the lips from oxidative stress",
        "additional_information": "{\n    \"Order Amount\": \"6 ml\",\n    \"made in\": \"France\",\n    \"Warning Hints\": \"Avoid eye contact. Keep away from direct heat and sunlight.\",\n    \"Item Number\": \"1450046\",\n    \"Manufacturer Color\": \"No. 09 - Sunset\",\n    \"Product Series\": \"Le Phyto-Gloss\",\n    \"Net Weight\": \"0.006 kg\",\n    \"Package Height\": \"8.2 cm\",\n    \"Package Length\": \"2.3 cm\",\n    \"Package Width\": \"2.3 cm\"\n}"
    },
    {
        "product_name": "PHYTO-ROUGE SHINE 31 SHEER CHILI The color of a lipstick. The shine of a gloss. The comfort of a balm.",
        "brand_name": "Sisley",
        "brand_url": "https://shop.frankfurt-airport.com/en-US/brand/sisley",
        "retailer_name": "Frankfurt Duty Free",
        "retailer_url": "https://shop.frankfurt-airport.com/en-US/retailer/heinemann",
        "price": "\u20ac44.99",
        "price_per_quantity": "\u20ac1,499.67 / 100  g",
        "description": "The colour of a lipstick. The shine of a gloss. The comfort of a balm. Capacity: 3 gHydrobooster complex (Hyaluronic Acid and Konjac  Glucomannan microspheres): immediately saturates skin with moisture and lastingly maintains hydration, an immediate plumping and smoothing effectPadina pavonica extract: hydrates, plumpsMoringa oil: nourishes, provides softness and supplenessJojoba oil: provides softness and comfortVitamin E acetate: protects lips from oxidative stressThe colour of a lipstick. The shine of a gloss. The comfort of a balm. Capacity: 3 gHydrobooster complex (Hyaluronic Acid and Konjac  Glucomannan microspheres): immediately saturates skin with moisture and lastingly maintains hydration, an immediate plumping and smoothing effectPadina pavonica extract: hydrates, plumpsMoringa oil: nourishes, provides softness and supplenessJojoba oil: provides softness and comfortVitamin E acetate: protects lips from oxidative stress",
        "additional_information": "{\n    \"Order Amount\": \"3 g\",\n    \"made in\": \"Italy\",\n    \"Warning Hints\": \"Avoid eye contact. Keep away from direct heat and sunlight.\",\n    \"Item Number\": \"1516847\",\n    \"Manufacturer Color\": \"No. 31 - Sheer Chili\",\n    \"Product Series\": \"Phyto-Rouge Shine\",\n    \"Net Weight\": \"0.003 kg\",\n    \"Package Height\": \"8.6 cm\",\n    \"Package Length\": \"2.23 cm\",\n    \"Package Width\": \"2.23 cm\"\n}"
    },
    {
        "product_name": "Sisley Phyto-Rouge Shine Lipstick N 13 Sheer Beverliy Hills",
        "brand_name": "Sisley",
        "brand_url": "https://shop.frankfurt-airport.com/en-US/brand/sisley",
        "retailer_name": "Frankfurt Duty Free",
        "retailer_url": "https://shop.frankfurt-airport.com/en-US/retailer/heinemann",
        "price": "\u20ac44.99",
        "price_per_quantity": "\u20ac1,499.67 / 100  g",
        "description": "The colour of a lipstick. The shine of a gloss. The comfort of a balm. Capacity: 3 gHydrobooster complex (Hyaluronic Acid and Konjac  Glucomannan microspheres): immediately saturates skin with moisture and lastingly maintains hydration, an immediate plumping and smoothing effectPadina pavonica extract: hydrates, plumpsMoringa oil: nourishes, provides softness and supplenessJojoba oil: provides softness and comfortVitamin E acetate: protects lips from oxidative stressThe colour of a lipstick. The shine of a gloss. The comfort of a balm. Capacity: 3 gHydrobooster complex (Hyaluronic Acid and Konjac  Glucomannan microspheres): immediately saturates skin with moisture and lastingly maintains hydration, an immediate plumping and smoothing effectPadina pavonica extract: hydrates, plumpsMoringa oil: nourishes, provides softness and supplenessJojoba oil: provides softness and comfortVitamin E acetate: protects lips from oxidative stress",
        "additional_information": "{\n    \"Order Amount\": \"3 g\",\n    \"made in\": \"Italy\",\n    \"Warning Hints\": \"Avoid eye contact. Keep away from direct heat and sunlight.\",\n    \"Item Number\": \"1595783\",\n    \"Manufacturer Color\": \"No. 13 - SHEER BEVERLIY HIL\",\n    \"Product Series\": \"Phyto-Rouge Shine\",\n    \"Net Weight\": \"0.003 kg\",\n    \"Package Height\": \"8.6 cm\",\n    \"Package Length\": \"2.23 cm\",\n    \"Package Width\": \"2.23 cm\"\n}"
    },
    {
        "product_name": "PHYTO-ROUGE SHINE 12 SHEER COCOA The color of a lipstick. The shine of a gloss. The comfort of a balm.",
        "brand_name": "Sisley",
        "brand_url": "https://shop.frankfurt-airport.com/en-US/brand/sisley",
        "retailer_name": "Frankfurt Duty Free",
        "retailer_url": "https://shop.frankfurt-airport.com/en-US/retailer/heinemann",
        "price": "\u20ac44.99",
        "price_per_quantity": "\u20ac1,499.67 / 100  g",
        "description": "The colour of a lipstick. The shine of a gloss. The comfort of a balm. Capacity: 3 gHydrobooster complex (Hyaluronic Acid and Konjac  Glucomannan microspheres): immediately saturates skin with moisture and lastingly maintains hydration, an immediate plumping and smoothing effectPadina pavonica extract: hydrates, plumpsMoringa oil: nourishes, provides softness and supplenessJojoba oil: provides softness and comfortVitamin E acetate: protects lips from oxidative stressThe colour of a lipstick. The shine of a gloss. The comfort of a balm. Capacity: 3 gHydrobooster complex (Hyaluronic Acid and Konjac  Glucomannan microspheres): immediately saturates skin with moisture and lastingly maintains hydration, an immediate plumping and smoothing effectPadina pavonica extract: hydrates, plumpsMoringa oil: nourishes, provides softness and supplenessJojoba oil: provides softness and comfortVitamin E acetate: protects lips from oxidative stress",
        "additional_information": "{\n    \"Order Amount\": \"3 g\",\n    \"made in\": \"Italy\",\n    \"Warning Hints\": \"Avoid eye contact. Keep away from direct heat and sunlight.\",\n    \"Item Number\": \"1516851\",\n    \"Manufacturer Color\": \"No. 12 - Sheer Cocoa\",\n    \"Product Series\": \"Phyto-Rouge Shine\",\n    \"Net Weight\": \"0.003 kg\",\n    \"Package Height\": \"8.6 cm\",\n    \"Package Length\": \"2.23 cm\",\n    \"Package Width\": \"2.23 cm\"\n}"
    },
    {
        "product_name": "SISLEYA IAA DUO FACE & EYE",
        "brand_name": "Sisley",
        "brand_url": "https://shop.frankfurt-airport.com/en-US/brand/sisley",
        "retailer_name": "Frankfurt Duty Free",
        "retailer_url": "https://shop.frankfurt-airport.com/en-US/retailer/heinemann",
        "price": "\u20ac519.00",
        "price_per_quantity": "",
        "description": "A winning duo for the face and eye & lip contours. This kit contains full sizes of: Sisle\u00ffa L'Integral Anti-Age 50ml, the truly complete anti-aging product that takes into account genetic and environmental aging, and now behavioral aging. It acts on the look of wrinkles, firmness, density, radiance and hydration. Sisle\u00ffa L'Integral Anti-Age Eye and Lip Contour Cream 15ml, a powerful skin care product with an anti-wrinkle firming action. It fights against the look of puffiness and dark circles for eyes that appear redefined, wider, brighter and visibly more youthful. The lips appear reshaped and more defined.A winning duo for the face and eye & lip contours. This kit contains full sizes of: Sisle\u00ffa L'Integral Anti-Age 50ml, the truly complete anti-aging product that takes into account genetic and environmental aging, and now behavioral aging. It acts on the look of wrinkles, firmness, density, radiance and hydration. Sisle\u00ffa L'Integral Anti-Age Eye and Lip Contour Cream 15ml, a powerful skin care product with an anti-wrinkle firming action. It fights against the look of puffiness and dark circles for eyes that appear redefined, wider, brighter and visibly more youthful. The lips appear reshaped and more defined.",
        "additional_information": "{\n    \"Warning Hints\": \"Avoid eye contact. Keep away from direct heat and sunlight.\",\n    \"Item Number\": \"1516801\",\n    \"Product Series\": \"Sisleya\",\n    \"Net Weight\": \"0.075 kg\",\n    \"Package Height\": \"20.15 cm\",\n    \"Package Length\": \"10.13 cm\",\n    \"Package Width\": \"9.28 cm\"\n}"
    },
    {
        "product_name": "OMBRE ECLAT LIQUIDE 6 WILD A long-lasting, fresh and ultra-luminous wash of colour.",
        "brand_name": "Sisley",
        "brand_url": "https://shop.frankfurt-airport.com/en-US/brand/sisley",
        "retailer_name": "Frankfurt Duty Free",
        "retailer_url": "https://shop.frankfurt-airport.com/en-US/retailer/heinemann",
        "price": "\u20ac42.99",
        "price_per_quantity": "\u20ac661.38 / 100  ml",
        "description": "A long-lasting, fresh and ultra-luminous wash of colour. Capacity: 6.5 mlPlant based glycerin: suppleness and softnessA long-lasting, fresh and ultra-luminous wash of colour. Capacity: 6.5 mlPlant based glycerin: suppleness and softness",
        "additional_information": "{\n    \"Order Amount\": \"6.5 ml\",\n    \"made in\": \"France\",\n    \"Warning Hints\": \"Avoid eye contact. Keep away from direct heat and sunlight.\",\n    \"Item Number\": \"1516834\",\n    \"Manufacturer Color\": \"No. 6 - Wild\",\n    \"Product Series\": \"Ombre Eclat Liquid\",\n    \"Net Weight\": \"0.007 kg\",\n    \"Package Height\": \"8.1 cm\",\n    \"Package Length\": \"2.3 cm\",\n    \"Package Width\": \"2.3 cm\"\n}"
    },
    {
        "product_name": "Sisley Eau de Campagne Eau de Toilette 50 ml",
        "brand_name": "Sisley",
        "brand_url": "https://shop.frankfurt-airport.com/en-US/brand/sisley",
        "retailer_name": "Frankfurt Duty Free",
        "retailer_url": "https://shop.frankfurt-airport.com/en-US/retailer/heinemann",
        "price": "\u20ac82.99",
        "price_per_quantity": "\u20ac165.98 / 100  ml",
        "description": "An interplay of chypre, citrus and grassy aromas. Top notes: Bergamot, Lemon, Basil, Galbanum, Wild herbs;Middle notes: Tomato leaves, Jasmine, Geranium, Lily of the Valley, Plum;Base notes: Oak mouss accord, Patchouli, Vetiver, MuskAn interplay of chypre, citrus and grassy aromas. Top notes: Bergamot, Lemon, Basil, Galbanum, Wild herbs;Middle notes: Tomato leaves, Jasmine, Geranium, Lily of the Valley, Plum;Base notes: Oak mouss accord, Patchouli, Vetiver, Musk",
        "additional_information": "{\n    \"Order Amount\": \"50 ml\",\n    \"Target Gender\": \"Male\",\n    \"made in\": \"France\",\n    \"Type of Fragrance\": \"Eau De Toilette\",\n    \"Warning Hints\": \"Avoid eye contact. Keep away from direct heat and sunlight.\",\n    \"Item Number\": \"1434555\",\n    \"Product Series\": \"Eau de Campagne\",\n    \"Net Weight\": \"0.05 kg\",\n    \"Package Height\": \"14.5 cm\",\n    \"Package Length\": \"4.75 cm\",\n    \"Package Width\": \"4.65 cm\"\n}"
    },
    {
        "product_name": "Sisley Phyto-Teint Ultra Eclat Foundation N 2W2 Desert 30 ml",
        "brand_name": "Sisley",
        "brand_url": "https://shop.frankfurt-airport.com/en-US/brand/sisley",
        "retailer_name": "Frankfurt Duty Free",
        "retailer_url": "https://shop.frankfurt-airport.com/en-US/retailer/heinemann",
        "price": "\u20ac79.99",
        "price_per_quantity": "\u20ac266.63 / 100  ml",
        "description": "Fluid foundation for a long-lasting, even, natural, and radiant complexion. Size: 30 mlAlkekengi calyx extract: smoothes, contributes to the proper hydration of the skin and protects it from environmental damageLemon extract: unifies and lightens the complexionIris extract: moisturises and smoothes the skin textureA mineral Complex \u2013 Copper, Zinc, Magnesium \u2013 acts like a real \"breath of fresh air\"*** for more luminous skin, day after dayBuckwheat seed extract: preserves the complexion's radiance by acting like an anti-pollution shield and protecting the skin from environmental damageMallow extract: possesses moisturizing and softening propertiesGardenia flower extract: moisturizing, softening and emollient properties***In vitro test on the ingredientFluid foundation for a long-lasting, even, natural, and radiant complexion. Size: 30 mlAlkekengi calyx extract: smoothes, contributes to the proper hydration of the skin and protects it from environmental damageLemon extract: unifies and lightens the complexionIris extract: moisturises and smoothes the skin textureA mineral Complex \u2013 Copper, Zinc, Magnesium \u2013 acts like a real \"breath of fresh air\"*** for more luminous skin, day after dayBuckwheat seed extract: preserves the complexion's radiance by acting like an anti-pollution shield and protecting the skin from environmental damageMallow extract: possesses moisturizing and softening propertiesGardenia flower extract: moisturizing, softening and emollient properties***In vitro test on the ingredient",
        "additional_information": "{\n    \"Order Amount\": \"30 ml\",\n    \"made in\": \"Italy\",\n    \"Warning Hints\": \"Avoid eye contact. Keep away from direct heat and sunlight.\",\n    \"Item Number\": \"1516855\",\n    \"Manufacturer Color\": \"Desert\",\n    \"Product Series\": \"Phyto-Teint Ultra Eclat\",\n    \"Net Weight\": \"0.03 kg\",\n    \"Package Height\": \"10.2 cm\",\n    \"Package Length\": \"5.05 cm\",\n    \"Package Width\": \"3.7 cm\"\n}"
    },
    {
        "product_name": "Sisley Izia LN Eau de Parfum 100 ml",
        "brand_name": "Sisley",
        "brand_url": "https://shop.frankfurt-airport.com/en-US/brand/sisley",
        "retailer_name": "Frankfurt Duty Free",
        "retailer_url": "https://shop.frankfurt-airport.com/en-US/retailer/heinemann",
        "price": "\u20ac219.99",
        "price_per_quantity": "\u20ac219.99 / 100  ml",
        "description": "Izia La Nuit is an olfactory journey with a chypre, woody, floral trail just as intense as the memory of a romantic encounter. Top notes: Fresh and vibrant (Blackcurrant, Mandarin, Cardamom); Middle notes: Floral and luminous (d\u2019Ornano Rose, Freesia, Magnolia); Base notes: Woody and sensual (Ambrox, Patchouli, Vanilla);Izia La Nuit is an olfactory journey with a chypre, woody, floral trail just as intense as the memory of a romantic encounter. Top notes: Fresh and vibrant (Blackcurrant, Mandarin, Cardamom); Middle notes: Floral and luminous (d\u2019Ornano Rose, Freesia, Magnolia); Base notes: Woody and sensual (Ambrox, Patchouli, Vanilla);",
        "additional_information": "{\n    \"Order Amount\": \"100 ml\",\n    \"Target Gender\": \"Female\",\n    \"made in\": \"France\",\n    \"Type of Fragrance\": \"Eau De Parfum\",\n    \"Warning Hints\": \"Avoid eye contact. Keep away from direct heat and sunlight.\",\n    \"Item Number\": \"1493245\",\n    \"Product Series\": \"Izia la Nuit\",\n    \"Net Weight\": \"0.1 kg\",\n    \"Package Height\": \"13.15 cm\",\n    \"Package Length\": \"10.35 cm\",\n    \"Package Width\": \"6.3 cm\"\n}"
    },
    {
        "product_name": "Sisley Phyto-Lip Gloss Lip Gloss N 06 Paradise",
        "brand_name": "Sisley",
        "brand_url": "https://shop.frankfurt-airport.com/en-US/brand/sisley",
        "retailer_name": "Frankfurt Duty Free",
        "retailer_url": "https://shop.frankfurt-airport.com/en-US/retailer/heinemann",
        "price": "\u20ac49.99",
        "price_per_quantity": "\u20ac833.17 / 100  ml",
        "description": "The combination of a new shine and an ultra-sensory caring formula for plumped and smoothed lips. Capacity: 6.5 ml Hydrobooster complex (composed of Hyaluronic Acid and Konjac Glucomannans): immediately infuses skin with water and maintains hydration, plumps and smoothesMacadamia oil: softens, smoothes and provides comfortShea oil: nourishes, repairsVitamin E acetate: protects the lips from oxidative stressThe combination of a new shine and an ultra-sensory caring formula for plumped and smoothed lips. Capacity: 6.5 ml Hydrobooster complex (composed of Hyaluronic Acid and Konjac Glucomannans): immediately infuses skin with water and maintains hydration, plumps and smoothesMacadamia oil: softens, smoothes and provides comfortShea oil: nourishes, repairsVitamin E acetate: protects the lips from oxidative stress",
        "additional_information": "{\n    \"Order Amount\": \"6 ml\",\n    \"made in\": \"France\",\n    \"Warning Hints\": \"Avoid eye contact. Keep away from direct heat and sunlight.\",\n    \"Item Number\": \"1450049\",\n    \"Manufacturer Color\": \"No. 06 - Paradise\",\n    \"Product Series\": \"Le Phyto-Gloss\",\n    \"Net Weight\": \"0.006 kg\",\n    \"Package Height\": \"8.1 cm\",\n    \"Package Length\": \"2.3 cm\",\n    \"Package Width\": \"2.3 cm\"\n}"
    },
    {
        "product_name": "PHYTO-ROUGE SHINE 20 SHEER PETAL The color of a lipstick. The shine of a gloss. The comfort of a balm.",
        "brand_name": "Sisley",
        "brand_url": "https://shop.frankfurt-airport.com/en-US/brand/sisley",
        "retailer_name": "Frankfurt Duty Free",
        "retailer_url": "https://shop.frankfurt-airport.com/en-US/retailer/heinemann",
        "price": "\u20ac44.99",
        "price_per_quantity": "\u20ac1,499.67 / 100  g",
        "description": "The colour of a lipstick. The shine of a gloss. The comfort of a balm. Capacity: 3 gHydrobooster complex (Hyaluronic Acid and Konjac  Glucomannan microspheres): immediately saturates skin with moisture and lastingly maintains hydration, an immediate plumping and smoothing effectPadina pavonica extract: hydrates, plumpsMoringa oil: nourishes, provides softness and supplenessJojoba oil: provides softness and comfortVitamin E acetate: protects lips from oxidative stressThe colour of a lipstick. The shine of a gloss. The comfort of a balm. Capacity: 3 gHydrobooster complex (Hyaluronic Acid and Konjac  Glucomannan microspheres): immediately saturates skin with moisture and lastingly maintains hydration, an immediate plumping and smoothing effectPadina pavonica extract: hydrates, plumpsMoringa oil: nourishes, provides softness and supplenessJojoba oil: provides softness and comfortVitamin E acetate: protects lips from oxidative stress",
        "additional_information": "{\n    \"Order Amount\": \"3 g\",\n    \"made in\": \"Italy\",\n    \"Warning Hints\": \"Avoid eye contact. Keep away from direct heat and sunlight.\",\n    \"Item Number\": \"1516842\",\n    \"Manufacturer Color\": \"No. 20 - Sheer Petal\",\n    \"Product Series\": \"Phyto-Rouge Shine\",\n    \"Net Weight\": \"0.003 kg\",\n    \"Package Height\": \"8.6 cm\",\n    \"Package Length\": \"2.23 cm\",\n    \"Package Width\": \"2.23 cm\"\n}"
    },
    {
        "product_name": "PHYTO-ROUGE SHINE 23 SHEER FLAMINGO The color of a lipstick. The shine of a gloss. The comfort of a balm.",
        "brand_name": "Sisley",
        "brand_url": "https://shop.frankfurt-airport.com/en-US/brand/sisley",
        "retailer_name": "Frankfurt Duty Free",
        "retailer_url": "https://shop.frankfurt-airport.com/en-US/retailer/heinemann",
        "price": "\u20ac44.99",
        "price_per_quantity": "\u20ac1,499.67 / 100  g",
        "description": "The colour of a lipstick. The shine of a gloss. The comfort of a balm. Capacity: 3 gHydrobooster complex (Hyaluronic Acid and Konjac  Glucomannan microspheres): immediately saturates skin with moisture and lastingly maintains hydration, an immediate plumping and smoothing effectPadina pavonica extract: hydrates, plumpsMoringa oil: nourishes, provides softness and supplenessJojoba oil: provides softness and comfortVitamin E acetate: protects lips from oxidative stressThe colour of a lipstick. The shine of a gloss. The comfort of a balm. Capacity: 3 gHydrobooster complex (Hyaluronic Acid and Konjac  Glucomannan microspheres): immediately saturates skin with moisture and lastingly maintains hydration, an immediate plumping and smoothing effectPadina pavonica extract: hydrates, plumpsMoringa oil: nourishes, provides softness and supplenessJojoba oil: provides softness and comfortVitamin E acetate: protects lips from oxidative stress",
        "additional_information": "{\n    \"Order Amount\": \"3 g\",\n    \"made in\": \"Italy\",\n    \"Warning Hints\": \"Avoid eye contact. Keep away from direct heat and sunlight.\",\n    \"Item Number\": \"1516845\",\n    \"Manufacturer Color\": \"No. 23 - Sheer Flamingo\",\n    \"Product Series\": \"Phyto-Rouge Shine\",\n    \"Net Weight\": \"0.003 kg\",\n    \"Package Height\": \"8.6 cm\",\n    \"Package Length\": \"2.23 cm\",\n    \"Package Width\": \"2.23 cm\"\n}"
    },
    {
        "product_name": "OMBRE ECLAT LIQUIDE 5 BRONZE A long-lasting, fresh and ultra-luminous wash of colour.",
        "brand_name": "Sisley",
        "brand_url": "https://shop.frankfurt-airport.com/en-US/brand/sisley",
        "retailer_name": "Frankfurt Duty Free",
        "retailer_url": "https://shop.frankfurt-airport.com/en-US/retailer/heinemann",
        "price": "\u20ac42.99",
        "price_per_quantity": "\u20ac661.38 / 100  ml",
        "description": "A long-lasting, fresh and ultra-luminous wash of colour. Capacity: 6.5 mlPlant based glycerin: suppleness and softnessA long-lasting, fresh and ultra-luminous wash of colour. Capacity: 6.5 mlPlant based glycerin: suppleness and softness",
        "additional_information": "{\n    \"Order Amount\": \"6.5 ml\",\n    \"made in\": \"France\",\n    \"Warning Hints\": \"Avoid eye contact. Keep away from direct heat and sunlight.\",\n    \"Item Number\": \"1516833\",\n    \"Manufacturer Color\": \"No. 5 - Bronze\",\n    \"Product Series\": \"Ombre Eclat Liquid\",\n    \"Net Weight\": \"0.007 kg\",\n    \"Package Height\": \"8.1 cm\",\n    \"Package Length\": \"2.3 cm\",\n    \"Package Width\": \"2.3 cm\"\n}"
    },
    {
        "product_name": "PHYTO-ROUGE SHINE 21 SHEER ROSEWOOD The color of a lipstick. The shine of a gloss. The comfort of a balm.",
        "brand_name": "Sisley",
        "brand_url": "https://shop.frankfurt-airport.com/en-US/brand/sisley",
        "retailer_name": "Frankfurt Duty Free",
        "retailer_url": "https://shop.frankfurt-airport.com/en-US/retailer/heinemann",
        "price": "\u20ac44.99",
        "price_per_quantity": "\u20ac1,499.67 / 100  g",
        "description": "The colour of a lipstick. The shine of a gloss. The comfort of a balm. Capacity: 3 gHydrobooster complex (Hyaluronic Acid and Konjac  Glucomannan microspheres): immediately saturates skin with moisture and lastingly maintains hydration, an immediate plumping and smoothing effectPadina pavonica extract: hydrates, plumpsMoringa oil: nourishes, provides softness and supplenessJojoba oil: provides softness and comfortVitamin E acetate: protects lips from oxidative stressThe colour of a lipstick. The shine of a gloss. The comfort of a balm. Capacity: 3 gHydrobooster complex (Hyaluronic Acid and Konjac  Glucomannan microspheres): immediately saturates skin with moisture and lastingly maintains hydration, an immediate plumping and smoothing effectPadina pavonica extract: hydrates, plumpsMoringa oil: nourishes, provides softness and supplenessJojoba oil: provides softness and comfortVitamin E acetate: protects lips from oxidative stress",
        "additional_information": "{\n    \"Order Amount\": \"3 g\",\n    \"made in\": \"Italy\",\n    \"Warning Hints\": \"Avoid eye contact. Keep away from direct heat and sunlight.\",\n    \"Item Number\": \"1516843\",\n    \"Manufacturer Color\": \"No. 21 - Sheer Rosewood\",\n    \"Product Series\": \"Phyto-Rouge Shine\",\n    \"Net Weight\": \"0.003 kg\",\n    \"Package Height\": \"8.6 cm\",\n    \"Package Length\": \"2.23 cm\",\n    \"Package Width\": \"2.23 cm\"\n}"
    },
    {
        "product_name": "Sisley Phyto Teint Ultra Eclat Foundation Nr. 1+ Ecru 30 ml",
        "brand_name": "Sisley",
        "brand_url": "https://shop.frankfurt-airport.com/en-US/brand/sisley",
        "retailer_name": "Frankfurt Duty Free",
        "retailer_url": "https://shop.frankfurt-airport.com/en-US/retailer/heinemann",
        "price": "\u20ac79.99",
        "price_per_quantity": "\u20ac266.63 / 100  ml",
        "description": "Fluid foundation for a long-lasting, even, natural, and radiant complexion. Size: 30 mlAlkekengi calyx extract: smoothes, contributes to the proper hydration of the skin and protects it from environmental damageLemon extract: unifies and lightens the complexionIris extract: moisturises and smoothes the skin textureA mineral Complex \u2013 Copper, Zinc, Magnesium \u2013 acts like a real \"breath of fresh air\"*** for more luminous skin, day after dayBuckwheat seed extract: preserves the complexion's radiance by acting like an anti-pollution shield and protecting the skin from environmental damageMallow extract: possesses moisturizing and softening propertiesGardenia flower extract: moisturizing, softening and emollient properties***In vitro test on the ingredientFluid foundation for a long-lasting, even, natural, and radiant complexion. Size: 30 mlAlkekengi calyx extract: smoothes, contributes to the proper hydration of the skin and protects it from environmental damageLemon extract: unifies and lightens the complexionIris extract: moisturises and smoothes the skin textureA mineral Complex \u2013 Copper, Zinc, Magnesium \u2013 acts like a real \"breath of fresh air\"*** for more luminous skin, day after dayBuckwheat seed extract: preserves the complexion's radiance by acting like an anti-pollution shield and protecting the skin from environmental damageMallow extract: possesses moisturizing and softening propertiesGardenia flower extract: moisturizing, softening and emollient properties***In vitro test on the ingredient",
        "additional_information": "{\n    \"Order Amount\": \"30 ml\",\n    \"made in\": \"Italy\",\n    \"Warning Hints\": \"Avoid eye contact. Keep away from direct heat and sunlight.\",\n    \"Item Number\": \"1517759\",\n    \"Manufacturer Color\": \"Ecru\",\n    \"Product Series\": \"Phyto-Teint Ultra Eclat\",\n    \"Net Weight\": \"0.03 kg\",\n    \"Package Height\": \"10.2 cm\",\n    \"Package Length\": \"5.05 cm\",\n    \"Package Width\": \"3.7 cm\"\n}"
    },
    {
        "product_name": "Sisley Mascara So Stretch Mascara Nr. 1 Deep Black",
        "brand_name": "Sisley",
        "brand_url": "https://shop.frankfurt-airport.com/en-US/brand/sisley",
        "retailer_name": "Frankfurt Duty Free",
        "retailer_url": "https://shop.frankfurt-airport.com/en-US/retailer/heinemann",
        "price": "\u20ac49.99",
        "price_per_quantity": "\u20ac666.53 / 100  g",
        "description": "Instant length and definition. Visibly longer, stronger and thicker lashes day after day. Damask rose extract: possesses softening propertiesBamboo powder: makes the formula more flexible, coats and lengthens lashesVitamin Peptide: lengthens and thickens eyelashesArginine: revitalisingsCastor oil: enhances, softens and sheathes the lashesInstant length and definition. Visibly longer, stronger and thicker lashes day after day. Damask rose extract: possesses softening propertiesBamboo powder: makes the formula more flexible, coats and lengthens lashesVitamin Peptide: lengthens and thickens eyelashesArginine: revitalisingsCastor oil: enhances, softens and sheathes the lashes",
        "additional_information": "{\n    \"Order Amount\": \"7.5 g\",\n    \"made in\": \"France\",\n    \"Warning Hints\": \"Avoid eye contact. Keep away from direct heat and sunlight.\",\n    \"Item Number\": \"1517769\",\n    \"Manufacturer Color\": \"No. 1 - Deep Black\",\n    \"Product Series\": \"So Stretch\",\n    \"Net Weight\": \"0.008 kg\",\n    \"Package Height\": \"14.2 cm\",\n    \"Package Length\": \"3 cm\",\n    \"Package Width\": \"2.1 cm\"\n}"
    },
    {
        "product_name": "PHYTO-CERNES ECLAT 1.5 15ml Masks dark circles and signs of fatigue, visibly smoothes fine lines, reduces eye puffiness.",
        "brand_name": "Sisley",
        "brand_url": "https://shop.frankfurt-airport.com/en-US/brand/sisley",
        "retailer_name": "Frankfurt Duty Free",
        "retailer_url": "https://shop.frankfurt-airport.com/en-US/retailer/heinemann",
        "price": "\u20ac79.99",
        "price_per_quantity": "\u20ac533.27 / 100  ml",
        "description": "Masks dark circles and signs of fatigue, visibly smoothes fine lines, reduces eye puffiness. Red Vine extract: toningGinkgo biloba extract: protects, tonesArnica extract: soothes, tonesCaffeine: helps reduce puffinessSoy peptide extract: tones by stimulating collagen synthesisHorsetail extract: tonesCarrot extract: hydrates,revitalisingsCandeia extract (natural alpha bisabolol): soothes, leaves skin comfortable and softPlant-origin Glycerin: hydratesMasks dark circles and signs of fatigue, visibly smoothes fine lines, reduces eye puffiness. Red Vine extract: toningGinkgo biloba extract: protects, tonesArnica extract: soothes, tonesCaffeine: helps reduce puffinessSoy peptide extract: tones by stimulating collagen synthesisHorsetail extract: tonesCarrot extract: hydrates,revitalisingsCandeia extract (natural alpha bisabolol): soothes, leaves skin comfortable and softPlant-origin Glycerin: hydrates",
        "additional_information": "{\n    \"Order Amount\": \"15 ml\",\n    \"made in\": \"France\",\n    \"Warning Hints\": \"Avoid eye contact. Keep away from direct heat and sunlight.\",\n    \"Item Number\": \"1516839\",\n    \"Manufacturer Color\": \"1,5\",\n    \"Product Series\": \"Phyto-Cernes Eclat\",\n    \"Net Weight\": \"0.015 kg\",\n    \"Package Height\": \"14 cm\",\n    \"Package Length\": \"3.4 cm\",\n    \"Package Width\": \"2.5 cm\"\n}"
    },
    {
        "product_name": "PHYTO-ROUGE SHINE 10 SHEER NUDE The color of a lipstick. The shine of a gloss. The comfort of a balm.",
        "brand_name": "Sisley",
        "brand_url": "https://shop.frankfurt-airport.com/en-US/brand/sisley",
        "retailer_name": "Frankfurt Duty Free",
        "retailer_url": "https://shop.frankfurt-airport.com/en-US/retailer/heinemann",
        "price": "\u20ac44.99",
        "price_per_quantity": "\u20ac1,499.67 / 100  g",
        "description": "The colour of a lipstick. The shine of a gloss. The comfort of a balm. Capacity: 3 gHydrobooster complex (Hyaluronic Acid and Konjac  Glucomannan microspheres): immediately saturates skin with moisture and lastingly maintains hydration, an immediate plumping and smoothing effectPadina pavonica extract: hydrates, plumpsMoringa oil: nourishes, provides softness and supplenessJojoba oil: provides softness and comfortVitamin E acetate: protects lips from oxidative stressThe colour of a lipstick. The shine of a gloss. The comfort of a balm. Capacity: 3 gHydrobooster complex (Hyaluronic Acid and Konjac  Glucomannan microspheres): immediately saturates skin with moisture and lastingly maintains hydration, an immediate plumping and smoothing effectPadina pavonica extract: hydrates, plumpsMoringa oil: nourishes, provides softness and supplenessJojoba oil: provides softness and comfortVitamin E acetate: protects lips from oxidative stress",
        "additional_information": "{\n    \"Order Amount\": \"3 g\",\n    \"made in\": \"Italy\",\n    \"Warning Hints\": \"Avoid eye contact. Keep away from direct heat and sunlight.\",\n    \"Item Number\": \"1516853\",\n    \"Manufacturer Color\": \"No. 10 - Sheer Nude\",\n    \"Product Series\": \"Phyto-Rouge Shine\",\n    \"Net Weight\": \"0.003 kg\",\n    \"Package Height\": \"8.6 cm\",\n    \"Package Length\": \"2.23 cm\",\n    \"Package Width\": \"2.23 cm\"\n}"
    },
    {
        "product_name": "Sisley Izia LN Eau de Parfum 50 ml",
        "brand_name": "Sisley",
        "brand_url": "https://shop.frankfurt-airport.com/en-US/brand/sisley",
        "retailer_name": "Frankfurt Duty Free",
        "retailer_url": "https://shop.frankfurt-airport.com/en-US/retailer/heinemann",
        "price": "\u20ac149.99",
        "price_per_quantity": "\u20ac299.98 / 100  ml",
        "description": "Izia La Nuit is an olfactory journey with a chypre, woody, floral trail just as intense as the memory of a romantic encounter. Top notes: Fresh and vibrant (Blackcurrant, Mandarin, Cardamom); Middle notes: Floral and luminous (d\u2019Ornano Rose, Freesia, Magnolia); Base notes: Woody and sensual (Ambrox, Patchouli, Vanilla);Izia La Nuit is an olfactory journey with a chypre, woody, floral trail just as intense as the memory of a romantic encounter. Top notes: Fresh and vibrant (Blackcurrant, Mandarin, Cardamom); Middle notes: Floral and luminous (d\u2019Ornano Rose, Freesia, Magnolia); Base notes: Woody and sensual (Ambrox, Patchouli, Vanilla);",
        "additional_information": "{\n    \"Order Amount\": \"50 ml\",\n    \"Target Gender\": \"Female\",\n    \"made in\": \"France\",\n    \"Type of Fragrance\": \"Eau De Parfum\",\n    \"Warning Hints\": \"Avoid eye contact. Keep away from direct heat and sunlight.\",\n    \"Item Number\": \"1493247\",\n    \"Product Series\": \"Izia la Nuit\",\n    \"Net Weight\": \"0.05 kg\",\n    \"Package Height\": \"12 cm\",\n    \"Package Length\": \"9 cm\",\n    \"Package Width\": \"5.5 cm\"\n}"
    },
    {
        "product_name": "Sisley Sislea le Teint Foundation Nr. 1B+ Ecru 30 ml",
        "brand_name": "Sisley",
        "brand_url": "https://shop.frankfurt-airport.com/en-US/brand/sisley",
        "retailer_name": "Frankfurt Duty Free",
        "retailer_url": "https://shop.frankfurt-airport.com/en-US/retailer/heinemann",
        "price": "\u20ac139.99",
        "price_per_quantity": "\u20ac466.63 / 100  ml",
        "description": "A foundation with the best of Sisley make-up and Skincare. Capacity: 30 mlPersian Acacia extract: cellular energyChlorella extract: revitalizesRed Vine extract: tonesSoy peptide extract: combats loss of firmnessAdenosine: anti-wrinkle propertiesWhite Willow extract: antioxidant*, anti-collagenase* and anti-elastase* propertiesVitamin E Acetate: anti-free radical propertiesCherry Blossom extract: moisturisesPlant based sugar: promotes the retention of water in the stratum corneumA foundation with the best of Sisley make-up and Skincare. Capacity: 30 mlPersian Acacia extract: cellular energyChlorella extract: revitalizesRed Vine extract: tonesSoy peptide extract: combats loss of firmnessAdenosine: anti-wrinkle propertiesWhite Willow extract: antioxidant*, anti-collagenase* and anti-elastase* propertiesVitamin E Acetate: anti-free radical propertiesCherry Blossom extract: moisturisesPlant based sugar: promotes the retention of water in the stratum corneum",
        "additional_information": "{\n    \"Order Amount\": \"30 ml\",\n    \"made in\": \"France\",\n    \"Warning Hints\": \"Avoid eye contact. Keep away from direct heat and sunlight.\",\n    \"Item Number\": \"1517761\",\n    \"Manufacturer Color\": \"Ecru\",\n    \"Product Series\": \"Sisleya\",\n    \"Net Weight\": \"0.03 kg\",\n    \"Package Height\": \"13.25 cm\",\n    \"Package Length\": \"3.7 cm\",\n    \"Package Width\": \"3.7 cm\"\n}"
    },
    {
        "product_name": "Sisley Izia LN Eau de Parfum 30 ml",
        "brand_name": "Sisley",
        "brand_url": "https://shop.frankfurt-airport.com/en-US/brand/sisley",
        "retailer_name": "Frankfurt Duty Free",
        "retailer_url": "https://shop.frankfurt-airport.com/en-US/retailer/heinemann",
        "price": "\u20ac99.99",
        "price_per_quantity": "\u20ac333.30 / 100  ml",
        "description": "Izia La Nuit is an olfactory journey with a chypre, woody, floral trail just as intense as the memory of a romantic encounter. Top notes: Fresh and vibrant (Blackcurrant, Mandarin, Cardamom); Middle notes: Floral and luminous (d\u2019Ornano Rose, Freesia, Magnolia); Base notes: Woody and sensual (Ambrox, Patchouli, Vanilla);Izia La Nuit is an olfactory journey with a chypre, woody, floral trail just as intense as the memory of a romantic encounter. Top notes: Fresh and vibrant (Blackcurrant, Mandarin, Cardamom); Middle notes: Floral and luminous (d\u2019Ornano Rose, Freesia, Magnolia); Base notes: Woody and sensual (Ambrox, Patchouli, Vanilla);",
        "additional_information": "{\n    \"Order Amount\": \"30 ml\",\n    \"Target Gender\": \"Female\",\n    \"made in\": \"France\",\n    \"Type of Fragrance\": \"Eau De Parfum\",\n    \"Warning Hints\": \"Avoid eye contact. Keep away from direct heat and sunlight.\",\n    \"Item Number\": \"1493246\",\n    \"Product Series\": \"Izia la Nuit\",\n    \"Net Weight\": \"0.03 kg\",\n    \"Package Height\": \"10.7 cm\",\n    \"Package Length\": \"7.9 cm\",\n    \"Package Width\": \"4.9 cm\"\n}"
    },
    {
        "product_name": "Sisley Le Phyto-Rouge Lipstick N 45 Milano",
        "brand_name": "Sisley",
        "brand_url": "https://shop.frankfurt-airport.com/en-US/brand/sisley",
        "retailer_name": "Frankfurt Duty Free",
        "retailer_url": "https://shop.frankfurt-airport.com/en-US/retailer/heinemann",
        "price": "\u20ac52.99",
        "price_per_quantity": "\u20ac1,558.53 / 100  g",
        "description": "The intensity of a lipstick combined with a balm-like sensation in an exceptional skincare formula. Capacity: 3.4 gHydrobooster complex (microspheres of Hyaluronic Acid and Konjac Glucomannans): hydrating, smoothing, plumping effectPadina pavonica extract: moisturises, plumpsCamellia oil: nourishes, provides softness, suppleness and elasticityJojoba oil: provides softness and comfortThe intensity of a lipstick combined with a balm-like sensation in an exceptional skincare formula. Capacity: 3.4 gHydrobooster complex (microspheres of Hyaluronic Acid and Konjac Glucomannans): hydrating, smoothing, plumping effectPadina pavonica extract: moisturises, plumpsCamellia oil: nourishes, provides softness, suppleness and elasticityJojoba oil: provides softness and comfort",
        "additional_information": "{\n    \"Order Amount\": \"3.4 g\",\n    \"made in\": \"Italy\",\n    \"Warning Hints\": \"Avoid eye contact. Keep away from direct heat and sunlight.\",\n    \"Item Number\": \"1618642\",\n    \"Manufacturer Color\": \"No. 45 - MILANO\",\n    \"Product Series\": \"Le Phyto-Rouge\",\n    \"Net Weight\": \"0.003 kg\",\n    \"Package Height\": \"3 cm\",\n    \"Package Length\": \"8 cm\",\n    \"Package Width\": \"3 cm\"\n}"
    },
    {
        "product_name": "Sisley Tropical Resins Deeply Purifying Mask 60 ml",
        "brand_name": "Sisley",
        "brand_url": "https://shop.frankfurt-airport.com/en-US/brand/sisley",
        "retailer_name": "Frankfurt Duty Free",
        "retailer_url": "https://shop.frankfurt-airport.com/en-US/retailer/heinemann",
        "price": "\u20ac109.99",
        "price_per_quantity": "\u20ac183.32 / 100  ml",
        "description": "Purifying cream mask that instantly acts on combination to Oily skin with imperfections. Incense and Myrrh extracts: soothe; Benzoin  extract: intensely purifies the skin; D-Panthenol: moisturises and soothes; White Clay: absorbs excess sebum; Burdock extract: purifies and rebalances; Lady's Mantle leaf extract: smoothes the skin's texture thanks to its astringent propertiesPurifying cream mask that instantly acts on combination to Oily skin with imperfections. Incense and Myrrh extracts: soothe; Benzoin  extract: intensely purifies the skin; D-Panthenol: moisturises and soothes; White Clay: absorbs excess sebum; Burdock extract: purifies and rebalances; Lady's Mantle leaf extract: smoothes the skin's texture thanks to its astringent properties",
        "additional_information": "{\n    \"Order Amount\": \"60 ml\",\n    \"Warning Hints\": \"Avoid eye contact. Keep away from direct heat and sunlight.\",\n    \"Item Number\": \"1251538\",\n    \"Product Series\": \"Masks\",\n    \"Net Weight\": \"0.06 kg\",\n    \"Package Height\": \"11.5 cm\",\n    \"Package Length\": \"4.7 cm\",\n    \"Package Width\": \"5.6 cm\"\n}"
    },
    {
        "product_name": "Sisley Phyto-Teint Perfection Foundation N 4C Honey 30 ml",
        "brand_name": "Sisley",
        "brand_url": "https://shop.frankfurt-airport.com/en-US/brand/sisley",
        "retailer_name": "Frankfurt Duty Free",
        "retailer_url": "https://shop.frankfurt-airport.com/en-US/retailer/heinemann",
        "price": "\u20ac89.99",
        "price_per_quantity": "\u20ac299.97 / 100  ml",
        "description": "Mattifying, transfer-proof, high-coverage foundation, powered by the Ideal Skin Complex to improve skin quality over time. 3 KEY SKINCARE ACTIONSHYDRATES: Cucumber extract and a Glyco-complex offer instant and lasting hydration for a fresher complexion and plumped effect. When you apply Phyto-Teint Perfection, skin is 32% more hydratedsu, after 1 month of daily use, bare skin is 26% more hydratedsu(tested using instrumental measurements).SMOOTHS: Green Lentil extract helps to minimize pores, for visibly more even  skin. When applying the foundation for a month, the complexion is smoothed and refined for 88% of women.suILLUMINATES: Buckwheatextract has antioxidantsu and calming properties, and Peach Blossom extract brings a toning effect. After 4 weeks of applying Phyto-Teint Perfection daily, radiance is boosted for 82% of womensu.THE PLUS OF PHYTO-TEINT PERFECTIONPURIFIES: Burdockextract helps to purify the skin. 88% of womensu found their imperfections to be less visible after one month of using Phyto-Teint Perfection.SOOTHES: Peonyextract is rich in polyphenols and flavonoids, so has soothing properties. Skin is soothed day after day for 89% of womensu3, when the foundation is applied daily for one month.su30 minutes after application, on a specific panel of 10 subjects, instrumental measurements.suAfter 4 weeks of daily use, on a panel of 12 subjects, instrumental measurements. su30 minutes after application, on a panel of 34 subjects, percentage of satisfaction.suAfter 4 weeks of daily use, on a panel of 34 subjects, percentage of satisfaction.suTested in vitroMattifying, transfer-proof, high-coverage foundation, powered by the Ideal Skin Complex to improve skin quality over time. 3 KEY SKINCARE ACTIONSHYDRATES: Cucumber extract and a Glyco-complex offer instant and lasting hydration for a fresher complexion and plumped effect. When you apply Phyto-Teint Perfection, skin is 32% more hydratedsu, after 1 month of daily use, bare skin is 26% more hydratedsu(tested using instrumental measurements).SMOOTHS: Green Lentil extract helps to minimize pores, for visibly more even  skin. When applying the foundation for a month, the complexion is smoothed and refined for 88% of women.suILLUMINATES: Buckwheatextract has antioxidantsu and calming properties, and Peach Blossom extract brings a toning effect. After 4 weeks of applying Phyto-Teint Perfection daily, radiance is boosted for 82% of womensu.THE PLUS OF PHYTO-TEINT PERFECTIONPURIFIES: Burdockextract helps to purify the skin. 88% of womensu found their imperfections to be less visible after one month of using Phyto-Teint Perfection.SOOTHES: Peonyextract is rich in polyphenols and flavonoids, so has soothing properties. Skin is soothed day after day for 89% of womensu3, when the foundation is applied daily for one month.su30 minutes after application, on a specific panel of 10 subjects, instrumental measurements.suAfter 4 weeks of daily use, on a panel of 12 subjects, instrumental measurements. su30 minutes after application, on a panel of 34 subjects, percentage of satisfaction.suAfter 4 weeks of daily use, on a panel of 34 subjects, percentage of satisfaction.suTested in vitro",
        "additional_information": "{\n    \"Order Amount\": \"30 ml\",\n    \"made in\": \"France\",\n    \"Warning Hints\": \"Avoid eye contact. Keep away from direct heat and sunlight.\",\n    \"Item Number\": \"1618631\",\n    \"Manufacturer Color\": \"HONEY\",\n    \"Product Series\": \"Phyto-Teint Perfection\",\n    \"Net Weight\": \"0.03 kg\",\n    \"Package Height\": \"9.8 cm\",\n    \"Package Length\": \"4.3 cm\",\n    \"Package Width\": \"3.1 cm\"\n}"
    },
    {
        "product_name": "Sisley Phyto-Teint Perfection Foundation N 2N1 Sand 30 ml",
        "brand_name": "Sisley",
        "brand_url": "https://shop.frankfurt-airport.com/en-US/brand/sisley",
        "retailer_name": "Frankfurt Duty Free",
        "retailer_url": "https://shop.frankfurt-airport.com/en-US/retailer/heinemann",
        "price": "\u20ac89.99",
        "price_per_quantity": "\u20ac299.97 / 100  ml",
        "description": "Mattifying, transfer-proof, high-coverage foundation, powered by the Ideal Skin Complex to improve skin quality over time. 3 KEY SKINCARE ACTIONSHYDRATES: Cucumber extract and a Glyco-complex offer instant and lasting hydration for a fresher complexion and plumped effect. When you apply Phyto-Teint Perfection, skin is 32% more hydratedsu, after 1 month of daily use, bare skin is 26% more hydratedsu(tested using instrumental measurements).SMOOTHS: Green Lentil extract helps to minimize pores, for visibly more even  skin. When applying the foundation for a month, the complexion is smoothed and refined for 88% of women.suILLUMINATES: Buckwheatextract has antioxidantsu and calming properties, and Peach Blossom extract brings a toning effect. After 4 weeks of applying Phyto-Teint Perfection daily, radiance is boosted for 82% of womensu.THE PLUS OF PHYTO-TEINT PERFECTIONPURIFIES: Burdockextract helps to purify the skin. 88% of womensu found their imperfections to be less visible after one month of using Phyto-Teint Perfection.SOOTHES: Peonyextract is rich in polyphenols and flavonoids, so has soothing properties. Skin is soothed day after day for 89% of womensu3, when the foundation is applied daily for one month.su30 minutes after application, on a specific panel of 10 subjects, instrumental measurements.suAfter 4 weeks of daily use, on a panel of 12 subjects, instrumental measurements. su30 minutes after application, on a panel of 34 subjects, percentage of satisfaction.suAfter 4 weeks of daily use, on a panel of 34 subjects, percentage of satisfaction.suTested in vitroMattifying, transfer-proof, high-coverage foundation, powered by the Ideal Skin Complex to improve skin quality over time. 3 KEY SKINCARE ACTIONSHYDRATES: Cucumber extract and a Glyco-complex offer instant and lasting hydration for a fresher complexion and plumped effect. When you apply Phyto-Teint Perfection, skin is 32% more hydratedsu, after 1 month of daily use, bare skin is 26% more hydratedsu(tested using instrumental measurements).SMOOTHS: Green Lentil extract helps to minimize pores, for visibly more even  skin. When applying the foundation for a month, the complexion is smoothed and refined for 88% of women.suILLUMINATES: Buckwheatextract has antioxidantsu and calming properties, and Peach Blossom extract brings a toning effect. After 4 weeks of applying Phyto-Teint Perfection daily, radiance is boosted for 82% of womensu.THE PLUS OF PHYTO-TEINT PERFECTIONPURIFIES: Burdockextract helps to purify the skin. 88% of womensu found their imperfections to be less visible after one month of using Phyto-Teint Perfection.SOOTHES: Peonyextract is rich in polyphenols and flavonoids, so has soothing properties. Skin is soothed day after day for 89% of womensu3, when the foundation is applied daily for one month.su30 minutes after application, on a specific panel of 10 subjects, instrumental measurements.suAfter 4 weeks of daily use, on a panel of 12 subjects, instrumental measurements. su30 minutes after application, on a panel of 34 subjects, percentage of satisfaction.suAfter 4 weeks of daily use, on a panel of 34 subjects, percentage of satisfaction.suTested in vitro",
        "additional_information": "{\n    \"Order Amount\": \"30 ml\",\n    \"made in\": \"France\",\n    \"Warning Hints\": \"Avoid eye contact. Keep away from direct heat and sunlight.\",\n    \"Item Number\": \"1618636\",\n    \"Manufacturer Color\": \"SAND\",\n    \"Product Series\": \"Phyto-Teint Perfection\",\n    \"Net Weight\": \"0.03 kg\",\n    \"Package Height\": \"9.8 cm\",\n    \"Package Length\": \"4.3 cm\",\n    \"Package Width\": \"3.1 cm\"\n}"
    },
    {
        "product_name": "Sisley Phyto-Teint Perfection Foundation N 2C Soft Beige 30 ml",
        "brand_name": "Sisley",
        "brand_url": "https://shop.frankfurt-airport.com/en-US/brand/sisley",
        "retailer_name": "Frankfurt Duty Free",
        "retailer_url": "https://shop.frankfurt-airport.com/en-US/retailer/heinemann",
        "price": "\u20ac89.99",
        "price_per_quantity": "\u20ac299.97 / 100  ml",
        "description": "Mattifying, transfer-proof, high-coverage foundation, powered by the Ideal Skin Complex to improve skin quality over time. 3 KEY SKINCARE ACTIONSHYDRATES: Cucumber extract and a Glyco-complex offer instant and lasting hydration for a fresher complexion and plumped effect. When you apply Phyto-Teint Perfection, skin is 32% more hydratedsu, after 1 month of daily use, bare skin is 26% more hydratedsu(tested using instrumental measurements).SMOOTHS: Green Lentil extract helps to minimize pores, for visibly more even  skin. When applying the foundation for a month, the complexion is smoothed and refined for 88% of women.suILLUMINATES: Buckwheatextract has antioxidantsu and calming properties, and Peach Blossom extract brings a toning effect. After 4 weeks of applying Phyto-Teint Perfection daily, radiance is boosted for 82% of womensu.THE PLUS OF PHYTO-TEINT PERFECTIONPURIFIES: Burdockextract helps to purify the skin. 88% of womensu found their imperfections to be less visible after one month of using Phyto-Teint Perfection.SOOTHES: Peonyextract is rich in polyphenols and flavonoids, so has soothing properties. Skin is soothed day after day for 89% of womensu3, when the foundation is applied daily for one month.su30 minutes after application, on a specific panel of 10 subjects, instrumental measurements.suAfter 4 weeks of daily use, on a panel of 12 subjects, instrumental measurements. su30 minutes after application, on a panel of 34 subjects, percentage of satisfaction.suAfter 4 weeks of daily use, on a panel of 34 subjects, percentage of satisfaction.suTested in vitroMattifying, transfer-proof, high-coverage foundation, powered by the Ideal Skin Complex to improve skin quality over time. 3 KEY SKINCARE ACTIONSHYDRATES: Cucumber extract and a Glyco-complex offer instant and lasting hydration for a fresher complexion and plumped effect. When you apply Phyto-Teint Perfection, skin is 32% more hydratedsu, after 1 month of daily use, bare skin is 26% more hydratedsu(tested using instrumental measurements).SMOOTHS: Green Lentil extract helps to minimize pores, for visibly more even  skin. When applying the foundation for a month, the complexion is smoothed and refined for 88% of women.suILLUMINATES: Buckwheatextract has antioxidantsu and calming properties, and Peach Blossom extract brings a toning effect. After 4 weeks of applying Phyto-Teint Perfection daily, radiance is boosted for 82% of womensu.THE PLUS OF PHYTO-TEINT PERFECTIONPURIFIES: Burdockextract helps to purify the skin. 88% of womensu found their imperfections to be less visible after one month of using Phyto-Teint Perfection.SOOTHES: Peonyextract is rich in polyphenols and flavonoids, so has soothing properties. Skin is soothed day after day for 89% of womensu3, when the foundation is applied daily for one month.su30 minutes after application, on a specific panel of 10 subjects, instrumental measurements.suAfter 4 weeks of daily use, on a panel of 12 subjects, instrumental measurements. su30 minutes after application, on a panel of 34 subjects, percentage of satisfaction.suAfter 4 weeks of daily use, on a panel of 34 subjects, percentage of satisfaction.suTested in vitro",
        "additional_information": "{\n    \"Order Amount\": \"30 ml\",\n    \"made in\": \"France\",\n    \"Warning Hints\": \"Avoid eye contact. Keep away from direct heat and sunlight.\",\n    \"Item Number\": \"1618637\",\n    \"Manufacturer Color\": \"SOFT BEIGE\",\n    \"Product Series\": \"Phyto-Teint Perfection\",\n    \"Net Weight\": \"0.03 kg\",\n    \"Package Height\": \"9.8 cm\",\n    \"Package Length\": \"4.3 cm\",\n    \"Package Width\": \"3.1 cm\"\n}"
    },
    {
        "product_name": "Sisley Le Phyto-Rouge Lipstick N 11 Beige Tahiti",
        "brand_name": "Sisley",
        "brand_url": "https://shop.frankfurt-airport.com/en-US/brand/sisley",
        "retailer_name": "Frankfurt Duty Free",
        "retailer_url": "https://shop.frankfurt-airport.com/en-US/retailer/heinemann",
        "price": "\u20ac46.99",
        "price_per_quantity": "\u20ac1,382.06 / 100  g",
        "description": "The intensity of a lipstick combined with a balm-like sensation in an exceptional skincare formula. Capacity: 3.4 gHydrobooster complex (microspheres of Hyaluronic Acid and Konjac Glucomannans): hydrating, smoothing, plumping effectPadina pavonica extract: moisturises, plumpsCamellia oil: nourishes, provides softness, suppleness and elasticityJojoba oil: provides softness and comfortThe intensity of a lipstick combined with a balm-like sensation in an exceptional skincare formula. Capacity: 3.4 gHydrobooster complex (microspheres of Hyaluronic Acid and Konjac Glucomannans): hydrating, smoothing, plumping effectPadina pavonica extract: moisturises, plumpsCamellia oil: nourishes, provides softness, suppleness and elasticityJojoba oil: provides softness and comfort",
        "additional_information": "{\n    \"Order Amount\": \"3.4 g\",\n    \"made in\": \"Italy\",\n    \"Warning Hints\": \"Avoid eye contact. Keep away from direct heat and sunlight.\",\n    \"Item Number\": \"1332861\",\n    \"Manufacturer Color\": \"No. 11 - Beige Tahiti\",\n    \"Product Series\": \"Le Phyto-Rouge\",\n    \"Net Weight\": \"0.003 kg\",\n    \"Package Height\": \"8 cm\",\n    \"Package Length\": \"3 cm\",\n    \"Package Width\": \"3 cm\"\n}"
    },
    {
        "product_name": "Sisley Le Phyto-Rouge Lipstick N 20 Rose Portofino",
        "brand_name": "Sisley",
        "brand_url": "https://shop.frankfurt-airport.com/en-US/brand/sisley",
        "retailer_name": "Frankfurt Duty Free",
        "retailer_url": "https://shop.frankfurt-airport.com/en-US/retailer/heinemann",
        "price": "\u20ac46.99",
        "price_per_quantity": "\u20ac1,382.06 / 100  g",
        "description": "The intensity of a lipstick combined with a balm-like sensation in an exceptional skincare formula. Capacity: 3.4 gHydrobooster complex (microspheres of Hyaluronic Acid and Konjac Glucomannans): hydrating, smoothing, plumping effectPadina pavonica extract: moisturises, plumpsCamellia oil: nourishes, provides softness, suppleness and elasticityJojoba oil: provides softness and comfortThe intensity of a lipstick combined with a balm-like sensation in an exceptional skincare formula. Capacity: 3.4 gHydrobooster complex (microspheres of Hyaluronic Acid and Konjac Glucomannans): hydrating, smoothing, plumping effectPadina pavonica extract: moisturises, plumpsCamellia oil: nourishes, provides softness, suppleness and elasticityJojoba oil: provides softness and comfort",
        "additional_information": "{\n    \"Order Amount\": \"3.4 g\",\n    \"made in\": \"Italy\",\n    \"Warning Hints\": \"Avoid eye contact. Keep away from direct heat and sunlight.\",\n    \"Item Number\": \"1332865\",\n    \"Manufacturer Color\": \"No. 20 - Rose Portofino\",\n    \"Product Series\": \"Le Phyto-Rouge\",\n    \"Net Weight\": \"0.003 kg\",\n    \"Package Height\": \"8 cm\",\n    \"Package Length\": \"3 cm\",\n    \"Package Width\": \"3 cm\"\n}"
    },
    {
        "product_name": "Sisley Le Phyto-Rouge Lipstick N 201 Rose Tokyo",
        "brand_name": "Sisley",
        "brand_url": "https://shop.frankfurt-airport.com/en-US/brand/sisley",
        "retailer_name": "Frankfurt Duty Free",
        "retailer_url": "https://shop.frankfurt-airport.com/en-US/retailer/heinemann",
        "price": "\u20ac52.99",
        "price_per_quantity": "\u20ac1,558.53 / 100  g",
        "description": "The intensity of a lipstick combined with a balm-like sensation in an exceptional skincare formula. Capacity: 3.4 gHydrobooster complex (microspheres of Hyaluronic Acid and Konjac Glucomannans): hydrating, smoothing, plumping effectPadina pavonica extract: moisturises, plumpsCamellia oil: nourishes, provides softness, suppleness and elasticityJojoba oil: provides softness and comfortThe intensity of a lipstick combined with a balm-like sensation in an exceptional skincare formula. Capacity: 3.4 gHydrobooster complex (microspheres of Hyaluronic Acid and Konjac Glucomannans): hydrating, smoothing, plumping effectPadina pavonica extract: moisturises, plumpsCamellia oil: nourishes, provides softness, suppleness and elasticityJojoba oil: provides softness and comfort",
        "additional_information": "{\n    \"Order Amount\": \"3.4 g\",\n    \"made in\": \"Italy\",\n    \"Warning Hints\": \"Avoid eye contact. Keep away from direct heat and sunlight.\",\n    \"Item Number\": \"1618641\",\n    \"Manufacturer Color\": \"No. 201 - ROSE TOKYO\",\n    \"Product Series\": \"Le Phyto-Rouge\",\n    \"Net Weight\": \"0.003 kg\",\n    \"Package Height\": \"3 cm\",\n    \"Package Length\": \"8 cm\",\n    \"Package Width\": \"3 cm\"\n}"
    },
    {
        "product_name": "Sisley Le Phyto-Rouge Lipstick N 41 Rouge Miami",
        "brand_name": "Sisley",
        "brand_url": "https://shop.frankfurt-airport.com/en-US/brand/sisley",
        "retailer_name": "Frankfurt Duty Free",
        "retailer_url": "https://shop.frankfurt-airport.com/en-US/retailer/heinemann",
        "price": "\u20ac46.99",
        "price_per_quantity": "\u20ac1,382.06 / 100  g",
        "description": "The intensity of a lipstick combined with a balm-like sensation in an exceptional skincare formula. Capacity: 3.4 gHydrobooster complex (microspheres of Hyaluronic Acid and Konjac Glucomannans): hydrating, smoothing, plumping effectPadina pavonica extract: moisturises, plumpsCamellia oil: nourishes, provides softness, suppleness and elasticityJojoba oil: provides softness and comfortThe intensity of a lipstick combined with a balm-like sensation in an exceptional skincare formula. Capacity: 3.4 gHydrobooster complex (microspheres of Hyaluronic Acid and Konjac Glucomannans): hydrating, smoothing, plumping effectPadina pavonica extract: moisturises, plumpsCamellia oil: nourishes, provides softness, suppleness and elasticityJojoba oil: provides softness and comfort",
        "additional_information": "{\n    \"Order Amount\": \"3.4 g\",\n    \"made in\": \"Italy\",\n    \"Warning Hints\": \"Avoid eye contact. Keep away from direct heat and sunlight.\",\n    \"Item Number\": \"1332877\",\n    \"Manufacturer Color\": \"No. 41 - Rouge Miami\",\n    \"Product Series\": \"Le Phyto-Rouge\",\n    \"Net Weight\": \"0.003 kg\",\n    \"Package Height\": \"7.5 cm\",\n    \"Package Length\": \"3 cm\",\n    \"Package Width\": \"3 cm\"\n}"
    },
    {
        "product_name": "Sisley Le Phyto-Rouge Lipstick N 40 Rouge Monaco",
        "brand_name": "Sisley",
        "brand_url": "https://shop.frankfurt-airport.com/en-US/brand/sisley",
        "retailer_name": "Frankfurt Duty Free",
        "retailer_url": "https://shop.frankfurt-airport.com/en-US/retailer/heinemann",
        "price": "\u20ac46.99",
        "price_per_quantity": "\u20ac1,382.06 / 100  g",
        "description": "The intensity of a lipstick combined with a balm-like sensation in an exceptional skincare formula. Capacity: 3.4 gHydrobooster complex (microspheres of Hyaluronic Acid and Konjac Glucomannans): hydrating, smoothing, plumping effectPadina pavonica extract: moisturises, plumpsCamellia oil: nourishes, provides softness, suppleness and elasticityJojoba oil: provides softness and comfortThe intensity of a lipstick combined with a balm-like sensation in an exceptional skincare formula. Capacity: 3.4 gHydrobooster complex (microspheres of Hyaluronic Acid and Konjac Glucomannans): hydrating, smoothing, plumping effectPadina pavonica extract: moisturises, plumpsCamellia oil: nourishes, provides softness, suppleness and elasticityJojoba oil: provides softness and comfort",
        "additional_information": "{\n    \"Order Amount\": \"3.4 g\",\n    \"made in\": \"Italy\",\n    \"Warning Hints\": \"Avoid eye contact. Keep away from direct heat and sunlight.\",\n    \"Item Number\": \"1332876\",\n    \"Manufacturer Color\": \"No. 40 - Rouge Monaco\",\n    \"Product Series\": \"Le Phyto-Rouge\",\n    \"Net Weight\": \"0.003 kg\",\n    \"Package Height\": \"3 cm\",\n    \"Package Length\": \"7.5 cm\",\n    \"Package Width\": \"3 cm\"\n}"
    },
    {
        "product_name": "Sisley Le Phyto-Rouge Lipstick N 22 Rose Paris",
        "brand_name": "Sisley",
        "brand_url": "https://shop.frankfurt-airport.com/en-US/brand/sisley",
        "retailer_name": "Frankfurt Duty Free",
        "retailer_url": "https://shop.frankfurt-airport.com/en-US/retailer/heinemann",
        "price": "\u20ac46.99",
        "price_per_quantity": "\u20ac1,382.06 / 100  g",
        "description": "The intensity of a lipstick combined with a balm-like sensation in an exceptional skincare formula. Capacity: 3.4 gHydrobooster complex (microspheres of Hyaluronic Acid and Konjac Glucomannans): hydrating, smoothing, plumping effectPadina pavonica extract: moisturises, plumpsCamellia oil: nourishes, provides softness, suppleness and elasticityJojoba oil: provides softness and comfortThe intensity of a lipstick combined with a balm-like sensation in an exceptional skincare formula. Capacity: 3.4 gHydrobooster complex (microspheres of Hyaluronic Acid and Konjac Glucomannans): hydrating, smoothing, plumping effectPadina pavonica extract: moisturises, plumpsCamellia oil: nourishes, provides softness, suppleness and elasticityJojoba oil: provides softness and comfort",
        "additional_information": "{\n    \"Order Amount\": \"3.4 g\",\n    \"made in\": \"Italy\",\n    \"Warning Hints\": \"Avoid eye contact. Keep away from direct heat and sunlight.\",\n    \"Item Number\": \"1332867\",\n    \"Manufacturer Color\": \"No. 22 - Rose Paris\",\n    \"Product Series\": \"Le Phyto-Rouge\",\n    \"Net Weight\": \"0.003 kg\",\n    \"Package Height\": \"8 cm\",\n    \"Package Length\": \"3 cm\",\n    \"Package Width\": \"3 cm\"\n}"
    },
    {
        "product_name": "Sisley Orchidee Rouge Coral/Pink",
        "brand_name": "Sisley",
        "brand_url": "https://shop.frankfurt-airport.com/en-US/brand/sisley",
        "retailer_name": "Frankfurt Duty Free",
        "retailer_url": "https://shop.frankfurt-airport.com/en-US/retailer/heinemann",
        "price": "\u20ac89.99",
        "price_per_quantity": "\u20ac599.93 / 100  g",
        "description": "Highlighter blush composed of 3 shades that blend endlessly to enhance the complexion and gently sculpt the face. White Lily: softensHighlighter blush composed of 3 shades that blend endlessly to enhance the complexion and gently sculpt the face. White Lily: softens",
        "additional_information": "{\n    \"Order Amount\": \"15 g\",\n    \"made in\": \"Italy\",\n    \"Warning Hints\": \"Avoid eye contact. Keep away from direct heat and sunlight.\",\n    \"Item Number\": \"542736\",\n    \"Manufacturer Color\": \"No. 5 - Coral/ pink\",\n    \"Product Series\": \"L'Orchid\\u00e9e\",\n    \"Net Weight\": \"0.015 kg\",\n    \"Package Height\": \"7.7 cm\",\n    \"Package Length\": \"7.6 cm\",\n    \"Package Width\": \"2.2 cm\"\n}"
    },
    {
        "product_name": "Sisley Cleansing Tropresins Gentle Gel 120 ml",
        "brand_name": "Sisley",
        "brand_url": "https://shop.frankfurt-airport.com/en-US/brand/sisley",
        "retailer_name": "Frankfurt Duty Free",
        "retailer_url": "https://shop.frankfurt-airport.com/en-US/retailer/heinemann",
        "price": "\u20ac77.99",
        "price_per_quantity": "\u20ac64.99 / 100  ml",
        "description": "The new tropical resins line: is composed of Tropical Resins with increased effectiveness, an even more complete and effective purity routine. Sisley's new active ingredients 3 innovations: daily and combined use considerably improves skin quality: 1) Gentle Cleaning Gel 2) Intensive serum 3) Matifying Moisturizing skin care.The new tropical resins line: is composed of Tropical Resins with increased effectiveness, an even more complete and effective purity routine. Sisley's new active ingredients 3 innovations: daily and combined use considerably improves skin quality: 1) Gentle Cleaning Gel 2) Intensive serum 3) Matifying Moisturizing skin care.",
        "additional_information": "{\n    \"Order Amount\": \"120 ml\",\n    \"Warning Hints\": \"Avoid eye contact. Keep away from direct heat and sunlight.\",\n    \"Item Number\": \"1224807\",\n    \"Product Series\": \"Cleanser\",\n    \"Net Weight\": \"0.12 kg\",\n    \"Package Height\": \"12 cm\",\n    \"Package Length\": \"5.45 cm\",\n    \"Package Width\": \"5.55 cm\"\n}"
    },
    {
        "product_name": "Sisley Phyto-Blush Twist Blush N 6 Passion",
        "brand_name": "Sisley",
        "brand_url": "https://shop.frankfurt-airport.com/en-US/brand/sisley",
        "retailer_name": "Frankfurt Duty Free",
        "retailer_url": "https://shop.frankfurt-airport.com/en-US/retailer/heinemann",
        "price": "\u20ac59.99",
        "price_per_quantity": "\u20ac1,090.73 / 100  g",
        "description": "Colour, Care and a Healthy Glow in a single \"twist\". Shea Oil: softness and comfortCamellia Oil: softness and anti-dryingVitamin E derivative: anti-free radicalsColour, Care and a Healthy Glow in a single \"twist\". Shea Oil: softness and comfortCamellia Oil: softness and anti-dryingVitamin E derivative: anti-free radicals",
        "additional_information": "{\n    \"Order Amount\": \"5.5 g\",\n    \"made in\": \"Italy\",\n    \"Warning Hints\": \"Avoid eye contact. Keep away from direct heat and sunlight.\",\n    \"Item Number\": \"1332921\",\n    \"Manufacturer Color\": \"No. 6 - Passion\",\n    \"Product Series\": \"Phyto-Blush Twist\",\n    \"Net Weight\": \"0.005 kg\",\n    \"Package Height\": \"2.5 cm\",\n    \"Package Length\": \"9 cm\",\n    \"Package Width\": \"2.5 cm\"\n}"
    },
    {
        "product_name": "Sisley Black Rose Precious Face Oil 25 ml",
        "brand_name": "Sisley",
        "brand_url": "https://shop.frankfurt-airport.com/en-US/brand/sisley",
        "retailer_name": "Frankfurt Duty Free",
        "retailer_url": "https://shop.frankfurt-airport.com/en-US/retailer/heinemann",
        "price": "\u20ac179.99",
        "price_per_quantity": "\u20ac719.96 / 100  ml",
        "description": "Sisley\u2019s first skincare Oil. Plum Oil (rich in omega 6): strengthens the barrier function and brings comfort and suppleness to your skin;Camelina Oil (rich in omega 3 and 6): nourishes, soothes and preserves your skin's lipid balance;Phytosqualane: nourishes, moisturises and strengthens your skin's protective film;Natural Tocopherols: help to combat free radicals;Avocado unsaponifiables: regenerate, repair, nourish, soothe;Padina pavonica: stimulates synthesis of glycosaminoglycans;Black Rose extract: softens; Bulgarian Rose essential Oil: tones;Magnolia (essential Oil): soothes;Geranium (essential Oil): purifiesSisley\u2019s first skincare Oil. Plum Oil (rich in omega 6): strengthens the barrier function and brings comfort and suppleness to your skin;Camelina Oil (rich in omega 3 and 6): nourishes, soothes and preserves your skin's lipid balance;Phytosqualane: nourishes, moisturises and strengthens your skin's protective film;Natural Tocopherols: help to combat free radicals;Avocado unsaponifiables: regenerate, repair, nourish, soothe;Padina pavonica: stimulates synthesis of glycosaminoglycans;Black Rose extract: softens; Bulgarian Rose essential Oil: tones;Magnolia (essential Oil): soothes;Geranium (essential Oil): purifies",
        "additional_information": "{\n    \"Order Amount\": \"25 ml\",\n    \"Warning Hints\": \"Avoid eye contact. Keep away from direct heat and sunlight.\",\n    \"Item Number\": \"1090904\",\n    \"Product Series\": \"Black Rose\",\n    \"Net Weight\": \"0.025 kg\",\n    \"Package Height\": \"8.5 cm\",\n    \"Package Length\": \"5.7 cm\",\n    \"Package Width\": \"5.7 cm\"\n}"
    },
    {
        "product_name": "Sisley Masque Eclat Express  l'Argile Rouge Formule Intensive Mask 60 ml",
        "brand_name": "Sisley",
        "brand_url": "https://shop.frankfurt-airport.com/en-US/brand/sisley",
        "retailer_name": "Frankfurt Duty Free",
        "retailer_url": "https://shop.frankfurt-airport.com/en-US/retailer/heinemann",
        "price": "\u20ac97.99",
        "price_per_quantity": "\u20ac163.32 / 100  ml",
        "description": "A \"radiant glow\" mask that perfectly and gently cleans the skin. Red Vine: tones; Carrot: revitalises and hydrates; Plant-origin Glycerin: hydrates; Chamomile (essential Oil): soothes; Rosemary (essential Oil): cleanses and stimulates; White Clay: absorbs excess sebum; Red Clay: absorbs excess sebum; Rosehip: protects from oxidative stressA \"radiant glow\" mask that perfectly and gently cleans the skin. Red Vine: tones; Carrot: revitalises and hydrates; Plant-origin Glycerin: hydrates; Chamomile (essential Oil): soothes; Rosemary (essential Oil): cleanses and stimulates; White Clay: absorbs excess sebum; Red Clay: absorbs excess sebum; Rosehip: protects from oxidative stress",
        "additional_information": "{\n    \"Order Amount\": \"60 ml\",\n    \"Warning Hints\": \"Avoid eye contact. Keep away from direct heat and sunlight.\",\n    \"Item Number\": \"294886\",\n    \"Product Series\": \"Masks\",\n    \"Net Weight\": \"0.06 kg\",\n    \"Package Height\": \"12 cm\",\n    \"Package Length\": \"6.5 cm\",\n    \"Package Width\": \"5 cm\"\n}"
    },
    {
        "product_name": "Sisley Phyto-Lip Twist N 21 Ruby",
        "brand_name": "Sisley",
        "brand_url": "https://shop.frankfurt-airport.com/en-US/brand/sisley",
        "retailer_name": "Frankfurt Duty Free",
        "retailer_url": "https://shop.frankfurt-airport.com/en-US/retailer/heinemann",
        "price": "\u20ac39.99",
        "price_per_quantity": "\u20ac1,599.60 / 100  g",
        "description": "Colour, skincare and shine in a single \"twist\". Capacity: 2.5 gCommipheroline: smoothes the lips and contoursPhytosqualane: emolliates and moisturises, maintains the skin's supplenessColour, skincare and shine in a single \"twist\". Capacity: 2.5 gCommipheroline: smoothes the lips and contoursPhytosqualane: emolliates and moisturises, maintains the skin's suppleness",
        "additional_information": "{\n    \"Order Amount\": \"2.5 g\",\n    \"made in\": \"Italy\",\n    \"Warning Hints\": \"Avoid eye contact. Keep away from direct heat and sunlight.\",\n    \"Item Number\": \"1305129\",\n    \"Manufacturer Color\": \"No. 21 - Ruby\",\n    \"Product Series\": \"Phyto-Lip Twist\",\n    \"Net Weight\": \"0.003 kg\",\n    \"Package Height\": \"11.5 cm\",\n    \"Package Length\": \"2 cm\",\n    \"Package Width\": \"2 cm\"\n}"
    },
    {
        "product_name": "Sisley So Volume Mascara N 1 Deep Black",
        "brand_name": "Sisley",
        "brand_url": "https://shop.frankfurt-airport.com/en-US/brand/sisley",
        "retailer_name": "Frankfurt Duty Free",
        "retailer_url": "https://shop.frankfurt-airport.com/en-US/retailer/heinemann",
        "price": "\u20ac52.99",
        "price_per_quantity": "\u20ac662.38 / 100  ml",
        "description": "So Volume provides volume, curls and defines the lashes, from the root to the tip. Its innovative lash care formula acts on: - helps  lashes appear longer and thicker (Vitamin Peptide, Cotton proteins and Ceramide-like key ingredient) for stronger, longer, voluminous and more resistant lashes with repeated applications - the vitality of the lashes thanks to the added nutrition, essential to the development - their growth (Arginine) and their beauty (Pro-vitamin B5, Japanese Cherry Blossom extract and Castor oil). Its XXL brush which is perfectly suited to the formula promises instant shaping and a high-definition result without clumping.  Its dual-coating ultra-pure pigments offer intense colour and long-lasting make-up. Tolerance tested under ophthalmological control . Suitable for sensitive eyes and contact lens wearers.So Volume provides volume, curls and defines the lashes, from the root to the tip. Its innovative lash care formula acts on: - helps  lashes appear longer and thicker (Vitamin Peptide, Cotton proteins and Ceramide-like key ingredient) for stronger, longer, voluminous and more resistant lashes with repeated applications - the vitality of the lashes thanks to the added nutrition, essential to the development - their growth (Arginine) and their beauty (Pro-vitamin B5, Japanese Cherry Blossom extract and Castor oil). Its XXL brush which is perfectly suited to the formula promises instant shaping and a high-definition result without clumping.  Its dual-coating ultra-pure pigments offer intense colour and long-lasting make-up. Tolerance tested under ophthalmological control . Suitable for sensitive eyes and contact lens wearers.",
        "additional_information": "{\n    \"Order Amount\": \"8 ml\",\n    \"made in\": \"France\",\n    \"Warning Hints\": \"Avoid eye contact. Keep away from direct heat and sunlight.\",\n    \"Item Number\": \"1368499\",\n    \"Manufacturer Color\": \"No. 1 - Deep Black\",\n    \"Product Series\": \"So Volume\",\n    \"Net Weight\": \"0.008 kg\",\n    \"Package Height\": \"11.47 cm\",\n    \"Package Length\": \"3 cm\",\n    \"Package Width\": \"2.3 cm\"\n}"
    },
    {
        "product_name": "Sisley Phyto Khol Star Waterproof N 7 Mystic Blue",
        "brand_name": "Sisley",
        "brand_url": "https://shop.frankfurt-airport.com/en-US/brand/sisley",
        "retailer_name": "Frankfurt Duty Free",
        "retailer_url": "https://shop.frankfurt-airport.com/en-US/retailer/heinemann",
        "price": "\u20ac43.99",
        "price_per_quantity": "\u20ac14,663.33 / 100  g",
        "description": "All the intensity of an eyeliner in a pencil. Capacity: 0.2 gRosehip oil: nourishes, provides softness and comfortBisabolol of natural origin: soothesVitamin E acetate: anti-free radicalAll the intensity of an eyeliner in a pencil. Capacity: 0.2 gRosehip oil: nourishes, provides softness and comfortBisabolol of natural origin: soothesVitamin E acetate: anti-free radical",
        "additional_information": "{\n    \"Order Amount\": \"0.3 g\",\n    \"made in\": \"Italy\",\n    \"Warning Hints\": \"Avoid eye contact. Keep away from direct heat and sunlight.\",\n    \"Item Number\": \"1305124\",\n    \"Manufacturer Color\": \"No. 7 - Mystic Blue\",\n    \"Product Series\": \"Phyto-Khol Star\",\n    \"Net Weight\": \"0.001 kg\",\n    \"Package Height\": \"13 cm\",\n    \"Package Length\": \"2.5 cm\",\n    \"Package Width\": \"1.8 cm\"\n}"
    },
    {
        "product_name": "Sisley Phyto Khol Star Waterproof N 8 Mystic Green",
        "brand_name": "Sisley",
        "brand_url": "https://shop.frankfurt-airport.com/en-US/brand/sisley",
        "retailer_name": "Frankfurt Duty Free",
        "retailer_url": "https://shop.frankfurt-airport.com/en-US/retailer/heinemann",
        "price": "\u20ac43.99",
        "price_per_quantity": "\u20ac14,663.33 / 100  g",
        "description": "All the intensity of an eyeliner in a pencil. Capacity: 0.2 gRosehip oil: nourishes, provides softness and comfortBisabolol of natural origin: soothesVitamin E acetate: anti-free radicalAll the intensity of an eyeliner in a pencil. Capacity: 0.2 gRosehip oil: nourishes, provides softness and comfortBisabolol of natural origin: soothesVitamin E acetate: anti-free radical",
        "additional_information": "{\n    \"Order Amount\": \"0.3 g\",\n    \"made in\": \"Italy\",\n    \"Warning Hints\": \"Avoid eye contact. Keep away from direct heat and sunlight.\",\n    \"Item Number\": \"1305125\",\n    \"Manufacturer Color\": \"No. 8 - Mystic Green\",\n    \"Product Series\": \"Phyto-Khol Star\",\n    \"Net Weight\": \"0.001 kg\",\n    \"Package Height\": \"13 cm\",\n    \"Package Length\": \"2.5 cm\",\n    \"Package Width\": \"1.8 cm\"\n}"
    },
    {
        "product_name": "Sisley Phyto Khol Star Waterproof N 4 Sparking Bronze",
        "brand_name": "Sisley",
        "brand_url": "https://shop.frankfurt-airport.com/en-US/brand/sisley",
        "retailer_name": "Frankfurt Duty Free",
        "retailer_url": "https://shop.frankfurt-airport.com/en-US/retailer/heinemann",
        "price": "\u20ac43.99",
        "price_per_quantity": "\u20ac14,663.33 / 100  g",
        "description": "All the intensity of an eyeliner in a pencil. Capacity: 0.2 gRosehip oil: nourishes, provides softness and comfortBisabolol of natural origin: soothesVitamin E acetate: anti-free radicalAll the intensity of an eyeliner in a pencil. Capacity: 0.2 gRosehip oil: nourishes, provides softness and comfortBisabolol of natural origin: soothesVitamin E acetate: anti-free radical",
        "additional_information": "{\n    \"Order Amount\": \"0.3 g\",\n    \"made in\": \"Italy\",\n    \"Warning Hints\": \"Avoid eye contact. Keep away from direct heat and sunlight.\",\n    \"Item Number\": \"1305121\",\n    \"Manufacturer Color\": \"No. 4 - Sparkling Bronze\",\n    \"Product Series\": \"Phyto-Khol Star\",\n    \"Net Weight\": \"0.001 kg\",\n    \"Package Height\": \"13 cm\",\n    \"Package Length\": \"2.5 cm\",\n    \"Package Width\": \"1.8 cm\"\n}"
    },
    {
        "product_name": "Sisley Phyto-Lip Twist N 19 Ballet",
        "brand_name": "Sisley",
        "brand_url": "https://shop.frankfurt-airport.com/en-US/brand/sisley",
        "retailer_name": "Frankfurt Duty Free",
        "retailer_url": "https://shop.frankfurt-airport.com/en-US/retailer/heinemann",
        "price": "\u20ac39.99",
        "price_per_quantity": "\u20ac1,599.60 / 100  g",
        "description": "Colour, skincare and shine in a single \"twist\". Capacity: 2.5 gCommipheroline: smoothes the lips and contoursPhytosqualane: emolliates and moisturises, maintains the skin's supplenessColour, skincare and shine in a single \"twist\". Capacity: 2.5 gCommipheroline: smoothes the lips and contoursPhytosqualane: emolliates and moisturises, maintains the skin's suppleness",
        "additional_information": "{\n    \"Order Amount\": \"2.5 g\",\n    \"made in\": \"Italy\",\n    \"Warning Hints\": \"Avoid eye contact. Keep away from direct heat and sunlight.\",\n    \"Item Number\": \"1305127\",\n    \"Manufacturer Color\": \"No. 19 - Ballet\",\n    \"Product Series\": \"Phyto-Lip Twist\",\n    \"Net Weight\": \"0.003 kg\",\n    \"Package Height\": \"11.36 cm\",\n    \"Package Length\": \"1.92 cm\",\n    \"Package Width\": \"1.92 cm\"\n}"
    },
    {
        "product_name": "Sisley Phyto-Lip Twist Lipbalm N 18 Tango",
        "brand_name": "Sisley",
        "brand_url": "https://shop.frankfurt-airport.com/en-US/brand/sisley",
        "retailer_name": "Frankfurt Duty Free",
        "retailer_url": "https://shop.frankfurt-airport.com/en-US/retailer/heinemann",
        "price": "\u20ac39.99",
        "price_per_quantity": "\u20ac1,599.60 / 100  g",
        "description": "Colour, skincare and shine in a single \"twist\". Capacity: 2.5 gCommipheroline: smoothes the lips and contoursPhytosqualane: emolliates and moisturises, maintains the skin's supplenessColour, skincare and shine in a single \"twist\". Capacity: 2.5 gCommipheroline: smoothes the lips and contoursPhytosqualane: emolliates and moisturises, maintains the skin's suppleness",
        "additional_information": "{\n    \"Order Amount\": \"2.5 g\",\n    \"made in\": \"Italy\",\n    \"Warning Hints\": \"Avoid eye contact. Keep away from direct heat and sunlight.\",\n    \"Item Number\": \"1224815\",\n    \"Manufacturer Color\": \"No. 18 - Tango\",\n    \"Product Series\": \"Phyto-Lip Twist\",\n    \"Net Weight\": \"0.002 kg\",\n    \"Package Height\": \"11.5 cm\",\n    \"Package Length\": \"1.9 cm\",\n    \"Package Width\": \"1.9 cm\"\n}"
    },
    {
        "product_name": "Sisley Phyto-Lip Twist N 22 Burgundy",
        "brand_name": "Sisley",
        "brand_url": "https://shop.frankfurt-airport.com/en-US/brand/sisley",
        "retailer_name": "Frankfurt Duty Free",
        "retailer_url": "https://shop.frankfurt-airport.com/en-US/retailer/heinemann",
        "price": "\u20ac39.99",
        "price_per_quantity": "\u20ac1,599.60 / 100  g",
        "description": "Colour, skincare and shine in a single \"twist\". Capacity: 2.5 gCommipheroline: smoothes the lips and contoursPhytosqualane: emolliates and moisturises, maintains the skin's supplenessColour, skincare and shine in a single \"twist\". Capacity: 2.5 gCommipheroline: smoothes the lips and contoursPhytosqualane: emolliates and moisturises, maintains the skin's suppleness",
        "additional_information": "{\n    \"Order Amount\": \"2.5 g\",\n    \"made in\": \"Italy\",\n    \"Warning Hints\": \"Avoid eye contact. Keep away from direct heat and sunlight.\",\n    \"Item Number\": \"1305130\",\n    \"Manufacturer Color\": \"No. 22 - Burgundy\",\n    \"Product Series\": \"Phyto-Lip Twist\",\n    \"Net Weight\": \"0.003 kg\",\n    \"Package Height\": \"11.36 cm\",\n    \"Package Length\": \"1.92 cm\",\n    \"Package Width\": \"1.92 cm\"\n}"
    },
    {
        "product_name": "Sisley Mascara So Intense N1 Deep Black",
        "brand_name": "Sisley",
        "brand_url": "https://shop.frankfurt-airport.com/en-US/brand/sisley",
        "retailer_name": "Frankfurt Duty Free",
        "retailer_url": "https://shop.frankfurt-airport.com/en-US/retailer/heinemann",
        "price": "\u20ac54.99",
        "price_per_quantity": "\u20ac733.20 / 100  ml",
        "description": "Instant volume and length. The eyelashes are visibly longer and thicker, day after day. Vitamin-rich peptide: works on the eyelashes' length and thicknessCastor Oil: beautifies, nourishes, and smoothes eyelashesProvitamin B5: leaves eyelashes supple and silkyRice phytoceramides: reinforces the eyelashes' structure and makes them strongerCarnauba wax: coats and promotes a volumized effectBeeswax: protects and separates eyelashesInstant volume and length. The eyelashes are visibly longer and thicker, day after day. Vitamin-rich peptide: works on the eyelashes' length and thicknessCastor Oil: beautifies, nourishes, and smoothes eyelashesProvitamin B5: leaves eyelashes supple and silkyRice phytoceramides: reinforces the eyelashes' structure and makes them strongerCarnauba wax: coats and promotes a volumized effectBeeswax: protects and separates eyelashes",
        "additional_information": "{\n    \"Order Amount\": \"7.5 ml\",\n    \"made in\": \"France\",\n    \"Warning Hints\": \"Avoid eye contact. Keep away from direct heat and sunlight.\",\n    \"Item Number\": \"1020403\",\n    \"Manufacturer Color\": \"No. 1 - Deep Black\",\n    \"Product Series\": \"So Intense\",\n    \"Net Weight\": \"0.007 kg\",\n    \"Package Height\": \"13.2 cm\",\n    \"Package Length\": \"3.2 cm\",\n    \"Package Width\": \"2.2 cm\"\n}"
    },
    {
        "product_name": "Sisley Phyto Khol Star Waterproof N 1 Sparkling Black",
        "brand_name": "Sisley",
        "brand_url": "https://shop.frankfurt-airport.com/en-US/brand/sisley",
        "retailer_name": "Frankfurt Duty Free",
        "retailer_url": "https://shop.frankfurt-airport.com/en-US/retailer/heinemann",
        "price": "\u20ac43.99",
        "price_per_quantity": "\u20ac14,663.33 / 100  g",
        "description": "All the intensity of an eyeliner in a pencil. Capacity: 0.2 gRosehip oil: nourishes, provides softness and comfortBisabolol of natural origin: soothesVitamin E acetate: anti-free radicalAll the intensity of an eyeliner in a pencil. Capacity: 0.2 gRosehip oil: nourishes, provides softness and comfortBisabolol of natural origin: soothesVitamin E acetate: anti-free radical",
        "additional_information": "{\n    \"Order Amount\": \"0.3 g\",\n    \"made in\": \"Italy\",\n    \"Warning Hints\": \"Avoid eye contact. Keep away from direct heat and sunlight.\",\n    \"Item Number\": \"1304938\",\n    \"Manufacturer Color\": \"No. 1 - Sparkling Black\",\n    \"Product Series\": \"Phyto-Khol Star\",\n    \"Net Weight\": \"0.001 kg\",\n    \"Package Height\": \"13 cm\",\n    \"Package Length\": \"2.5 cm\",\n    \"Package Width\": \"1.8 cm\"\n}"
    },
    {
        "product_name": "Sisley Phyto Khol Star Waterproof N 2 Sparkling Grey",
        "brand_name": "Sisley",
        "brand_url": "https://shop.frankfurt-airport.com/en-US/brand/sisley",
        "retailer_name": "Frankfurt Duty Free",
        "retailer_url": "https://shop.frankfurt-airport.com/en-US/retailer/heinemann",
        "price": "\u20ac43.99",
        "price_per_quantity": "\u20ac14,663.33 / 100  g",
        "description": "All the intensity of an eyeliner in a pencil. Capacity: 0.2 gRosehip oil: nourishes, provides softness and comfortBisabolol of natural origin: soothesVitamin E acetate: anti-free radicalAll the intensity of an eyeliner in a pencil. Capacity: 0.2 gRosehip oil: nourishes, provides softness and comfortBisabolol of natural origin: soothesVitamin E acetate: anti-free radical",
        "additional_information": "{\n    \"Order Amount\": \"0.3 g\",\n    \"made in\": \"Italy\",\n    \"Warning Hints\": \"Avoid eye contact. Keep away from direct heat and sunlight.\",\n    \"Item Number\": \"1304939\",\n    \"Manufacturer Color\": \"No. 2 - Sparkling Grey\",\n    \"Product Series\": \"Phyto-Khol Star\",\n    \"Net Weight\": \"0.001 kg\",\n    \"Package Height\": \"13 cm\",\n    \"Package Length\": \"2.5 cm\",\n    \"Package Width\": \"1.8 cm\"\n}"
    },
    {
        "product_name": "Sisley Blur Expert Makeup 11 g",
        "brand_name": "Sisley",
        "brand_url": "https://shop.frankfurt-airport.com/en-US/brand/sisley",
        "retailer_name": "Frankfurt Duty Free",
        "retailer_url": "https://shop.frankfurt-airport.com/en-US/retailer/heinemann",
        "price": "\u20ac77.99",
        "price_per_quantity": "\u20ac709.00 / 100  g",
        "description": "The \u201cInstaSisley\u201d filter that creates ultra-luminous, perfect skin in a single stroke that lasts all day. Size: 11 gThe \u201cInstaSisley\u201d filter that creates ultra-luminous, perfect skin in a single stroke that lasts all day. Size: 11 g",
        "additional_information": "{\n    \"Order Amount\": \"11 g\",\n    \"made in\": \"Italy\",\n    \"Warning Hints\": \"Avoid eye contact. Keep away from direct heat and sunlight.\",\n    \"Item Number\": \"1368495\",\n    \"Manufacturer Color\": \"No. 051\",\n    \"Product Series\": \"Blur Expert\",\n    \"Net Weight\": \"0.011 kg\",\n    \"Package Height\": \"2 cm\",\n    \"Package Length\": \"6.9 cm\",\n    \"Package Width\": \"6.8 cm\"\n}"
    },
    {
        "product_name": "Sisley Sisleya L'Integral Anti Age Cream 50 ml",
        "brand_name": "Sisley",
        "brand_url": "https://shop.frankfurt-airport.com/en-US/brand/sisley",
        "retailer_name": "Frankfurt Duty Free",
        "retailer_url": "https://shop.frankfurt-airport.com/en-US/retailer/heinemann",
        "price": "\u20ac399.99",
        "price_per_quantity": "\u20ac799.98 / 100  ml",
        "description": "Exceptional anti-aging cream. For visibly younger skin, that lasts. Apple pip extracts (Phytostimulines and Ursolic Acid): regenerate and stimulate the skin;Rhatany extract and Lady's Mantle extract: help to stimulate and smooth the skin texture;Cocktail of vitamins, minerals, trace elements and amino acids: torevitalising;White Willow leaf extract: antioxidant*, anti-collagenase* and  anti-elastase*;Adenosine: anti-wrinkle;Lindera extract: cellular rhythm;Persian Acacia extract: cellular energy;Yeast and Soy protein complex: cellular longevity;Shea butter: protects and repairs;Glycerin of vegetable origin: hydrates and softens.*In vitro testExceptional anti-aging cream. For visibly younger skin, that lasts. Apple pip extracts (Phytostimulines and Ursolic Acid): regenerate and stimulate the skin;Rhatany extract and Lady's Mantle extract: help to stimulate and smooth the skin texture;Cocktail of vitamins, minerals, trace elements and amino acids: torevitalising;White Willow leaf extract: antioxidant*, anti-collagenase* and  anti-elastase*;Adenosine: anti-wrinkle;Lindera extract: cellular rhythm;Persian Acacia extract: cellular energy;Yeast and Soy protein complex: cellular longevity;Shea butter: protects and repairs;Glycerin of vegetable origin: hydrates and softens.*In vitro test",
        "additional_information": "{\n    \"Order Amount\": \"50 ml\",\n    \"Warning Hints\": \"Avoid eye contact. Keep away from direct heat and sunlight.\",\n    \"Item Number\": \"1186030\",\n    \"Product Series\": \"Sisleya\",\n    \"Net Weight\": \"0.05 kg\",\n    \"Package Height\": \"7.8 cm\",\n    \"Package Length\": \"7.45 cm\",\n    \"Package Width\": \"7.75 cm\"\n}"
    },
    {
        "product_name": "Sisley So Curl Mascara Deep Black 10 ml",
        "brand_name": "Sisley",
        "brand_url": "https://shop.frankfurt-airport.com/en-US/brand/sisley",
        "retailer_name": "Frankfurt Duty Free",
        "retailer_url": "https://shop.frankfurt-airport.com/en-US/retailer/heinemann",
        "price": "\u20ac54.99",
        "price_per_quantity": "\u20ac549.90 / 100  ml",
        "description": "Instant curl and volume. Eyelashes appear longer, fuller and more beautiful day after day. Vitamin-rich Peptide: acts on the length and thickness of lashesArginine: revitalisingsPassionflower extract: softensCastor Oil: enhances, nourishes and smoothes lashesPro-vitamin B5: leaves lashes supple and silkyRice phytoceramides: strengthen the lash structure and make them more resistantCarnauba Wax: coats and increases the volumising effectBeeswax: protects and separates the lashesInstant curl and volume. Eyelashes appear longer, fuller and more beautiful day after day. Vitamin-rich Peptide: acts on the length and thickness of lashesArginine: revitalisingsPassionflower extract: softensCastor Oil: enhances, nourishes and smoothes lashesPro-vitamin B5: leaves lashes supple and silkyRice phytoceramides: strengthen the lash structure and make them more resistantCarnauba Wax: coats and increases the volumising effectBeeswax: protects and separates the lashes",
        "additional_information": "{\n    \"Order Amount\": \"10 ml\",\n    \"made in\": \"France\",\n    \"Warning Hints\": \"Avoid eye contact. Keep away from direct heat and sunlight.\",\n    \"Item Number\": \"1186033\",\n    \"Manufacturer Color\": \"No. 1 - Black\",\n    \"Product Series\": \"So Curl\",\n    \"Net Weight\": \"0.01 kg\",\n    \"Package Height\": \"13.2 cm\",\n    \"Package Length\": \"3.1 cm\",\n    \"Package Width\": \"2.1 cm\"\n}"
    },
    {
        "product_name": "Sisley Sisleya L'Integral Anti Age Cream Extra 50 ml",
        "brand_name": "Sisley",
        "brand_url": "https://shop.frankfurt-airport.com/en-US/brand/sisley",
        "retailer_name": "Frankfurt Duty Free",
        "retailer_url": "https://shop.frankfurt-airport.com/en-US/retailer/heinemann",
        "price": "\u20ac399.99",
        "price_per_quantity": "\u20ac799.98 / 100  ml",
        "description": "An exceptional anti-aging cream. For visibly younger skin, that lasts. Dry to very dry skin. Apple pip extracts (Phytostimulines and  Ursolic Acid): regenerate and stimulate the skin;Rhatany extract and Lady's Mantle extract: help to stimulate and smooth the skin texture;Cocktail of vitamins, minerals, trace elements and amino acids: torevitalising;White Willow leaf extract: antioxidant*, anti-collagenase* and anti-elastase*;Adenosine: anti-wrinkle;Lindera extract: cellular rhythm;Persian Acacia extract: cellular energy;Yeast and Soy protein complex: cellular longevity;Shea butter: protects and repairs;Glycerin of vegetable origin: hydrates and softens;Mango butter: hydrates, nourishes and regenerates;Cottonseed Oil: softens;Camelina Oil: softens and soothes*In vitro testAn exceptional anti-aging cream. For visibly younger skin, that lasts. Dry to very dry skin. Apple pip extracts (Phytostimulines and  Ursolic Acid): regenerate and stimulate the skin;Rhatany extract and Lady's Mantle extract: help to stimulate and smooth the skin texture;Cocktail of vitamins, minerals, trace elements and amino acids: torevitalising;White Willow leaf extract: antioxidant*, anti-collagenase* and anti-elastase*;Adenosine: anti-wrinkle;Lindera extract: cellular rhythm;Persian Acacia extract: cellular energy;Yeast and Soy protein complex: cellular longevity;Shea butter: protects and repairs;Glycerin of vegetable origin: hydrates and softens;Mango butter: hydrates, nourishes and regenerates;Cottonseed Oil: softens;Camelina Oil: softens and soothes*In vitro test",
        "additional_information": "{\n    \"Order Amount\": \"50 ml\",\n    \"Warning Hints\": \"Avoid eye contact. Keep away from direct heat and sunlight.\",\n    \"Item Number\": \"1186031\",\n    \"Product Series\": \"Sisleya\",\n    \"Net Weight\": \"0.05 kg\",\n    \"Package Height\": \"7.8 cm\",\n    \"Package Length\": \"7.45 cm\",\n    \"Package Width\": \"7.75 cm\"\n}"
    },
    {
        "product_name": "Sisley Phyto-Cernes Concealer N 4 15 ml",
        "brand_name": "Sisley",
        "brand_url": "https://shop.frankfurt-airport.com/en-US/brand/sisley",
        "retailer_name": "Frankfurt Duty Free",
        "retailer_url": "https://shop.frankfurt-airport.com/en-US/retailer/heinemann",
        "price": "\u20ac84.99",
        "price_per_quantity": "\u20ac566.60 / 100  ml",
        "description": "Masks dark circles and signs of fatigue, visibly smoothes fine lines, reduces eye puffiness. Red Vine extract: toningGinkgo biloba extract: protects, tonesArnica extract: soothes, tonesCaffeine: helps reduce puffinessSoy peptide extract: tones by stimulating collagen synthesisHorsetail extract: tonesCarrot extract: hydrates,revitalisingsCandeia extract (natural alpha bisabolol): soothes, leaves skin comfortable and softPlant-origin Glycerin: hydratesMasks dark circles and signs of fatigue, visibly smoothes fine lines, reduces eye puffiness. Red Vine extract: toningGinkgo biloba extract: protects, tonesArnica extract: soothes, tonesCaffeine: helps reduce puffinessSoy peptide extract: tones by stimulating collagen synthesisHorsetail extract: tonesCarrot extract: hydrates,revitalisingsCandeia extract (natural alpha bisabolol): soothes, leaves skin comfortable and softPlant-origin Glycerin: hydrates",
        "additional_information": "{\n    \"Order Amount\": \"15 ml\",\n    \"made in\": \"France\",\n    \"Warning Hints\": \"Avoid eye contact. Keep away from direct heat and sunlight.\",\n    \"Item Number\": \"1192621\",\n    \"Manufacturer Color\": \"No. 4 - Beige Dor\\u00e9\",\n    \"Product Series\": \"Phyto-Cernes Eclat\",\n    \"Net Weight\": \"0.015 kg\",\n    \"Package Height\": \"13.7 cm\",\n    \"Package Length\": \"3.3 cm\",\n    \"Package Width\": \"2.45 cm\"\n}"
    },
    {
        "product_name": "Sisley Hydra-Global Facial Cream 40 ml",
        "brand_name": "Sisley",
        "brand_url": "https://shop.frankfurt-airport.com/en-US/brand/sisley",
        "retailer_name": "Frankfurt Duty Free",
        "retailer_url": "https://shop.frankfurt-airport.com/en-US/retailer/heinemann",
        "price": "\u20ac199.99",
        "price_per_quantity": "\u20ac499.98 / 100  ml",
        "description": "An intensive moisturising product that restores the skin's moisture balance to that of youthful skin. Padina pavonica: stimulates the synthesis of glycosaminoglycans;Sunflower: nourishes, softens, revitalises;Sage (essential Oil): stimulates;Chestnut: regulates the desquamation of the epidermis and restores the barrier function;Lavender (essential Oil): soothes and balances;Malachite: reinforces the skin's defense against free radicals;Wild Pansy: increases water circulation in the epidermis and stimulates the synthesis of aquaporins;Stevia Leaf extract: hydrates;Marjoram (essential Oil): soothesAn intensive moisturising product that restores the skin's moisture balance to that of youthful skin. Padina pavonica: stimulates the synthesis of glycosaminoglycans;Sunflower: nourishes, softens, revitalises;Sage (essential Oil): stimulates;Chestnut: regulates the desquamation of the epidermis and restores the barrier function;Lavender (essential Oil): soothes and balances;Malachite: reinforces the skin's defense against free radicals;Wild Pansy: increases water circulation in the epidermis and stimulates the synthesis of aquaporins;Stevia Leaf extract: hydrates;Marjoram (essential Oil): soothes",
        "additional_information": "{\n    \"Order Amount\": \"40 ml\",\n    \"Warning Hints\": \"Avoid eye contact. Keep away from direct heat and sunlight.\",\n    \"Item Number\": \"863233\",\n    \"Product Series\": \"Skin Care Face\",\n    \"Net Weight\": \"0.04 kg\",\n    \"Package Height\": \"4.3 cm\",\n    \"Package Length\": \"15.4 cm\",\n    \"Package Width\": \"4.5 cm\"\n}"
    },
    {
        "product_name": "Sisley Phyto Brow Design 3 in 1 Eye Brow pencil N 1 Cappuccino",
        "brand_name": "Sisley",
        "brand_url": "https://shop.frankfurt-airport.com/en-US/brand/sisley",
        "retailer_name": "Frankfurt Duty Free",
        "retailer_url": "https://shop.frankfurt-airport.com/en-US/retailer/heinemann",
        "price": "\u20ac52.99",
        "price_per_quantity": "\u20ac13,247.50 / 100  g",
        "description": "A 3-in-1 pencil for intensified, redefined eyebrows with a perfect shape. Capacity: 2 gAcacia wax: softens and protectsCamellia oil: nourishes, softens, sets and tames eyebrowsA 3-in-1 pencil for intensified, redefined eyebrows with a perfect shape. Capacity: 2 gAcacia wax: softens and protectsCamellia oil: nourishes, softens, sets and tames eyebrows",
        "additional_information": "{\n    \"Order Amount\": \"0.4 g\",\n    \"made in\": \"Italy\",\n    \"Warning Hints\": \"Avoid eye contact. Keep away from direct heat and sunlight.\",\n    \"Item Number\": \"1275808\",\n    \"Manufacturer Color\": \"No. 1 - Cappuccino\",\n    \"Product Series\": \"Phyto-Sourcils\",\n    \"Net Weight\": \"0.001 kg\",\n    \"Package Height\": \"17.2 cm\",\n    \"Package Length\": \"2.5 cm\",\n    \"Package Width\": \"1.8 cm\"\n}"
    },
    {
        "product_name": "Sisley Phyto-Eye Twist Eyeshadow N 4 Steel",
        "brand_name": "Sisley",
        "brand_url": "https://shop.frankfurt-airport.com/en-US/brand/sisley",
        "retailer_name": "Frankfurt Duty Free",
        "retailer_url": "https://shop.frankfurt-airport.com/en-US/retailer/heinemann",
        "price": "\u20ac39.99",
        "price_per_quantity": "\u20ac2,666.00 / 100  g",
        "description": "colour, skincare and holding power in a single twist. Capacity: 1.5 g Green Tea: softness, emollienceCamellia: softness, emollienceWhite Lily: softness, emolliencecolour, skincare and holding power in a single twist. Capacity: 1.5 g Green Tea: softness, emollienceCamellia: softness, emollienceWhite Lily: softness, emollience",
        "additional_information": "{\n    \"Order Amount\": \"1.5 g\",\n    \"made in\": \"Italy\",\n    \"Warning Hints\": \"Avoid eye contact. Keep away from direct heat and sunlight.\",\n    \"Item Number\": \"1113225\",\n    \"Manufacturer Color\": \"No. 4 - Steel\",\n    \"Product Series\": \"Phyto-Eye Twist\",\n    \"Net Weight\": \"0.001 kg\",\n    \"Package Height\": \"11.9 cm\",\n    \"Package Length\": \"1.92 cm\",\n    \"Package Width\": \"1.92 cm\"\n}"
    },
    {
        "product_name": "Sisley Sislea Le Teint Foundation N 3R Peach 30 ml",
        "brand_name": "Sisley",
        "brand_url": "https://shop.frankfurt-airport.com/en-US/brand/sisley",
        "retailer_name": "Frankfurt Duty Free",
        "retailer_url": "https://shop.frankfurt-airport.com/en-US/retailer/heinemann",
        "price": "\u20ac139.99",
        "price_per_quantity": "\u20ac466.63 / 100  ml",
        "description": "A foundation with the best of Sisley make-up and Skincare. Capacity: 30 mlPersian Acacia extract: cellular energyChlorella extract: revitalizesRed Vine extract: tonesSoy peptide extract: combats loss of firmnessAdenosine: anti-wrinkle propertiesWhite Willow extract: antioxidant*, anti-collagenase* and anti-elastase* propertiesVitamin E Acetate: anti-free radical propertiesCherry Blossom extract: moisturisesPlant based sugar: promotes the retention of water in the stratum corneumA foundation with the best of Sisley make-up and Skincare. Capacity: 30 mlPersian Acacia extract: cellular energyChlorella extract: revitalizesRed Vine extract: tonesSoy peptide extract: combats loss of firmnessAdenosine: anti-wrinkle propertiesWhite Willow extract: antioxidant*, anti-collagenase* and anti-elastase* propertiesVitamin E Acetate: anti-free radical propertiesCherry Blossom extract: moisturisesPlant based sugar: promotes the retention of water in the stratum corneum",
        "additional_information": "{\n    \"Order Amount\": \"30 ml\",\n    \"made in\": \"France\",\n    \"Warning Hints\": \"Avoid eye contact. Keep away from direct heat and sunlight.\",\n    \"Item Number\": \"1225352\",\n    \"Manufacturer Color\": \"Peach\",\n    \"Product Series\": \"Sisleya\",\n    \"Net Weight\": \"0.03 kg\",\n    \"Package Height\": \"13.25 cm\",\n    \"Package Length\": \"3.7 cm\",\n    \"Package Width\": \"3.7 cm\"\n}"
    },
    {
        "product_name": "Sisley Instant Glow Primer 30 ml",
        "brand_name": "Sisley",
        "brand_url": "https://shop.frankfurt-airport.com/en-US/brand/sisley",
        "retailer_name": "Frankfurt Duty Free",
        "retailer_url": "https://shop.frankfurt-airport.com/en-US/retailer/heinemann",
        "price": "\u20ac74.99",
        "price_per_quantity": "\u20ac249.97 / 100  ml",
        "description": "Instant Eclat is both an illuminating primer and radiance-boosting skin care. It allows to easily achieve all the techniques for creating a luminous complexion. Professional make-up artists\u2019 techniques have never been so easy to reproduce. It instantly revives the complexion\u2019s radiance, erases shadowy areas and signs of tiredness, smooths skin texture and unifies while remaining invisible. Thanks to a complex of active skin care ingredients (Kiwi extract, Butcher\u2019s Broom extract and Padina pavonica extract), it acts on 4 key factors that influence the complexion\u2019s radiance day after day: it moisturizes, energizes, tones, and gives a plumped up aspect to the skin. Its fresh, evanescent texture is applied like a second skin without adding layers to the skin. Non-greasy, non-comedogenic and perfectly adhering, it was formulated to be applied immediately before or after make-up without the need for drying time.Instant Eclat is both an illuminating primer and radiance-boosting skin care. It allows to easily achieve all the techniques for creating a luminous complexion. Professional make-up artists\u2019 techniques have never been so easy to reproduce. It instantly revives the complexion\u2019s radiance, erases shadowy areas and signs of tiredness, smooths skin texture and unifies while remaining invisible. Thanks to a complex of active skin care ingredients (Kiwi extract, Butcher\u2019s Broom extract and Padina pavonica extract), it acts on 4 key factors that influence the complexion\u2019s radiance day after day: it moisturizes, energizes, tones, and gives a plumped up aspect to the skin. Its fresh, evanescent texture is applied like a second skin without adding layers to the skin. Non-greasy, non-comedogenic and perfectly adhering, it was formulated to be applied immediately before or after make-up without the need for drying time.",
        "additional_information": "{\n    \"Order Amount\": \"30 ml\",\n    \"made in\": \"France\",\n    \"Warning Hints\": \"Avoid eye contact. Keep away from direct heat and sunlight.\",\n    \"Item Number\": \"1275811\",\n    \"Product Series\": \"Instant Eclat\",\n    \"Net Weight\": \"0.03 kg\",\n    \"Package Height\": \"14.2 cm\",\n    \"Package Length\": \"3.5 cm\",\n    \"Package Width\": \"2.3 cm\"\n}"
    },
    {
        "product_name": "Sisley Phyto-Lip Twist Lipbalm N 8 Candy",
        "brand_name": "Sisley",
        "brand_url": "https://shop.frankfurt-airport.com/en-US/brand/sisley",
        "retailer_name": "Frankfurt Duty Free",
        "retailer_url": "https://shop.frankfurt-airport.com/en-US/retailer/heinemann",
        "price": "\u20ac39.99",
        "price_per_quantity": "\u20ac1,599.60 / 100  g",
        "description": "Colour, skincare and shine in a single \"twist\". Capacity: 2.5 gCommipheroline: smoothes the lips and contoursPhytosqualane: emolliates and moisturises, maintains the skin's supplenessColour, skincare and shine in a single \"twist\". Capacity: 2.5 gCommipheroline: smoothes the lips and contoursPhytosqualane: emolliates and moisturises, maintains the skin's suppleness",
        "additional_information": "{\n    \"Order Amount\": \"2.5 g\",\n    \"made in\": \"Italy\",\n    \"Warning Hints\": \"Avoid eye contact. Keep away from direct heat and sunlight.\",\n    \"Item Number\": \"1113256\",\n    \"Manufacturer Color\": \"No. 8 - Candy\",\n    \"Product Series\": \"Phyto-Lip Twist\",\n    \"Net Weight\": \"0.002 kg\",\n    \"Package Height\": \"11.5 cm\",\n    \"Package Length\": \"1.9 cm\",\n    \"Package Width\": \"1.9 cm\"\n}"
    },
    {
        "product_name": "Sisley Soir D'Orient Eau de Parfum 100 ml",
        "brand_name": "Sisley",
        "brand_url": "https://shop.frankfurt-airport.com/en-US/brand/sisley",
        "retailer_name": "Frankfurt Duty Free",
        "retailer_url": "https://shop.frankfurt-airport.com/en-US/retailer/heinemann",
        "price": "\u20ac219.99",
        "price_per_quantity": "\u20ac219.99 / 100  ml",
        "description": "A perfume veiled in mystery that exalts a resplendent femininity. An enigmatic, dazzlingly sensual composition. Top notes: Lemon Italia, Saffron accord, Galbanum;Middle notes: Rose Turkey, Geranium Egypt, Black Pepper;Base notes: Santalwood accord, Incense Somalia, PatchouliA perfume veiled in mystery that exalts a resplendent femininity. An enigmatic, dazzlingly sensual composition. Top notes: Lemon Italia, Saffron accord, Galbanum;Middle notes: Rose Turkey, Geranium Egypt, Black Pepper;Base notes: Santalwood accord, Incense Somalia, Patchouli",
        "additional_information": "{\n    \"Order Amount\": \"100 ml\",\n    \"Target Gender\": \"Female\",\n    \"made in\": \"France\",\n    \"Type of Fragrance\": \"Eau De Parfum\",\n    \"Warning Hints\": \"Avoid eye contact. Keep away from direct heat and sunlight.\",\n    \"Item Number\": \"1150661\",\n    \"Product Series\": \"Soir d'Orient\",\n    \"Net Weight\": \"0.1 kg\",\n    \"Package Height\": \"14.6 cm\",\n    \"Package Length\": \"6.85 cm\",\n    \"Package Width\": \"6.7 cm\"\n}"
    },
    {
        "product_name": "Sisley Sisleya l'integral Eye & Lip Cream + Massage Tool 15 ml",
        "brand_name": "Sisley",
        "brand_url": "https://shop.frankfurt-airport.com/en-US/brand/sisley",
        "retailer_name": "Frankfurt Duty Free",
        "retailer_url": "https://shop.frankfurt-airport.com/en-US/retailer/heinemann",
        "price": "\u20ac179.99",
        "price_per_quantity": "\u20ac1,199.93 / 100  ml",
        "description": "Comes with massage tool to perfectly prepare the skin before application of the skincare product. Lindera extract: cellular rhythm; Persian Acacia extract: cellular energy. Fights against brown circles;Yeast and Soya protein complex: cellular longevity;Vitamin E acetate: anti-free radicals;Soy peptide extract: anti-wrinkles and firming;Adenosine: anti-wrinkles;Oat seed extract: lifting effect ;Atlas Cedar extract: action on blue circles;Fermented Pomegranate extract: anti-oxidant. Action on blue and brown circles;Natural Alpha-Bisabolol: soothing. Action on blue circles;Caffeine: helps reduce puffiness and dark circles;Passion fruit extract: fights against puffiness;Shea Butter: protects and repairs;Glycerin of vegetable origin: moisturises and softens.Comes with massage tool to perfectly prepare the skin before application of the skincare product. Lindera extract: cellular rhythm; Persian Acacia extract: cellular energy. Fights against brown circles;Yeast and Soya protein complex: cellular longevity;Vitamin E acetate: anti-free radicals;Soy peptide extract: anti-wrinkles and firming;Adenosine: anti-wrinkles;Oat seed extract: lifting effect ;Atlas Cedar extract: action on blue circles;Fermented Pomegranate extract: anti-oxidant. Action on blue and brown circles;Natural Alpha-Bisabolol: soothing. Action on blue circles;Caffeine: helps reduce puffiness and dark circles;Passion fruit extract: fights against puffiness;Shea Butter: protects and repairs;Glycerin of vegetable origin: moisturises and softens.",
        "additional_information": "{\n    \"Order Amount\": \"15 ml\",\n    \"Warning Hints\": \"Avoid eye contact. Keep away from direct heat and sunlight.\",\n    \"Item Number\": \"1275801\",\n    \"Product Series\": \"Sisleya\",\n    \"Net Weight\": \"0.015 kg\",\n    \"Package Height\": \"5.6 cm\",\n    \"Package Length\": \"9.5 cm\",\n    \"Package Width\": \"11 cm\"\n}"
    },
    {
        "product_name": "Sisley Crme Collagne et Mauve Facial Night Cream 50 ml",
        "brand_name": "Sisley",
        "brand_url": "https://shop.frankfurt-airport.com/en-US/brand/sisley",
        "retailer_name": "Frankfurt Duty Free",
        "retailer_url": "https://shop.frankfurt-airport.com/en-US/retailer/heinemann",
        "price": "\u20ac169.99",
        "price_per_quantity": "\u20ac339.98 / 100  ml",
        "description": "A firming night cream for energy-lacking skin. Woodmallow: moisturises , softens;Collagen: moisturisesA firming night cream for energy-lacking skin. Woodmallow: moisturises , softens;Collagen: moisturises",
        "additional_information": "{\n    \"Order Amount\": \"50 ml\",\n    \"Warning Hints\": \"Avoid eye contact. Keep away from direct heat and sunlight.\",\n    \"Item Number\": \"655743\",\n    \"Product Series\": \"Skin Care Face\",\n    \"Net Weight\": \"0.05 kg\",\n    \"Package Height\": \"6.5 cm\",\n    \"Package Length\": \"6.5 cm\",\n    \"Package Width\": \"6.5 cm\"\n}"
    },
    {
        "product_name": "Sisley Phyto Brow Design 3 in 1 Eye Brow pencil N 2 Chtain",
        "brand_name": "Sisley",
        "brand_url": "https://shop.frankfurt-airport.com/en-US/brand/sisley",
        "retailer_name": "Frankfurt Duty Free",
        "retailer_url": "https://shop.frankfurt-airport.com/en-US/retailer/heinemann",
        "price": "\u20ac52.99",
        "price_per_quantity": "\u20ac13,247.50 / 100  g",
        "description": "A 3-in-1 pencil for intensified, redefined eyebrows with a perfect shape. Capacity: 2 gAcacia wax: softens and protectsCamellia oil: nourishes, softens, sets and tames eyebrowsA 3-in-1 pencil for intensified, redefined eyebrows with a perfect shape. Capacity: 2 gAcacia wax: softens and protectsCamellia oil: nourishes, softens, sets and tames eyebrows",
        "additional_information": "{\n    \"Order Amount\": \"0.4 g\",\n    \"made in\": \"Italy\",\n    \"Warning Hints\": \"Avoid eye contact. Keep away from direct heat and sunlight.\",\n    \"Item Number\": \"1275809\",\n    \"Manufacturer Color\": \"No. 2 - Chatain\",\n    \"Product Series\": \"Phyto-Sourcils\",\n    \"Net Weight\": \"0.001 kg\",\n    \"Package Height\": \"17.2 cm\",\n    \"Package Length\": \"2.5 cm\",\n    \"Package Width\": \"1.8 cm\"\n}"
    },
    {
        "product_name": "Sisley Phyto-Teint Ultra Eclat Foundation N 1 Ivory 30 ml",
        "brand_name": "Sisley",
        "brand_url": "https://shop.frankfurt-airport.com/en-US/brand/sisley",
        "retailer_name": "Frankfurt Duty Free",
        "retailer_url": "https://shop.frankfurt-airport.com/en-US/retailer/heinemann",
        "price": "\u20ac74.99",
        "price_per_quantity": "\u20ac249.97 / 100  ml",
        "description": "Fluid foundation for a long-lasting, even, natural, and radiant complexion. Size: 30 mlAlkekengi calyx extract: smoothes, contributes to the proper hydration of the skin and protects it from environmental damageLemon extract: unifies and lightens the complexionIris extract: moisturises and smoothes the skin textureA mineral Complex \u2013 Copper, Zinc, Magnesium \u2013 acts like a real \"breath of fresh air\"*** for more luminous skin, day after dayBuckwheat seed extract: preserves the complexion's radiance by acting like an anti-pollution shield and protecting the skin from environmental damageMallow extract: possesses moisturizing and softening propertiesGardenia flower extract: moisturizing, softening and emollient properties***In vitro test on the ingredientFluid foundation for a long-lasting, even, natural, and radiant complexion. Size: 30 mlAlkekengi calyx extract: smoothes, contributes to the proper hydration of the skin and protects it from environmental damageLemon extract: unifies and lightens the complexionIris extract: moisturises and smoothes the skin textureA mineral Complex \u2013 Copper, Zinc, Magnesium \u2013 acts like a real \"breath of fresh air\"*** for more luminous skin, day after dayBuckwheat seed extract: preserves the complexion's radiance by acting like an anti-pollution shield and protecting the skin from environmental damageMallow extract: possesses moisturizing and softening propertiesGardenia flower extract: moisturizing, softening and emollient properties***In vitro test on the ingredient",
        "additional_information": "{\n    \"Order Amount\": \"30 ml\",\n    \"made in\": \"Italy\",\n    \"Warning Hints\": \"Avoid eye contact. Keep away from direct heat and sunlight.\",\n    \"Item Number\": \"1404963\",\n    \"Manufacturer Color\": \"No. 1 - Ivory\",\n    \"Product Series\": \"Phyto-Teint Ultra Eclat\",\n    \"Net Weight\": \"0.03 kg\",\n    \"Package Height\": \"10.2 cm\",\n    \"Package Length\": \"5.05 cm\",\n    \"Package Width\": \"3.7 cm\"\n}"
    },
    {
        "product_name": "Sisley Phyto-Blush Twist Blush N 3 Papaya",
        "brand_name": "Sisley",
        "brand_url": "https://shop.frankfurt-airport.com/en-US/brand/sisley",
        "retailer_name": "Frankfurt Duty Free",
        "retailer_url": "https://shop.frankfurt-airport.com/en-US/retailer/heinemann",
        "price": "\u20ac59.99",
        "price_per_quantity": "\u20ac1,090.73 / 100  g",
        "description": "Colour, Care and a Healthy Glow in a single \"twist\". Shea Oil: softness and comfortCamellia Oil: softness and anti-dryingVitamin E derivative: anti-free radicalsColour, Care and a Healthy Glow in a single \"twist\". Shea Oil: softness and comfortCamellia Oil: softness and anti-dryingVitamin E derivative: anti-free radicals",
        "additional_information": "{\n    \"Order Amount\": \"5.5 g\",\n    \"made in\": \"Italy\",\n    \"Warning Hints\": \"Avoid eye contact. Keep away from direct heat and sunlight.\",\n    \"Item Number\": \"1251628\",\n    \"Manufacturer Color\": \"No. 3 - Papaya\",\n    \"Product Series\": \"Phyto-Blush Twist\",\n    \"Net Weight\": \"0.005 kg\",\n    \"Package Height\": \"8.9 cm\",\n    \"Package Length\": \"2.53 cm\",\n    \"Package Width\": \"2.53 cm\"\n}"
    },
    {
        "product_name": "Sisley Phyto-Teint Ultra Eclat Foundation N 3+ Apricot 30 ml",
        "brand_name": "Sisley",
        "brand_url": "https://shop.frankfurt-airport.com/en-US/brand/sisley",
        "retailer_name": "Frankfurt Duty Free",
        "retailer_url": "https://shop.frankfurt-airport.com/en-US/retailer/heinemann",
        "price": "\u20ac74.99",
        "price_per_quantity": "\u20ac249.97 / 100  ml",
        "description": "Fluid foundation for a long-lasting, even, natural, and radiant complexion. Size: 30 mlAlkekengi calyx extract: smoothes, contributes to the proper hydration of the skin and protects it from environmental damageLemon extract: unifies and lightens the complexionIris extract: moisturises and smoothes the skin textureA mineral Complex \u2013 Copper, Zinc, Magnesium \u2013 acts like a real \"breath of fresh air\"*** for more luminous skin, day after dayBuckwheat seed extract: preserves the complexion's radiance by acting like an anti-pollution shield and protecting the skin from environmental damageMallow extract: possesses moisturizing and softening propertiesGardenia flower extract: moisturizing, softening and emollient properties***In vitro test on the ingredientFluid foundation for a long-lasting, even, natural, and radiant complexion. Size: 30 mlAlkekengi calyx extract: smoothes, contributes to the proper hydration of the skin and protects it from environmental damageLemon extract: unifies and lightens the complexionIris extract: moisturises and smoothes the skin textureA mineral Complex \u2013 Copper, Zinc, Magnesium \u2013 acts like a real \"breath of fresh air\"*** for more luminous skin, day after dayBuckwheat seed extract: preserves the complexion's radiance by acting like an anti-pollution shield and protecting the skin from environmental damageMallow extract: possesses moisturizing and softening propertiesGardenia flower extract: moisturizing, softening and emollient properties***In vitro test on the ingredient",
        "additional_information": "{\n    \"Order Amount\": \"30 ml\",\n    \"made in\": \"Italy\",\n    \"Warning Hints\": \"Avoid eye contact. Keep away from direct heat and sunlight.\",\n    \"Item Number\": \"1404959\",\n    \"Manufacturer Color\": \"Apricot\",\n    \"Product Series\": \"Phyto-Teint Ultra Eclat\",\n    \"Net Weight\": \"0.03 kg\",\n    \"Package Height\": \"10.2 cm\",\n    \"Package Length\": \"5.05 cm\",\n    \"Package Width\": \"3.7 cm\"\n}"
    },
    {
        "product_name": "Sisley Sisleum for Men - Soin Global Revitalisant Anti-Age pour Peaux Sches After Shave and Anti-Aging Skincare 50 ml",
        "brand_name": "Sisley",
        "brand_url": "https://shop.frankfurt-airport.com/en-US/brand/sisley",
        "retailer_name": "Frankfurt Duty Free",
        "retailer_url": "https://shop.frankfurt-airport.com/en-US/retailer/heinemann",
        "price": "\u20ac239.99",
        "price_per_quantity": "\u20ac479.98 / 100  ml",
        "description": "A complete anti-ageing product specifically designed for men's skin. White Horehound: soothes;Shea butter: nourishes, soothes, repairs, softens and protects;Wild Pansy: increases moisture circulation in the epidermis by stimulating the synthesis of aquaporines;Malachite: reinforces the skin's defences against free radicals;Rhodochrosite: promotes SOD* activity (*an enzyme that defends against free radicals);Alkekengi Calyx: anti-free radicals action;Padina pavonica: stimulates the synthesis of glycoaminoglycans;White Willow: accelerates HSP synthesis, anti-elastase and anti-collagenase actionA complete anti-ageing product specifically designed for men's skin. White Horehound: soothes;Shea butter: nourishes, soothes, repairs, softens and protects;Wild Pansy: increases moisture circulation in the epidermis by stimulating the synthesis of aquaporines;Malachite: reinforces the skin's defences against free radicals;Rhodochrosite: promotes SOD* activity (*an enzyme that defends against free radicals);Alkekengi Calyx: anti-free radicals action;Padina pavonica: stimulates the synthesis of glycoaminoglycans;White Willow: accelerates HSP synthesis, anti-elastase and anti-collagenase action",
        "additional_information": "{\n    \"Order Amount\": \"50 ml\",\n    \"Warning Hints\": \"Avoid eye contact. Keep away from direct heat and sunlight.\",\n    \"Item Number\": \"498881\",\n    \"Product Series\": \"Sisleyum - For Men\",\n    \"Net Weight\": \"0.05 kg\",\n    \"Package Height\": \"12 cm\",\n    \"Package Length\": \"5 cm\",\n    \"Package Width\": \"5 cm\"\n}"
    },
    {
        "product_name": "Sisley Phyto-Teint Ultra Eclat Foundation N 2+ Sand 30 ml",
        "brand_name": "Sisley",
        "brand_url": "https://shop.frankfurt-airport.com/en-US/brand/sisley",
        "retailer_name": "Frankfurt Duty Free",
        "retailer_url": "https://shop.frankfurt-airport.com/en-US/retailer/heinemann",
        "price": "\u20ac74.99",
        "price_per_quantity": "\u20ac249.97 / 100  ml",
        "description": "Fluid foundation for a long-lasting, even, natural, and radiant complexion. Size: 30 mlAlkekengi calyx extract: smoothes, contributes to the proper hydration of the skin and protects it from environmental damageLemon extract: unifies and lightens the complexionIris extract: moisturises and smoothes the skin textureA mineral Complex \u2013 Copper, Zinc, Magnesium \u2013 acts like a real \"breath of fresh air\"*** for more luminous skin, day after dayBuckwheat seed extract: preserves the complexion's radiance by acting like an anti-pollution shield and protecting the skin from environmental damageMallow extract: possesses moisturizing and softening propertiesGardenia flower extract: moisturizing, softening and emollient properties***In vitro test on the ingredientFluid foundation for a long-lasting, even, natural, and radiant complexion. Size: 30 mlAlkekengi calyx extract: smoothes, contributes to the proper hydration of the skin and protects it from environmental damageLemon extract: unifies and lightens the complexionIris extract: moisturises and smoothes the skin textureA mineral Complex \u2013 Copper, Zinc, Magnesium \u2013 acts like a real \"breath of fresh air\"*** for more luminous skin, day after dayBuckwheat seed extract: preserves the complexion's radiance by acting like an anti-pollution shield and protecting the skin from environmental damageMallow extract: possesses moisturizing and softening propertiesGardenia flower extract: moisturizing, softening and emollient properties***In vitro test on the ingredient",
        "additional_information": "{\n    \"Order Amount\": \"30 ml\",\n    \"made in\": \"Italy\",\n    \"Warning Hints\": \"Avoid eye contact. Keep away from direct heat and sunlight.\",\n    \"Item Number\": \"1404961\",\n    \"Manufacturer Color\": \"Sand\",\n    \"Product Series\": \"Phyto-Teint Ultra Eclat\",\n    \"Net Weight\": \"0.03 kg\",\n    \"Package Height\": \"10.2 cm\",\n    \"Package Length\": \"5.05 cm\",\n    \"Package Width\": \"3.7 cm\"\n}"
    },
    {
        "product_name": "Sisley Masque Crme  la Rose Noire Cream Mask 60 ml",
        "brand_name": "Sisley",
        "brand_url": "https://shop.frankfurt-airport.com/en-US/brand/sisley",
        "retailer_name": "Frankfurt Duty Free",
        "retailer_url": "https://shop.frankfurt-airport.com/en-US/retailer/heinemann",
        "price": "\u20ac129.99",
        "price_per_quantity": "\u20ac216.65 / 100  ml",
        "description": "A cream mask that has been specifically formulated to instantly provide your skin with a youthful and energised look. Black Rose: smoothing, anti-free radicals;Alkekengi Calyx extract: promotes collagen synthesis; Padina pavonica: promotes the synthesis of glycoaminoglycans;Vitamin E acetate: anti-free radicals;Red Vine: promotes radiance;Chlorella: revitalises;Geranium (essential Oil):  contains stimulating properties;Great Mullen: protects and soothes;Shea butter: nourishes, soothes, repairs, softens and protects; Provitamin B5: softens and hydrates;Rose and Magnolia (essential Oils): soothes;Vegetable Glycerin: hydrates;Phytosqualane: emollient and hydrates.A cream mask that has been specifically formulated to instantly provide your skin with a youthful and energised look. Black Rose: smoothing, anti-free radicals;Alkekengi Calyx extract: promotes collagen synthesis; Padina pavonica: promotes the synthesis of glycoaminoglycans;Vitamin E acetate: anti-free radicals;Red Vine: promotes radiance;Chlorella: revitalises;Geranium (essential Oil):  contains stimulating properties;Great Mullen: protects and soothes;Shea butter: nourishes, soothes, repairs, softens and protects; Provitamin B5: softens and hydrates;Rose and Magnolia (essential Oils): soothes;Vegetable Glycerin: hydrates;Phytosqualane: emollient and hydrates.",
        "additional_information": "{\n    \"Order Amount\": \"60 ml\",\n    \"Warning Hints\": \"Avoid eye contact. Keep away from direct heat and sunlight.\",\n    \"Item Number\": \"528924\",\n    \"Product Series\": \"Black Rose\",\n    \"Net Weight\": \"0.06 kg\",\n    \"Package Height\": \"12 cm\",\n    \"Package Length\": \"6.5 cm\",\n    \"Package Width\": \"5 cm\"\n}"
    },
    {
        "product_name": "Sisley Phyto-Blush Twist Blush N 1 Petal",
        "brand_name": "Sisley",
        "brand_url": "https://shop.frankfurt-airport.com/en-US/brand/sisley",
        "retailer_name": "Frankfurt Duty Free",
        "retailer_url": "https://shop.frankfurt-airport.com/en-US/retailer/heinemann",
        "price": "\u20ac59.99",
        "price_per_quantity": "\u20ac1,090.73 / 100  g",
        "description": "Colour, Care and a Healthy Glow in a single \"twist\". Shea Oil: softness and comfortCamellia Oil: softness and anti-dryingVitamin E derivative: anti-free radicalsColour, Care and a Healthy Glow in a single \"twist\". Shea Oil: softness and comfortCamellia Oil: softness and anti-dryingVitamin E derivative: anti-free radicals",
        "additional_information": "{\n    \"Order Amount\": \"5.5 g\",\n    \"made in\": \"Italy\",\n    \"Warning Hints\": \"Avoid eye contact. Keep away from direct heat and sunlight.\",\n    \"Item Number\": \"1251626\",\n    \"Manufacturer Color\": \"No. 1 - Petal\",\n    \"Product Series\": \"Phyto-Blush Twist\",\n    \"Net Weight\": \"0.005 kg\",\n    \"Package Height\": \"8.9 cm\",\n    \"Package Length\": \"2.53 cm\",\n    \"Package Width\": \"2.53 cm\"\n}"
    },
    {
        "product_name": "Sisley Velvet Nourishing Cream with Saffron Flowers 50 ml",
        "brand_name": "Sisley",
        "brand_url": "https://shop.frankfurt-airport.com/en-US/brand/sisley",
        "retailer_name": "Frankfurt Duty Free",
        "retailer_url": "https://shop.frankfurt-airport.com/en-US/retailer/heinemann",
        "price": "\u20ac174.99",
        "price_per_quantity": "\u20ac349.98 / 100  ml",
        "description": "A skincare product that acts against all the causes of skin dryness so that it can instantly and lastingly regain its comfort and beauty. Buckwheat seed extract: protects lipids from oxydation; Shea butter: nourishes and repairs; Saffron flower extract: soothes;  Trio of Oils rich in omega 6, 7 and 9 (Cottonseed, Macadamia and Sunflower): instantly reinforces the skin\u2019s protective hydrolipidic film by compensating for the lack of sebum in a biometric way; Japanese Lilyturf extract: compensates for the lack of lipids and lastingly retains water in the skin; Padina pavonica extract: replenishes the skin\u2019s deep water reserves; A complex of moisturising active ingredients (plant based sugar, Plant-based glycerin and Pro-Vitamin B5): instantly compensates for moisture deficiencies.A skincare product that acts against all the causes of skin dryness so that it can instantly and lastingly regain its comfort and beauty. Buckwheat seed extract: protects lipids from oxydation; Shea butter: nourishes and repairs; Saffron flower extract: soothes;  Trio of Oils rich in omega 6, 7 and 9 (Cottonseed, Macadamia and Sunflower): instantly reinforces the skin\u2019s protective hydrolipidic film by compensating for the lack of sebum in a biometric way; Japanese Lilyturf extract: compensates for the lack of lipids and lastingly retains water in the skin; Padina pavonica extract: replenishes the skin\u2019s deep water reserves; A complex of moisturising active ingredients (plant based sugar, Plant-based glycerin and Pro-Vitamin B5): instantly compensates for moisture deficiencies.",
        "additional_information": "{\n    \"Order Amount\": \"50 ml\",\n    \"Warning Hints\": \"Avoid eye contact. Keep away from direct heat and sunlight.\",\n    \"Item Number\": \"1338907\",\n    \"Product Series\": \"Velvet\",\n    \"Net Weight\": \"0.05 kg\",\n    \"Package Height\": \"6.5 cm\",\n    \"Package Length\": \"6.5 cm\",\n    \"Package Width\": \"6 cm\"\n}"
    },
    {
        "product_name": "Sisley Sislea L'integral Anti-Age Firming Concentrated Serum 30 ml",
        "brand_name": "Sisley",
        "brand_url": "https://shop.frankfurt-airport.com/en-US/brand/sisley",
        "retailer_name": "Frankfurt Duty Free",
        "retailer_url": "https://shop.frankfurt-airport.com/en-US/retailer/heinemann",
        "price": "\u20ac409.99",
        "price_per_quantity": "\u20ac1,366.63 / 100  ml",
        "description": "The firming serum from the Sisle\u00ffa L'Integral Anti-Age range to restore the density and curve of more youthful skin. Sweet Marjoram extract: action on elastin; Lindera extract: cellular rhythm; Persian Acacia extract: cellular energy; Yeast and Soy protein complex : cellular longevity; Tiger nut extract: gives resilience and tone to the skin; White Willow leaf extract: multi-protective active ingredient; Rosehip extract: toning, anti-free radical, astringent; Bistort extract: re-tensioning of the skinThe firming serum from the Sisle\u00ffa L'Integral Anti-Age range to restore the density and curve of more youthful skin. Sweet Marjoram extract: action on elastin; Lindera extract: cellular rhythm; Persian Acacia extract: cellular energy; Yeast and Soy protein complex : cellular longevity; Tiger nut extract: gives resilience and tone to the skin; White Willow leaf extract: multi-protective active ingredient; Rosehip extract: toning, anti-free radical, astringent; Bistort extract: re-tensioning of the skin",
        "additional_information": "{\n    \"Order Amount\": \"30 ml\",\n    \"Warning Hints\": \"Avoid eye contact. Keep away from direct heat and sunlight.\",\n    \"Item Number\": \"1338908\",\n    \"Product Series\": \"Sisleya\",\n    \"Net Weight\": \"0.03 kg\",\n    \"Package Height\": \"15.5 cm\",\n    \"Package Length\": \"4.5 cm\",\n    \"Package Width\": \"4.5 cm\"\n}"
    },
    {
        "product_name": "Sisley Phyto-Blush Twist Blush N 2 Fushia",
        "brand_name": "Sisley",
        "brand_url": "https://shop.frankfurt-airport.com/en-US/brand/sisley",
        "retailer_name": "Frankfurt Duty Free",
        "retailer_url": "https://shop.frankfurt-airport.com/en-US/retailer/heinemann",
        "price": "\u20ac59.99",
        "price_per_quantity": "\u20ac1,090.73 / 100  g",
        "description": "Colour, Care and a Healthy Glow in a single \"twist\". Shea Oil: softness and comfortCamellia Oil: softness and anti-dryingVitamin E derivative: anti-free radicalsColour, Care and a Healthy Glow in a single \"twist\". Shea Oil: softness and comfortCamellia Oil: softness and anti-dryingVitamin E derivative: anti-free radicals",
        "additional_information": "{\n    \"Order Amount\": \"5.5 g\",\n    \"made in\": \"Italy\",\n    \"Warning Hints\": \"Avoid eye contact. Keep away from direct heat and sunlight.\",\n    \"Item Number\": \"1251627\",\n    \"Manufacturer Color\": \"No. 2 - Fushia\",\n    \"Product Series\": \"Phyto-Blush Twist\",\n    \"Net Weight\": \"0.005 kg\",\n    \"Package Height\": \"9 cm\",\n    \"Package Length\": \"2.5 cm\",\n    \"Package Width\": \"2.5 cm\"\n}"
    },
    {
        "product_name": "Sisley Izia Eau de Parfum 50 ml",
        "brand_name": "Sisley",
        "brand_url": "https://shop.frankfurt-airport.com/en-US/brand/sisley",
        "retailer_name": "Frankfurt Duty Free",
        "retailer_url": "https://shop.frankfurt-airport.com/en-US/retailer/heinemann",
        "price": "\u20ac119.99",
        "price_per_quantity": "\u20ac239.98 / 100  ml",
        "description": "A distinctive bouquet with an assertive and sensual character. A modern and feminine composition with a unique and solar floral heart. Top notes: White Bergamot, Pink Pepper, Aldehydes;Middle notes: Rose d\u2019Ornano accord (Peer), transparent floral accord (Jasmine, Peony, Lily of the Valley), Angelica;Base notes: Cedar, Amber accord,MusksA distinctive bouquet with an assertive and sensual character. A modern and feminine composition with a unique and solar floral heart. Top notes: White Bergamot, Pink Pepper, Aldehydes;Middle notes: Rose d\u2019Ornano accord (Peer), transparent floral accord (Jasmine, Peony, Lily of the Valley), Angelica;Base notes: Cedar, Amber accord,Musks",
        "additional_information": "{\n    \"Order Amount\": \"50 ml\",\n    \"Target Gender\": \"Female\",\n    \"made in\": \"France\",\n    \"Type of Fragrance\": \"Eau De Parfum\",\n    \"Warning Hints\": \"Avoid eye contact. Keep away from direct heat and sunlight.\",\n    \"Item Number\": \"1251741\",\n    \"Product Series\": \"Izia\",\n    \"Net Weight\": \"0.05 kg\",\n    \"Package Height\": \"12 cm\",\n    \"Package Length\": \"5.5 cm\",\n    \"Package Width\": \"9 cm\"\n}"
    },
    {
        "product_name": "Sisley Super Soin Solaire Facial Sun Care SPF 30 60ml",
        "brand_name": "Sisley",
        "brand_url": "https://shop.frankfurt-airport.com/en-US/brand/sisley",
        "retailer_name": "Frankfurt Duty Free",
        "retailer_url": "https://shop.frankfurt-airport.com/en-US/retailer/heinemann",
        "price": "\u20ac179.99",
        "price_per_quantity": "\u20ac299.98 / 100  ml",
        "description": "Youth protector* sun care. Provides ideal anti UVA-UVB protection for initial exposures to the sun and for those with fair or sun-sensitive skin requiring a high degree of protection. Capacity: 40 mlSpecific UVA-UVB filtering complex: absorbs UVA-UVB raysVitamin E acetate: anti-free radical propertiesEdelweiss extract: protects the cellular DNA from oxidative stress, strengthens the skin's barrier functionCamellia Oil: has restructuring, emollient, moisturizing and nourishing propertiesShea Butter: repairs, nourishes, softens, soothes, protectsMango extract: has moisturizing and emollient propertiesPlant-origin glycerin: moisturisesSage (essential Oil): stimulatesMarjoram (essential Oil): soothesYouth protector* sun care. Provides ideal anti UVA-UVB protection for initial exposures to the sun and for those with fair or sun-sensitive skin requiring a high degree of protection. Capacity: 40 mlSpecific UVA-UVB filtering complex: absorbs UVA-UVB raysVitamin E acetate: anti-free radical propertiesEdelweiss extract: protects the cellular DNA from oxidative stress, strengthens the skin's barrier functionCamellia Oil: has restructuring, emollient, moisturizing and nourishing propertiesShea Butter: repairs, nourishes, softens, soothes, protectsMango extract: has moisturizing and emollient propertiesPlant-origin glycerin: moisturisesSage (essential Oil): stimulatesMarjoram (essential Oil): soothes",
        "additional_information": "{\n    \"Order Amount\": \"60 ml\",\n    \"Warning Hints\": \"Avoid eye contact. Keep away from direct heat and sunlight.\",\n    \"Item Number\": \"1186044\",\n    \"Product Series\": \"Super Soin Solaire\",\n    \"Net Weight\": \"0.06 kg\",\n    \"Package Height\": \"11.9 cm\",\n    \"Package Length\": \"5.4 cm\",\n    \"Package Width\": \"4.5 cm\"\n}"
    },
    {
        "product_name": "Sisley Phyto Buste and Decollet 50 ml",
        "brand_name": "Sisley",
        "brand_url": "https://shop.frankfurt-airport.com/en-US/brand/sisley",
        "retailer_name": "Frankfurt Duty Free",
        "retailer_url": "https://shop.frankfurt-airport.com/en-US/retailer/heinemann",
        "price": "\u20ac259.99",
        "price_per_quantity": "\u20ac519.98 / 100  ml",
        "description": "The intensive firming bust compound to enhance the bust and smooth the d\u00e9collet\u00e9. Oat seed extract: toning effect;Centella Asiatica and Walnut leaf and shell extracts: combat loss of firmness;Rye extract: optimizes the mechanical resistance of the dermis to gravity;Vitamin E acetate: anti-free radicals;Shea butter: nourishes, soothes, repairs, softens and protects;Sunflower Oil: nourishes, softens and revitalises;Vegetable glycerin: moisturises ;Juniper, Marjoram and Litsea Cubeba (essential Oils): deliver a fresh and stimulating perfume;The intensive firming bust compound to enhance the bust and smooth the d\u00e9collet\u00e9. Oat seed extract: toning effect;Centella Asiatica and Walnut leaf and shell extracts: combat loss of firmness;Rye extract: optimizes the mechanical resistance of the dermis to gravity;Vitamin E acetate: anti-free radicals;Shea butter: nourishes, soothes, repairs, softens and protects;Sunflower Oil: nourishes, softens and revitalises;Vegetable glycerin: moisturises ;Juniper, Marjoram and Litsea Cubeba (essential Oils): deliver a fresh and stimulating perfume;",
        "additional_information": "{\n    \"Order Amount\": \"50 ml\",\n    \"Warning Hints\": \"Avoid eye contact. Keep away from direct heat and sunlight.\",\n    \"Item Number\": \"1150659\",\n    \"Product Series\": \"Skin Care Face\",\n    \"Net Weight\": \"0.05 kg\",\n    \"Package Height\": \"11.45 cm\",\n    \"Package Length\": \"5.4 cm\",\n    \"Package Width\": \"5.3 cm\"\n}"
    },
    {
        "product_name": "Sisley Soir D'Orient Eau de Parfum 50 ml",
        "brand_name": "Sisley",
        "brand_url": "https://shop.frankfurt-airport.com/en-US/brand/sisley",
        "retailer_name": "Frankfurt Duty Free",
        "retailer_url": "https://shop.frankfurt-airport.com/en-US/retailer/heinemann",
        "price": "\u20ac149.99",
        "price_per_quantity": "\u20ac299.98 / 100  ml",
        "description": "A perfume veiled in mystery that exalts a resplendent femininity. An enigmatic, dazzlingly sensual composition. Top notes: Lemon Italia, Saffron accord, Galbanum;Middle notes: Rose Turkey, Geranium Egypt, Black Pepper;Base notes: Santalwood accord, Incense Somalia, PatchouliA perfume veiled in mystery that exalts a resplendent femininity. An enigmatic, dazzlingly sensual composition. Top notes: Lemon Italia, Saffron accord, Galbanum;Middle notes: Rose Turkey, Geranium Egypt, Black Pepper;Base notes: Santalwood accord, Incense Somalia, Patchouli",
        "additional_information": "{\n    \"Order Amount\": \"50 ml\",\n    \"Target Gender\": \"Female\",\n    \"made in\": \"France\",\n    \"Type of Fragrance\": \"Eau De Parfum\",\n    \"Warning Hints\": \"Avoid eye contact. Keep away from direct heat and sunlight.\",\n    \"Item Number\": \"1150660\",\n    \"Product Series\": \"Soir d'Orient\",\n    \"Net Weight\": \"0.05 kg\",\n    \"Package Height\": \"12.85 cm\",\n    \"Package Length\": \"6.15 cm\",\n    \"Package Width\": \"6.1 cm\"\n}"
    },
    {
        "product_name": "Sisley Skincare Neck Cream 50 ml",
        "brand_name": "Sisley",
        "brand_url": "https://shop.frankfurt-airport.com/en-US/brand/sisley",
        "retailer_name": "Frankfurt Duty Free",
        "retailer_url": "https://shop.frankfurt-airport.com/en-US/retailer/heinemann",
        "price": "\u20ac139.99",
        "price_per_quantity": "\u20ac279.98 / 100  ml",
        "description": "Global skincare for the neck, designed to preserve the beauty of this fragile area. Oat seed extract: \u201clifting\u201d sensation;Rhatany extract: astringent properties, reinforces the tightening effect;Lady\u2019s Mantle extract: astringent properties, reinforces the tightening effect;Soy fibre extract: fights loss of firmness;Red Algae extract and Caffeine: slimming ingredients;Horse Chestnut extract: tones;Vitamin E Acetate: anti-free radicals;Shea butter: nourishes, soothes, repairs, softens and protects;Sunflower Oil: nourishes, softens and revitalises;Glycerin of vegetable origin: nourishes, softens and revitalises;D-Panthenol: hydrates and softensGlobal skincare for the neck, designed to preserve the beauty of this fragile area. Oat seed extract: \u201clifting\u201d sensation;Rhatany extract: astringent properties, reinforces the tightening effect;Lady\u2019s Mantle extract: astringent properties, reinforces the tightening effect;Soy fibre extract: fights loss of firmness;Red Algae extract and Caffeine: slimming ingredients;Horse Chestnut extract: tones;Vitamin E Acetate: anti-free radicals;Shea butter: nourishes, soothes, repairs, softens and protects;Sunflower Oil: nourishes, softens and revitalises;Glycerin of vegetable origin: nourishes, softens and revitalises;D-Panthenol: hydrates and softens",
        "additional_information": "{\n    \"Order Amount\": \"50 ml\",\n    \"Warning Hints\": \"Avoid eye contact. Keep away from direct heat and sunlight.\",\n    \"Item Number\": \"1224811\",\n    \"Product Series\": \"Body Care\",\n    \"Net Weight\": \"0.05 kg\",\n    \"Package Height\": \"6.5 cm\",\n    \"Package Length\": \"6.5 cm\",\n    \"Package Width\": \"6.5 cm\"\n}"
    },
    {
        "product_name": "Sisley Crme Hydratante  au Cucumber 50 ml",
        "brand_name": "Sisley",
        "brand_url": "https://shop.frankfurt-airport.com/en-US/brand/sisley",
        "retailer_name": "Frankfurt Duty Free",
        "retailer_url": "https://shop.frankfurt-airport.com/en-US/retailer/heinemann",
        "price": "\u20ac154.99",
        "price_per_quantity": "\u20ac309.98 / 100  ml",
        "description": "Softer, more supple, well-hydrated skin. Cucumber: hydrates and revitalisesSofter, more supple, well-hydrated skin. Cucumber: hydrates and revitalises",
        "additional_information": "{\n    \"Order Amount\": \"50 ml\",\n    \"Warning Hints\": \"Avoid eye contact. Keep away from direct heat and sunlight.\",\n    \"Item Number\": \"655663\",\n    \"Product Series\": \"Skin Care Face\",\n    \"Net Weight\": \"0.05 kg\",\n    \"Package Height\": \"7 cm\",\n    \"Package Length\": \"6.5 cm\",\n    \"Package Width\": \"6.5 cm\"\n}"
    },
    {
        "product_name": "Sisley Izia Eau de Parfum 30 ml",
        "brand_name": "Sisley",
        "brand_url": "https://shop.frankfurt-airport.com/en-US/brand/sisley",
        "retailer_name": "Frankfurt Duty Free",
        "retailer_url": "https://shop.frankfurt-airport.com/en-US/retailer/heinemann",
        "price": "\u20ac89.99",
        "price_per_quantity": "\u20ac299.97 / 100  ml",
        "description": "A distinctive bouquet with an assertive and sensual character. A modern and feminine composition with a unique and solar floral heart. Top notes: White Bergamot, Pink Pepper, Aldehydes;Middle notes: Rose d\u2019Ornano accord (Peer), transparent floral accord (Jasmine, Peony, Lily of the Valley), Angelica;Base notes: Cedar, Amber accord,MusksA distinctive bouquet with an assertive and sensual character. A modern and feminine composition with a unique and solar floral heart. Top notes: White Bergamot, Pink Pepper, Aldehydes;Middle notes: Rose d\u2019Ornano accord (Peer), transparent floral accord (Jasmine, Peony, Lily of the Valley), Angelica;Base notes: Cedar, Amber accord,Musks",
        "additional_information": "{\n    \"Order Amount\": \"30 ml\",\n    \"Target Gender\": \"Female\",\n    \"made in\": \"France\",\n    \"Type of Fragrance\": \"Eau De Parfum\",\n    \"Warning Hints\": \"Avoid eye contact. Keep away from direct heat and sunlight.\",\n    \"Item Number\": \"1348453\",\n    \"Product Series\": \"Izia\",\n    \"Net Weight\": \"0.03 kg\",\n    \"Package Height\": \"5 cm\",\n    \"Package Length\": \"11 cm\",\n    \"Package Width\": \"8 cm\"\n}"
    },
    {
        "product_name": "Sisley Phyto Lip Twist Lipstick N 23 Black Rose",
        "brand_name": "Sisley",
        "brand_url": "https://shop.frankfurt-airport.com/en-US/brand/sisley",
        "retailer_name": "Frankfurt Duty Free",
        "retailer_url": "https://shop.frankfurt-airport.com/en-US/retailer/heinemann",
        "price": "\u20ac39.99",
        "price_per_quantity": "\u20ac1,599.60 / 100  g",
        "description": "Colour, skincare and shine in a single \"twist\". Capacity: 2.5 gCommipheroline: smoothes the lips and contoursPhytosqualane: emolliates and moisturises, maintains the skin's supplenessColour, skincare and shine in a single \"twist\". Capacity: 2.5 gCommipheroline: smoothes the lips and contoursPhytosqualane: emolliates and moisturises, maintains the skin's suppleness",
        "additional_information": "{\n    \"Order Amount\": \"2.5 g\",\n    \"made in\": \"Italy\",\n    \"Warning Hints\": \"Avoid eye contact. Keep away from direct heat and sunlight.\",\n    \"Item Number\": \"1332886\",\n    \"Manufacturer Color\": \"No. 23 - Black Rose\",\n    \"Product Series\": \"Phyto-Lip Twist\",\n    \"Net Weight\": \"0.002 kg\",\n    \"Package Height\": \"11.5 cm\",\n    \"Package Length\": \"2 cm\",\n    \"Package Width\": \"2 cm\"\n}"
    },
    {
        "product_name": "Sisley Izia Eau de Parfum 100 ml",
        "brand_name": "Sisley",
        "brand_url": "https://shop.frankfurt-airport.com/en-US/brand/sisley",
        "retailer_name": "Frankfurt Duty Free",
        "retailer_url": "https://shop.frankfurt-airport.com/en-US/retailer/heinemann",
        "price": "\u20ac194.99",
        "price_per_quantity": "\u20ac194.99 / 100  ml",
        "description": "A distinctive bouquet with an assertive and sensual character. A modern and feminine composition with a unique and solar floral heart. Top notes: White Bergamot, Pink Pepper, Aldehydes;Middle notes: Rose d\u2019Ornano accord (Peer), transparent floral accord (Jasmine, Peony, Lily of the Valley), Angelica;Base notes: Cedar, Amber accord,MusksA distinctive bouquet with an assertive and sensual character. A modern and feminine composition with a unique and solar floral heart. Top notes: White Bergamot, Pink Pepper, Aldehydes;Middle notes: Rose d\u2019Ornano accord (Peer), transparent floral accord (Jasmine, Peony, Lily of the Valley), Angelica;Base notes: Cedar, Amber accord,Musks",
        "additional_information": "{\n    \"Order Amount\": \"100 ml\",\n    \"Target Gender\": \"Female\",\n    \"made in\": \"France\",\n    \"Type of Fragrance\": \"Eau De Parfum\",\n    \"Warning Hints\": \"Avoid eye contact. Keep away from direct heat and sunlight.\",\n    \"Item Number\": \"1251740\",\n    \"Product Series\": \"Izia\",\n    \"Net Weight\": \"0.1 kg\",\n    \"Package Height\": \"13.15 cm\",\n    \"Package Length\": \"10.35 cm\",\n    \"Package Width\": \"6.3 cm\"\n}"
    },
    {
        "product_name": "Sisley Lotion Tonique aux Fleurs Toning lotion 250 ml",
        "brand_name": "Sisley",
        "brand_url": "https://shop.frankfurt-airport.com/en-US/brand/sisley",
        "retailer_name": "Frankfurt Duty Free",
        "retailer_url": "https://shop.frankfurt-airport.com/en-US/retailer/heinemann",
        "price": "\u20ac87.99",
        "price_per_quantity": "\u20ac351.96 / 1  l",
        "description": "Soft, fresh, more comfortable skin. Rose: refreshes, softens; Cornflower: soothes; Witch Hazel: tonesSoft, fresh, more comfortable skin. Rose: refreshes, softens; Cornflower: soothes; Witch Hazel: tones",
        "additional_information": "{\n    \"Order Amount\": \"250 ml\",\n    \"Warning Hints\": \"Avoid eye contact. Keep away from direct heat and sunlight.\",\n    \"Item Number\": \"655433\",\n    \"Product Series\": \"Cleanser\",\n    \"Net Weight\": \"0.25 kg\",\n    \"Package Height\": \"17.5 cm\",\n    \"Package Length\": \"6 cm\",\n    \"Package Width\": \"6 cm\"\n}"
    },
    {
        "product_name": "Sisley Lotion au Grapefruit Toning Lotion 250 ml",
        "brand_name": "Sisley",
        "brand_url": "https://shop.frankfurt-airport.com/en-US/brand/sisley",
        "retailer_name": "Frankfurt Duty Free",
        "retailer_url": "https://shop.frankfurt-airport.com/en-US/retailer/heinemann",
        "price": "\u20ac87.99",
        "price_per_quantity": "\u20ac351.96 / 1  l",
        "description": "Clean, fresh skin, tightened pores. Grapefruit: tones, purifies, and minimizes enlarged poresClean, fresh skin, tightened pores. Grapefruit: tones, purifies, and minimizes enlarged pores",
        "additional_information": "{\n    \"Order Amount\": \"250 ml\",\n    \"Warning Hints\": \"Avoid eye contact. Keep away from direct heat and sunlight.\",\n    \"Item Number\": \"655443\",\n    \"Product Series\": \"Cleanser\",\n    \"Net Weight\": \"0.25 kg\",\n    \"Package Height\": \"17.5 cm\",\n    \"Package Length\": \"5.5 cm\",\n    \"Package Width\": \"5.8 cm\"\n}"
    },
    {
        "product_name": "Sisley Eau Efficace Gentle Make-Up Remover 300 ml",
        "brand_name": "Sisley",
        "brand_url": "https://shop.frankfurt-airport.com/en-US/brand/sisley",
        "retailer_name": "Frankfurt Duty Free",
        "retailer_url": "https://shop.frankfurt-airport.com/en-US/retailer/heinemann",
        "price": "\u20ac99.99",
        "price_per_quantity": "\u20ac333.30 / 1  l",
        "description": "An ultra-effective and gentle rinse-free liquid make-up remover. Extracts of Shikakai, Desert Date, and Gypsophila: plant-based saponins with strong cleansing power;Linden blossom Water: soothes and softens the epidermis;Neroli extract: provides toning properties;Natural Alpha Bisabolol: soothes;Provitamin B5: promotes well-hydrated skin and soothesAn ultra-effective and gentle rinse-free liquid make-up remover. Extracts of Shikakai, Desert Date, and Gypsophila: plant-based saponins with strong cleansing power;Linden blossom Water: soothes and softens the epidermis;Neroli extract: provides toning properties;Natural Alpha Bisabolol: soothes;Provitamin B5: promotes well-hydrated skin and soothes",
        "additional_information": "{\n    \"Order Amount\": \"300 ml\",\n    \"Warning Hints\": \"Avoid eye contact. Keep away from direct heat and sunlight.\",\n    \"Item Number\": \"1000235\",\n    \"Product Series\": \"Cleanser\",\n    \"Net Weight\": \"0.3 kg\",\n    \"Package Height\": \"15.5 cm\",\n    \"Package Length\": \"7 cm\",\n    \"Package Width\": \"7 cm\"\n}"
    },
    {
        "product_name": "Sisley Phyto-Touches de Sisley Sun Glow",
        "brand_name": "Sisley",
        "brand_url": "https://shop.frankfurt-airport.com/en-US/brand/sisley",
        "retailer_name": "Frankfurt Duty Free",
        "retailer_url": "https://shop.frankfurt-airport.com/en-US/retailer/heinemann",
        "price": "\u20ac79.99",
        "price_per_quantity": "\u20ac266.63 / 100  ml",
        "description": "The Sun Glow Gel is a sheer-finish tinted gel, available in a matte or iridescent finish. It leaves skin looking naturally healthy and has an even, transparent finish. Its light reflecting pigments and golden, pearly reflectors enhance the complexion and perfect your tan. Its fine, non-greasy texture fuses with the skin. Enriched with plant extracts, it softens and hydrates the epidermis. Appropriate for all skin tones and types. The Sun Glow Gel is a sheer-finish tinted gel, available in a matte or iridescent finish. It leaves skin looking naturally healthy and has an even, transparent finish. Its light reflecting pigments and golden, pearly reflectors enhance the complexion and perfect your tan. Its fine, non-greasy texture fuses with the skin. Enriched with plant extracts, it softens and hydrates the epidermis. Appropriate for all skin tones and types.",
        "additional_information": "{\n    \"Order Amount\": \"30 ml\",\n    \"made in\": \"France\",\n    \"Warning Hints\": \"Avoid eye contact. Keep away from direct heat and sunlight.\",\n    \"Item Number\": \"644887\",\n    \"Manufacturer Color\": \"No. 30\",\n    \"Product Series\": \"Phyto-Touche\",\n    \"Net Weight\": \"0.03 kg\",\n    \"Package Height\": \"12.5 cm\",\n    \"Package Length\": \"5 cm\",\n    \"Package Width\": \"3.5 cm\"\n}"
    },
    {
        "product_name": "Sisley Phyto-Cernes Concealer N 1 Pink Beige 15 ml",
        "brand_name": "Sisley",
        "brand_url": "https://shop.frankfurt-airport.com/en-US/brand/sisley",
        "retailer_name": "Frankfurt Duty Free",
        "retailer_url": "https://shop.frankfurt-airport.com/en-US/retailer/heinemann",
        "price": "\u20ac84.99",
        "price_per_quantity": "\u20ac566.60 / 100  ml",
        "description": "Masks dark circles and signs of fatigue, visibly smoothes fine lines, reduces eye puffiness. Red Vine extract: toningGinkgo biloba extract: protects, tonesArnica extract: soothes, tonesCaffeine: helps reduce puffinessSoy peptide extract: tones by stimulating collagen synthesisHorsetail extract: tonesCarrot extract: hydrates,revitalisingsCandeia extract (natural alpha bisabolol): soothes, leaves skin comfortable and softPlant-origin Glycerin: hydratesMasks dark circles and signs of fatigue, visibly smoothes fine lines, reduces eye puffiness. Red Vine extract: toningGinkgo biloba extract: protects, tonesArnica extract: soothes, tonesCaffeine: helps reduce puffinessSoy peptide extract: tones by stimulating collagen synthesisHorsetail extract: tonesCarrot extract: hydrates,revitalisingsCandeia extract (natural alpha bisabolol): soothes, leaves skin comfortable and softPlant-origin Glycerin: hydrates",
        "additional_information": "{\n    \"Order Amount\": \"15 ml\",\n    \"made in\": \"France\",\n    \"Warning Hints\": \"Avoid eye contact. Keep away from direct heat and sunlight.\",\n    \"Item Number\": \"1020356\",\n    \"Manufacturer Color\": \"No. 1 - Pink Beige\",\n    \"Product Series\": \"Phyto-Cernes Eclat\",\n    \"Net Weight\": \"0.015 kg\",\n    \"Package Height\": \"13.8 cm\",\n    \"Package Length\": \"3.5 cm\",\n    \"Package Width\": \"2.6 cm\"\n}"
    },
    {
        "product_name": "Sisley Lyslait Cleansing Milk 250 ml",
        "brand_name": "Sisley",
        "brand_url": "https://shop.frankfurt-airport.com/en-US/brand/sisley",
        "retailer_name": "Frankfurt Duty Free",
        "retailer_url": "https://shop.frankfurt-airport.com/en-US/retailer/heinemann",
        "price": "\u20ac99.99",
        "price_per_quantity": "\u20ac399.96 / 1  l",
        "description": "Removes make-up and creates an immediate sensation of comfort. White lily: hydrates, softens;Woodmallow:hydrates,softens;Linden: softens, soothes;Sunflower Oil: nourishes, softens, revitalises;Vitamin E Acetate: anti-free radicals;Orange blossom: tonesRemoves make-up and creates an immediate sensation of comfort. White lily: hydrates, softens;Woodmallow:hydrates,softens;Linden: softens, soothes;Sunflower Oil: nourishes, softens, revitalises;Vitamin E Acetate: anti-free radicals;Orange blossom: tones",
        "additional_information": "{\n    \"Order Amount\": \"250 ml\",\n    \"Warning Hints\": \"Avoid eye contact. Keep away from direct heat and sunlight.\",\n    \"Item Number\": \"753355\",\n    \"Product Series\": \"Cleanser\",\n    \"Net Weight\": \"0.25 kg\",\n    \"Package Height\": \"19.5 cm\",\n    \"Package Length\": \"5.5 cm\",\n    \"Package Width\": \"5.5 cm\"\n}"
    },
    {
        "product_name": "Sisley Phyto-Cernes Concealer N 3 Apricot 15 ml",
        "brand_name": "Sisley",
        "brand_url": "https://shop.frankfurt-airport.com/en-US/brand/sisley",
        "retailer_name": "Frankfurt Duty Free",
        "retailer_url": "https://shop.frankfurt-airport.com/en-US/retailer/heinemann",
        "price": "\u20ac84.99",
        "price_per_quantity": "\u20ac566.60 / 100  ml",
        "description": "Masks dark circles and signs of fatigue, visibly smoothes fine lines, reduces eye puffiness. Red Vine extract: toningGinkgo biloba extract: protects, tonesArnica extract: soothes, tonesCaffeine: helps reduce puffinessSoy peptide extract: tones by stimulating collagen synthesisHorsetail extract: tonesCarrot extract: hydrates,revitalisingsCandeia extract (natural alpha bisabolol): soothes, leaves skin comfortable and softPlant-origin Glycerin: hydratesMasks dark circles and signs of fatigue, visibly smoothes fine lines, reduces eye puffiness. Red Vine extract: toningGinkgo biloba extract: protects, tonesArnica extract: soothes, tonesCaffeine: helps reduce puffinessSoy peptide extract: tones by stimulating collagen synthesisHorsetail extract: tonesCarrot extract: hydrates,revitalisingsCandeia extract (natural alpha bisabolol): soothes, leaves skin comfortable and softPlant-origin Glycerin: hydrates",
        "additional_information": "{\n    \"Order Amount\": \"15 ml\",\n    \"made in\": \"France\",\n    \"Warning Hints\": \"Avoid eye contact. Keep away from direct heat and sunlight.\",\n    \"Item Number\": \"1020358\",\n    \"Manufacturer Color\": \"No. 3 - Apricot\",\n    \"Product Series\": \"Phyto-Cernes Eclat\",\n    \"Net Weight\": \"0.015 kg\",\n    \"Package Height\": \"13.8 cm\",\n    \"Package Length\": \"3.5 cm\",\n    \"Package Width\": \"2.6 cm\"\n}"
    },
    {
        "product_name": "Sisley Instant Perfect Foundation Instant Perfect",
        "brand_name": "Sisley",
        "brand_url": "https://shop.frankfurt-airport.com/en-US/brand/sisley",
        "retailer_name": "Frankfurt Duty Free",
        "retailer_url": "https://shop.frankfurt-airport.com/en-US/retailer/heinemann",
        "price": "\u20ac59.99",
        "price_per_quantity": "\u20ac299.95 / 100  ml",
        "description": "A corrective and skin-enhancing product for an instant beauty boost. Peptidic Soya Extract: filling and smoothing effect on wrinkles;Frangipani Blossom Extract: astringent;Vegetable Glycerin: moisturisingA corrective and skin-enhancing product for an instant beauty boost. Peptidic Soya Extract: filling and smoothing effect on wrinkles;Frangipani Blossom Extract: astringent;Vegetable Glycerin: moisturising",
        "additional_information": "{\n    \"Order Amount\": \"20 ml\",\n    \"made in\": \"France\",\n    \"Warning Hints\": \"Avoid eye contact. Keep away from direct heat and sunlight.\",\n    \"Item Number\": \"175055\",\n    \"Manufacturer Color\": \"Black Diamond\",\n    \"Product Series\": \"Instant Perfect\",\n    \"Net Weight\": \"0.02 kg\",\n    \"Package Height\": \"11.5 cm\",\n    \"Package Length\": \"2.4 cm\",\n    \"Package Width\": \"3.6 cm\"\n}"
    },
    {
        "product_name": "Sisley Phyto-Levres Perfect Lip Liner N02 Beige Natural",
        "brand_name": "Sisley",
        "brand_url": "https://shop.frankfurt-airport.com/en-US/brand/sisley",
        "retailer_name": "Frankfurt Duty Free",
        "retailer_url": "https://shop.frankfurt-airport.com/en-US/retailer/heinemann",
        "price": "\u20ac47.99",
        "price_per_quantity": "\u20ac3,427.86 / 100  g",
        "description": "A firm, gentle, easy-glide pencil for simple, precise lip lining. Capacity: 1.2 gAloe: hydratesKokum butter: softens, nourishes, repairsJojoba oil: nourishesA firm, gentle, easy-glide pencil for simple, precise lip lining. Capacity: 1.2 gAloe: hydratesKokum butter: softens, nourishes, repairsJojoba oil: nourishes",
        "additional_information": "{\n    \"Order Amount\": \"1.4 g\",\n    \"made in\": \"Germany\",\n    \"Warning Hints\": \"Avoid eye contact. Keep away from direct heat and sunlight.\",\n    \"Item Number\": \"873961\",\n    \"Manufacturer Color\": \"No. 2\",\n    \"Product Series\": \"Phyto-Levres Perfect\",\n    \"Net Weight\": \"0.001 kg\",\n    \"Package Height\": \"6 cm\",\n    \"Package Length\": \"2 cm\",\n    \"Package Width\": \"4 cm\"\n}"
    },
    {
        "product_name": "Sisley Phyto-Levres Perfect Lip Liner N01 Nude",
        "brand_name": "Sisley",
        "brand_url": "https://shop.frankfurt-airport.com/en-US/brand/sisley",
        "retailer_name": "Frankfurt Duty Free",
        "retailer_url": "https://shop.frankfurt-airport.com/en-US/retailer/heinemann",
        "price": "\u20ac47.99",
        "price_per_quantity": "\u20ac3,999.17 / 100  g",
        "description": "A firm, gentle, easy-glide pencil for simple, precise lip lining. Capacity: 1.2 gAloe: hydratesKokum butter: softens, nourishes, repairsJojoba oil: nourishesA firm, gentle, easy-glide pencil for simple, precise lip lining. Capacity: 1.2 gAloe: hydratesKokum butter: softens, nourishes, repairsJojoba oil: nourishes",
        "additional_information": "{\n    \"Order Amount\": \"1.2 g\",\n    \"made in\": \"Germany\",\n    \"Warning Hints\": \"Avoid eye contact. Keep away from direct heat and sunlight.\",\n    \"Item Number\": \"873960\",\n    \"Manufacturer Color\": \"No. 1 - Nude\",\n    \"Product Series\": \"Phyto-Levres Perfect\",\n    \"Net Weight\": \"0.001 kg\",\n    \"Package Height\": \"16.8 cm\",\n    \"Package Length\": \"2.2 cm\",\n    \"Package Width\": \"3.5 cm\"\n}"
    },
    {
        "product_name": "Sisley Phyto-Cernes Concealer N 2 Peach 15 ml",
        "brand_name": "Sisley",
        "brand_url": "https://shop.frankfurt-airport.com/en-US/brand/sisley",
        "retailer_name": "Frankfurt Duty Free",
        "retailer_url": "https://shop.frankfurt-airport.com/en-US/retailer/heinemann",
        "price": "\u20ac84.99",
        "price_per_quantity": "\u20ac566.60 / 100  ml",
        "description": "Masks dark circles and signs of fatigue, visibly smoothes fine lines, reduces eye puffiness. Red Vine extract: toningGinkgo biloba extract: protects, tonesArnica extract: soothes, tonesCaffeine: helps reduce puffinessSoy peptide extract: tones by stimulating collagen synthesisHorsetail extract: tonesCarrot extract: hydrates,revitalisingsCandeia extract (natural alpha bisabolol): soothes, leaves skin comfortable and softPlant-origin Glycerin: hydratesMasks dark circles and signs of fatigue, visibly smoothes fine lines, reduces eye puffiness. Red Vine extract: toningGinkgo biloba extract: protects, tonesArnica extract: soothes, tonesCaffeine: helps reduce puffinessSoy peptide extract: tones by stimulating collagen synthesisHorsetail extract: tonesCarrot extract: hydrates,revitalisingsCandeia extract (natural alpha bisabolol): soothes, leaves skin comfortable and softPlant-origin Glycerin: hydrates",
        "additional_information": "{\n    \"Order Amount\": \"15 ml\",\n    \"made in\": \"France\",\n    \"Warning Hints\": \"Avoid eye contact. Keep away from direct heat and sunlight.\",\n    \"Item Number\": \"1020357\",\n    \"Manufacturer Color\": \"No. 2 - Peach\",\n    \"Product Series\": \"Phyto-Cernes Eclat\",\n    \"Net Weight\": \"0.015 kg\",\n    \"Package Height\": \"13.8 cm\",\n    \"Package Length\": \"3.5 cm\",\n    \"Package Width\": \"2.6 cm\"\n}"
    },
    {
        "product_name": "Sisley Phyto-Levres Perfect Lip Liner N05 Burgundy",
        "brand_name": "Sisley",
        "brand_url": "https://shop.frankfurt-airport.com/en-US/brand/sisley",
        "retailer_name": "Frankfurt Duty Free",
        "retailer_url": "https://shop.frankfurt-airport.com/en-US/retailer/heinemann",
        "price": "\u20ac47.99",
        "price_per_quantity": "\u20ac3,999.17 / 100  g",
        "description": "A firm, gentle, easy-glide pencil for simple, precise lip lining. Capacity: 1.2 gAloe: hydratesKokum butter: softens, nourishes, repairsJojoba oil: nourishesA firm, gentle, easy-glide pencil for simple, precise lip lining. Capacity: 1.2 gAloe: hydratesKokum butter: softens, nourishes, repairsJojoba oil: nourishes",
        "additional_information": "{\n    \"Order Amount\": \"1.2 g\",\n    \"made in\": \"Germany\",\n    \"Warning Hints\": \"Avoid eye contact. Keep away from direct heat and sunlight.\",\n    \"Item Number\": \"873964\",\n    \"Manufacturer Color\": \"No. 5 - Burgundy\",\n    \"Product Series\": \"Phyto-Levres Perfect\",\n    \"Net Weight\": \"0.001 kg\",\n    \"Package Height\": \"16.8 cm\",\n    \"Package Length\": \"2.2 cm\",\n    \"Package Width\": \"3.5 cm\"\n}"
    },
    {
        "product_url": "https://www.heinemann.com.au/en/sydt1/wynns/wynns-the-gables-cabernet-sauvingon-coonawarra-dry-red-screw-cap-0-75l/p/000000000001119278/",
        "brand_name": "Wynns",
        "brand_url": "https://www.heinemann.com.au/en/sydt1/wynns/c/BRAND_5599/",
        "product_name": "Wynns, The Gables, Cabernet Sauvingon, Coonawarra, dry, red (screw cap) 0.75L",
        "quantity": "0.75\u00a0l",
        "price": "$25.00",
        "price_per_quantity": "($33.33 / 1 l)",
        "stock_availability": "In stock",
        "description": "For more than 50 years the heritage listed winery and its famous gables have been a feature of Wynns labels. During that time the gables have become a distinctive mark of exceptional Coonawarra quality. Crafted from small selected parcels of the region\u2019s famous Cabernet Sauvignon blended with premium Shiraz, \u201cThe Gables\u201d is designed to partner a diverse range of cuisines.",
        "primary_image": "https://www.heinemann.com.au/medias/1119278-527Wx527H?context=bWFzdGVyfGltYWdlc3wzNTAwOHxpbWFnZS9qcGVnfGFEVXlMMmhoTUM4NU5qTXdOek00TmpFeU1qVTBMekV4TVRreU56aGZOVEkzVjNnMU1qZEl8YjVjNmY1ODI4ODk3ZDViYjQyMGU0ZWFiODNkOGFjYWZjZDA5YzhmZWZhZWUzM2E1MDA2MDg4ZDBhYmI4MzUxMw&v=1635888271437",
        "images": []
    },
    {
        "product_url": "https://www.heinemann.com.au/en/sydt1/kylie-minogue/kylie-minogue-collection-cotes-de-provence-aoc-dry-rose-0-75l/p/000000000001510413/",
        "brand_name": "Kylie Minogue",
        "brand_url": "https://www.heinemann.com.au/en/sydt1/kylie-minogue/c/BRAND_3711/",
        "product_name": "Kylie Minogue, Collection, C\u00f4tes de Provence, AOC, dry, ros\u00e9 0.75L",
        "quantity": "0.75\u00a0l",
        "price": "$33.00",
        "price_per_quantity": "($44.00 / 1 l)",
        "stock_availability": "",
        "description": "Kylie Minogue Collection C\u00f4tes de Provence Ros\u00e9 is a beautifully pale pink colour with aromatic and bright notes of wild cherries, strawberries and peaches and cream. It is a dry ros\u00e9 with a fresh long and hugely moreish finish. The Ros\u00e9 is produced in collaboration with the historic Ch\u00e2teau Sainte Roseline, situated in the heart of Provence the oldest winemaking region in France and renowned for their world-class ros\u00e9s.",
        "primary_image": "https://www.heinemann.com.au/medias/527Wx527H-null?context=bWFzdGVyfGltYWdlc3wyNjA4MHxpbWFnZS9qcGVnfGFHSTJMMmhsWVM4NU9EQTNPRGMyTkRVMk5EYzRMelV5TjFkNE5USTNTRjl1ZFd4c3xhOTE3YzY1MGQ2YjA1M2NiZTIwMTJiMTdlM2Y5MWJlYWZmZjQ0NjQxNjM1NzE1ZDAxZWJkNzk0YjRhYTY1OTQx&v=1692656715907",
        "images": []
    },
    {
        "product_url": "https://www.heinemann.com.au/en/sydt1/smirnoff/smirnoff-mango-passionfruit-twist-flavoured-vodka-35vol-1l/p/000000000001654550/",
        "brand_name": "Smirnoff",
        "brand_url": "https://www.heinemann.com.au/en/sydt1/smirnoff/c/BRAND_0294/",
        "product_name": "Smirnoff Mango & Passionfruit Twist Flavoured Vodka 35% 1L",
        "quantity": "1\u00a0l",
        "price": "$43.00",
        "price_per_quantity": "($43.00 / 1 l)",
        "stock_availability": "In stock",
        "description": "Smirnoff Mango & Passionfruit Twist Flavoured Vodka is bold, tropical and deliciously juicy. Made with unmistakably smooth Smirnoff No. 21 vodka, Smirnoff Mango & Passionfruit Twist is infused with natural mango and passionfruit flavours for a tart and fruity finish. Pairs best with lemonade or pineapple and cranberry juice.",
        "primary_image": "https://www.heinemann.com.au/medias/527Wx527H-null?context=bWFzdGVyfGltYWdlc3w0MzgxNHxpbWFnZS9qcGVnfGFEZzJMMmhrWmk4eE1UVXlNelUxT1RReU5EQXpNQzgxTWpkWGVEVXlOMGhmYm5Wc2JBfGI1MTUwZDY0ZGVhNzRiMTcyZmM5NTA3NTE4ODM3YTdlMWQ0ZGQ0MzIyMjNmNzJhMzA2MDk1YTc5NjNhNjhjNjY&v=1734470410972",
        "images": []
    },
    {
        "product_url": "https://www.heinemann.com.au/en/sydt1/bottega/bottega-rose-gold-brut-rose-0-75l/p/000000000001066680/",
        "brand_name": "Bottega",
        "brand_url": "https://www.heinemann.com.au/en/sydt1/bottega/c/BRAND_2833/",
        "product_name": "Bottega, Ros\u00e9 Gold, brut, ros\u00e9, 0.75L",
        "quantity": "0.75\u00a0l",
        "price": "$39.90",
        "price_per_quantity": "($53.20 / 1 l)",
        "stock_availability": "",
        "description": "Bottega Rose Gold is a pure Pinot Noir sparkling wine. The original packaging really characterises this bottle, transforming it a prestigious gift.",
        "primary_image": "https://www.heinemann.com.au/medias/527Wx527H-null?context=bWFzdGVyfGltYWdlc3w0MTA5NXxpbWFnZS9qcGVnfGFEWmlMMmczWkM4eE1UYzRNalV5T0RjeU9URXhPQzgxTWpkWGVEVXlOMGhmYm5Wc2JBfDk4OGE4MGU3MTA0ZjA4M2U4MDMwZWNiODA4MmRlMTc2MzViZWQyYTFjYzgxYzU5Mzc5YWZiMGQzZDczYzIwN2Q&v=1739828987141",
        "images": []
    },
    {
        "product_url": "https://www.heinemann.com.au/en/sydt1/kylie-minogue/kylie-minogue-prosecco-doc-extra-dry-rose-0-75l/p/000000000001615150/",
        "brand_name": "Kylie Minogue",
        "brand_url": "https://www.heinemann.com.au/en/sydt1/kylie-minogue/c/BRAND_3711/",
        "product_name": "Kylie Minogue, Prosecco, DOC, extra-dry, ros\u00e9 0.75L",
        "quantity": "0.75\u00a0l",
        "price": "$27.00",
        "price_per_quantity": "($36.00 / 1 l)",
        "stock_availability": "Low stock",
        "description": "This sensational Prosecco Ros\u00e9 is encased in a show-stopping heart embossed bottle. Inside the elegant fizz is every bit as elegant and pretty as the exterior suggests. A gently-sparkling Prosecco with a heavenly scent of fresh strawberries, raspberries and almond blossom. Undeniably thirst-quenching and moreish with a delicate off-dry finish. Kylie Minogue\u2019s debut Prosecco Ros\u00e9 comes from the prestigious Zonin estate, a family-owned winery spanning seven generations who are the pioneers of premium D.O.C. Prosecco and who celebrated their 200th anniversary earlier this year. Located in the heart of Veneto across the undulating valleys of Gambellara, North West Italy the Zonin Estate stretches across 4,000 hectares and produces arguably some of the best Proseccos in the world.",
        "primary_image": "https://www.heinemann.com.au/medias/527Wx527H-null?context=bWFzdGVyfGltYWdlc3w0MDc5NXxpbWFnZS9qcGVnfGFEVTRMMmcxTlM4eE1UYzFPRGN6TVRReU56ZzNNQzgxTWpkWGVEVXlOMGhmYm5Wc2JBfDNiZmZkNGUyNmMzMDE0YjFhYTMwYzFjZjk2YzQ5Y2UxYzNjMThjNTEyYmZlZDFmMmRiY2FjNWIwNTc3NDIxZTI&v=1739396499197",
        "images": []
    },
    {
        "product_url": "https://www.heinemann.com.au/en/sydt1/segura-viudas/segura-viudas-reserva-heredad-penedes-do-brut-white-gift-box-0-75l/p/000000000001080751/",
        "brand_name": "Segura Viudas",
        "brand_url": "https://www.heinemann.com.au/en/sydt1/segura-viudas/c/BRAND_0585/",
        "product_name": "Segura Viudas, Reserva Heredad, Pened\u00e8s, DO, brut, white (gift box) 0.75L",
        "quantity": "0.75\u00a0l",
        "price": "$45.00",
        "price_per_quantity": "($60.00 / 1 l)",
        "stock_availability": "",
        "description": "Reserva Heredad was created to express style in the world of top of the range sparkling wines. The intention is to offer an elegant and versatile Cava. It is produced only from the finest harvests of Macabeo (67%) and Parellada (33%) grapes, and packaged in a striking had-finished bottle. This is the flagship wine of the Segura Viudas Cava range.",
        "primary_image": "https://www.heinemann.com.au/medias/527Wx527H-null?context=bWFzdGVyfGltYWdlc3w0NTEyMHxpbWFnZS9qcGVnfGFEWXdMMmhoTnk4eE1ERTRNRGc1T0RrM09UZzNNQzgxTWpkWGVEVXlOMGhmYm5Wc2JBfDUwZTFkYjM0M2NkYjg3MmRmNWEyNzY1NzZkMjE3MTc0OTNlZTQ0YjI1MzU1ZDNlNjNkNDAwMDI2ZDY0ZTA3ZjQ&v=1704321306316",
        "images": [
            "https://www.heinemann.com.au/medias/527Wx527H-null?context=bWFzdGVyfGltYWdlc3w0NTEyMHxpbWFnZS9qcGVnfGFEWXdMMmhoTnk4eE1ERTRNRGc1T0RrM09UZzNNQzgxTWpkWGVEVXlOMGhmYm5Wc2JBfDUwZTFkYjM0M2NkYjg3MmRmNWEyNzY1NzZkMjE3MTc0OTNlZTQ0YjI1MzU1ZDNlNjNkNDAwMDI2ZDY0ZTA3ZjQ&v=1704321306316",
            "https://www.heinemann.com.au/medias/527Wx527H-null?context=bWFzdGVyfGltYWdlc3wzMDgzMXxpbWFnZS9qcGVnfGFEQTJMMmczTkM4eE1ERTRNRGt3TVRRek56UTNNQzgxTWpkWGVEVXlOMGhmYm5Wc2JBfDBlMWExYTc1YTQwZmMyN2E5MmViMzFmZWRkYjY2MmYyODljYzQ3YmZhNTUwODZjY2JlNmM5NGRkZjUyZWI1MmI&v=1704321498730"
        ]
    },
    {
        "product_url": "https://www.heinemann.com.au/en/sydt1/danzka/danzka-vodka-minipack-40vol-4x0-05l-gift-pack/p/000000000001301729/",
        "brand_name": "Danzka",
        "brand_url": "https://www.heinemann.com.au/en/sydt1/danzka/c/BRAND_1157/",
        "product_name": "Danzka Vodka Minipack 40% 4x0.05L gift pack",
        "quantity": "0.2\u00a0l",
        "price": "$19.00",
        "price_per_quantity": "($95.00 / 1 l)",
        "stock_availability": "",
        "description": "Selection of premium Scandinavian Vodka. DANZKA Original, Apple, Citrus and Cranraz. Perfect small give away to bring back with you.",
        "primary_image": "https://www.heinemann.com.au/medias/527Wx527H-null?context=bWFzdGVyfGltYWdlc3w0NzEyMXxpbWFnZS9qcGVnfGFHUmtMMmd5Tmk4eE1USTRORFkzT0RBNE1qVTVNQzgxTWpkWGVEVXlOMGhmYm5Wc2JBfDVhMGU5Njc1MWQ2NDQ3ZTllZTdiZDRlN2E0NDZlNjcyYmJmMWI5YWIwNDMyYjZhMzlkMWQ3MDU5NWE5NTAyN2Q&v=1729296633348",
        "images": []
    },
    {
        "product_url": "https://www.heinemann.com.au/en/sydt1/danzka/danzka-vodka-fifty-50vol-1l/p/000000000000060483/",
        "brand_name": "Danzka",
        "brand_url": "https://www.heinemann.com.au/en/sydt1/danzka/c/BRAND_1157/",
        "product_name": "Danzka Vodka Fifty 50% 1L",
        "quantity": "1\u00a0l",
        "price": "$47.00",
        "price_per_quantity": "($47.00 / 1 l)",
        "stock_availability": "",
        "description": "Danish design: innovative aluminum bottle that stands out but also has functional benefits.\u2022 A premium quality and award winning vodka from Denmark with a Scandinavian heritage.\u2022 Premium quality based on a 100% whole grain spirit that has been through a six-column continuous distillation.\u2022 Innovative flavors made from only natural flavoring The newest addition to the Danzka Vodka family",
        "primary_image": "https://www.heinemann.com.au/medias/527Wx527H-null?context=bWFzdGVyfGltYWdlc3wzODQ3MHxpbWFnZS9qcGVnfGFEWm1MMmczWWk4eE1USTROREF4TVRZME56QXdOaTgxTWpkWGVEVXlOMGhmYm5Wc2JBfGE0YmQ5YjI4ODdkMmNkNjY5ZTljM2FiNTU3ZjYyZTI1MmNkYzFiYjMxNjFmODI2M2NjMjU1ZDYyN2FjYjM1YzE&v=1729287923159",
        "images": []
    },
    {
        "product_url": "https://www.heinemann-shop.com/en/global/herpa/herpa-airbus-airplane-airbus-a380/p/000000000001412858/",
        "brand_name": "Herpa",
        "brand_url": "https://www.heinemann-shop.com/en/global/herpa/c/BRAND_9978/",
        "product_name": "Herpa, Airbus, airplane airbus a380",
        "quantity": "\n        ",
        "price": "\u20ac15.90",
        "price_per_quantity": "",
        "stock_availability": "Low stock",
        "description": "Entry line models for junior collectors.",
        "primary_image": "https://www.heinemann-shop.com/medias/527Wx527H-null?context=bWFzdGVyfGltYWdlc3wzMDkwNHxpbWFnZS9qcGVnfGFEVm1MMmhqWkM4eE1EVTNNakkzTXpFNE9EZzVOQzgxTWpkWGVEVXlOMGhmYm5Wc2JBfDNkMGIyZmQyNWVkNzZhN2JlMDYyZjk5ZDgzMjQ2NzVhMjNkZjNkMzkyOTlhOTIzOTQ1ZDY5NjM4YTY4MzlmNmU&v=1713385364283",
        "images": [
            "https://www.heinemann-shop.com/medias/527Wx527H-null?context=bWFzdGVyfGltYWdlc3wzMDkwNHxpbWFnZS9qcGVnfGFEVm1MMmhqWkM4eE1EVTNNakkzTXpFNE9EZzVOQzgxTWpkWGVEVXlOMGhmYm5Wc2JBfDNkMGIyZmQyNWVkNzZhN2JlMDYyZjk5ZDgzMjQ2NzVhMjNkZjNkMzkyOTlhOTIzOTQ1ZDY5NjM4YTY4MzlmNmU&v=1713385364283",
            "https://www.heinemann-shop.com/medias/527Wx527H-null?context=bWFzdGVyfGltYWdlc3w2ODg1NHxpbWFnZS9qcGVnfGFHVTNMMmhqTWk4eE1EVTNNakkzTkRNd016QXdOaTgxTWpkWGVEVXlOMGhmYm5Wc2JBfDIxMjVhNjExODQyNzU0YWJhYzk5OGQwNDdkNjE1NTcyYzQzZmU2MzcxYTllNDM3Mzk0OWEzNzgxZDcxYzhjMzk&v=1713385396352",
            "https://www.heinemann-shop.com/medias/527Wx527H-null?context=bWFzdGVyfGltYWdlc3w0MzM1OXxpbWFnZS9qcGVnfGFEWTRMMmhpWWk4eE1EVTNNakkzTkRVMk5URTFNQzgxTWpkWGVEVXlOMGhmYm5Wc2JBfDIyMTFiZTJmYWZiZTVmODUxYzc4YzMyMmZjMDA5Y2MxMDVjNTFiYzc3MzBiYzQwMWE0MTBmYmU2ODgyMzQ1MWY&v=1713385403694"
        ]
    },
    {
        "product_url": "https://www.heinemann.com.au/en/sydt1/finlandia/finlandia-vodka-classic-37-5vol-1l/p/000000000001115085/",
        "brand_name": "Finlandia",
        "brand_url": "https://www.heinemann.com.au/en/sydt1/finlandia/c/BRAND_1648/",
        "product_name": "Finlandia Vodka Classic 37.5% 1L",
        "quantity": "1\u00a0l",
        "price": "$36.00",
        "price_per_quantity": "($36.00 / 1 l)",
        "stock_availability": "",
        "description": "Finlandia Vodka is produced from entirely natural ingredients including naturally filtered pure glacier spring water that requires no additional treatment or processing, and the finest six-row barley. While growing under the sustained glow of the Midnight Sun, the six-row barley soaks up Finland's pristine air and water, and draws nourishment from its untainted soils, resulting in barley of pure taste and no unnatural oils or odors.",
        "primary_image": "https://www.heinemann.com.au/medias/527Wx527H-null?context=bWFzdGVyfGltYWdlc3w0MzQzNHxpbWFnZS9qcGVnfGFHUTJMMmd4TUM4eE1UTTFNREkzTnpJeU5qVXlOaTgxTWpkWGVEVXlOMGhmYm5Wc2JBfGEzY2I0YjhmMDA2YjM3NmYwNmFiYTQzNTMxZjIyMWE1NmI4MjMxNDg5YjU0Nzg0YThhZWNmYjk4ZjIyNGFiNDc&v=1730496945635",
        "images": []
    },
    {
        "product_url": "https://www.heinemann.com.au/en/sydt1/finlandia/finlandia-coconut-37-5vol-1l/p/000000000001241862/",
        "brand_name": "Finlandia",
        "brand_url": "https://www.heinemann.com.au/en/sydt1/finlandia/c/BRAND_1648/",
        "product_name": "Finlandia Coconut 37.5% 1L",
        "quantity": "1\u00a0l",
        "price": "$36.00",
        "price_per_quantity": "($36.00 / 1 l)",
        "stock_availability": "In stock",
        "description": "Finlandia Coconut Vodka is a sweet, creamy, buttery Vodka with the nutty taste of coconut, that will bring you right to the tropics - welcome the exotic.",
        "primary_image": "https://www.heinemann.com.au/medias/1241862-527Wx527H?context=bWFzdGVyfGltYWdlc3wzNDU3NHxpbWFnZS9qcGVnfGFEUXhMMmd3TUM4NU5qVXhOemt5TmpjME9EUTJMekV5TkRFNE5qSmZOVEkzVjNnMU1qZEl8MzlkZWU1M2M1MGYyMTQxZWJhZmY2NTUyMzY3MDM1NmZjZjIxNzc4YjU1YWQzNTQ4YTI1ZTBlNzUwODZiYzMzMQ&v=1641936348293",
        "images": []
    },
    {
        "product_url": "https://www.heinemann-shop.com/en/global/maisto/maisto-tech-r-c-cyklone-attack-16-5cm/p/000000000001513648/",
        "brand_name": "Maisto",
        "brand_url": "https://www.heinemann-shop.com/en/global/maisto/c/BRAND_3538/",
        "product_name": "Maisto Tech R/C, Cyklone Attack 16,5cm",
        "quantity": "\n        ",
        "price": "\u20ac35.90",
        "price_per_quantity": "",
        "stock_availability": "Low stock",
        "description": "The Maisto Tech R/C \"Cyklone Attack\" is the ultimate off-road vehicle. Thanks to its special rubber tracks, it can easily overcome inclines of up to 40\u00b0, make 360\u00b0 turns and drive over obstacles. There are no limits to the futuristic driving fun and, with a top speed of approx. 3.6 km/h it can also be effortlessly controlled by young experts. The vehicle has a control range of 10m and a 2.4 GHz frequency. Batteries included. (4x AA for the vehicle and 2x AAA for the remote control).",
        "primary_image": "https://www.heinemann-shop.com/medias/1513648-527Wx527H?context=bWFzdGVyfGltYWdlc3wzNzc0MnxpbWFnZS9qcGVnfGFHVmtMMmcyWmk4NU56QXdORFkzTWpFeU16RTRMekUxTVRNMk5EaGZOVEkzVjNnMU1qZEl8NWE4NDA0OGJlYTIxMGUzM2JlMGNjZDMyZDdiM2MwNmE2MjYwYmMxNTAzN2E0NDE5NGJlM2QwNzEzYzFhMDMxZA&v=1660594361699",
        "images": []
    },
    {
        "product_url": "https://www.heinemann.com.au/en/sydt1/grey-goose/grey-goose-vodka-40vol-1l/p/000000000000735866/",
        "brand_name": "Grey Goose",
        "brand_url": "https://www.heinemann.com.au/en/sydt1/grey-goose/c/BRAND_2705/",
        "product_name": "Grey Goose Vodka 40% 1L",
        "quantity": "1\u00a0l",
        "price": "$68.80",
        "price_per_quantity": "($68.80 / 1 l)",
        "stock_availability": "",
        "description": "Grey Goose is a premium flavoured vodka, born from an extraordinary passion for spirit-making. It is created using only the finest French ingredients \u2013 the highest-grade wheat and pristine limestone-filtered spring water. It is a spirit of uncommon brilliance, unrivalled craftsmanship and signature smoothness and is an excellent choice as a gift.",
        "primary_image": "https://www.heinemann.com.au/medias/527Wx527H-null?context=bWFzdGVyfGltYWdlc3wzNDM4MnxpbWFnZS9qcGVnfGFERTVMMmcyTVM4eE1EZzJOVE01T0RBNE56Y3hNQzgxTWpkWGVEVXlOMGhmYm5Wc2JBfDZiY2IzZDJlNzQ3NWE3ZmM0NDAwMDIzM2U1NGQ5ZmVkN2JhOTQwYWI0ZTljZmJlYzA2YWJiM2IxMmIyNWZlYTU&v=1720644487611",
        "images": [
            "https://www.heinemann.com.au/medias/527Wx527H-null?context=bWFzdGVyfGltYWdlc3wzNDM4MnxpbWFnZS9qcGVnfGFERTVMMmcyTVM4eE1EZzJOVE01T0RBNE56Y3hNQzgxTWpkWGVEVXlOMGhmYm5Wc2JBfDZiY2IzZDJlNzQ3NWE3ZmM0NDAwMDIzM2U1NGQ5ZmVkN2JhOTQwYWI0ZTljZmJlYzA2YWJiM2IxMmIyNWZlYTU&v=1720644487611",
            "https://www.heinemann.com.au/medias/527Wx527H-null?context=bWFzdGVyfGltYWdlc3w2NDM1MHxpbWFnZS9qcGVnfGFERmpMMmcwTmk4eE1EZzJOVFF3TXpnNE56WTBOaTgxTWpkWGVEVXlOMGhmYm5Wc2JBfDgyYTM3MzcwZmMxZjk2Nzk0NTkyNDFiNmY1OTY3MDVkODU4YTExMjk2YTJjY2YxMTUzNjYxMzE2YjEwZmNiMjA&v=1720644924625",
            "https://www.heinemann.com.au/medias/527Wx527H-null?context=bWFzdGVyfGltYWdlc3w1NTkzNXxpbWFnZS9qcGVnfGFEazJMMmc1Tnk4eE1EZzJOVFF3TkRFME9UYzVNQzgxTWpkWGVEVXlOMGhmYm5Wc2JBfDBlNDk4ZGRiMzAxNDU3NGQ2NzA2MDVkMGM3ZjViNjAxNTYzZWI5NmRmZjdjYTllNjM2ZGE0NGY5OGMxMWQ1MzU&v=1720644933396",
            "https://www.heinemann.com.au/medias/527Wx527H-null?context=bWFzdGVyfGltYWdlc3w1NjA2NHxpbWFnZS9qcGVnfGFEYzNMMmhoTVM4eE1EZzJOVFF3TkRReE1Ua3pOQzgxTWpkWGVEVXlOMGhmYm5Wc2JBfDVkNDRiOTM4ODgxMGI1MzdkNmZjZGMwZTIxY2RkYjg1MDk3MTQzNDg4NzExNWRhNzEwM2JiZGQwYmYwNGNlODM&v=1720644942113"
        ]
    },
    {
        "product_url": "https://www.heinemann-shop.com/en/global/maisto/maisto-model-car-bugatti-chiron-42sec/p/000000000001354600/",
        "brand_name": "Maisto",
        "brand_url": "https://www.heinemann-shop.com/en/global/maisto/c/BRAND_3538/",
        "product_name": "Maisto Model Car Bugatti Chiron 42sec.",
        "quantity": "\n        ",
        "price": "\u20ac27.90",
        "price_per_quantity": "",
        "stock_availability": "Low stock",
        "description": "Model Car type Bugatti Chiron 42sec. World record Car; scale 1:24; metallic black with tuned details in turquoise; opening doors; length approx. 18,5 cm; Windowbox; Material: Die-Cast with plastic parts",
        "primary_image": "https://www.heinemann-shop.com/medias/1354600-527Wx527H?context=bWFzdGVyfGltYWdlc3wzODYzNXxpbWFnZS9qcGVnfGFESmtMMmhqTmk4NU56QXdORFkwTkRVNU9EQTJMekV6TlRRMk1EQmZOVEkzVjNnMU1qZEl8ZWMyZmY3OGI3Y2E5NWZiYTFlNzJkY2U3N2UyYWM1ZDIyMDQxNmNiNjE1NWZjZWIxNGVkOWZhYTYyYTM4NmQ1Mg&v=1660594299306",
        "images": [
            "https://www.heinemann-shop.com/medias/1354600-527Wx527H?context=bWFzdGVyfGltYWdlc3wzODYzNXxpbWFnZS9qcGVnfGFESmtMMmhqTmk4NU56QXdORFkwTkRVNU9EQTJMekV6TlRRMk1EQmZOVEkzVjNnMU1qZEl8ZWMyZmY3OGI3Y2E5NWZiYTFlNzJkY2U3N2UyYWM1ZDIyMDQxNmNiNjE1NWZjZWIxNGVkOWZhYTYyYTM4NmQ1Mg&v=1660594299306",
            "https://www.heinemann-shop.com/medias/1354600-1-527Wx527H?context=bWFzdGVyfGltYWdlc3w0OTEzOHxpbWFnZS9qcGVnfGFEa3lMMmcxT0M4NU56QXdORGN3TVRrME1qQTJMekV6TlRRMk1EQmZNVjgxTWpkWGVEVXlOMGd8MjExMjhjZGQyNGNkMGI0ZDMxNGJjODY4ZGNkMGY5OWFkODYyOGE2MWEyMzllMjE1YWU0NDg0NmQyZGI2MjhiOQ&v=1660594435199",
            "https://www.heinemann-shop.com/medias/1354600-2-527Wx527H?context=bWFzdGVyfGltYWdlc3w0OTU0OHxpbWFnZS9qcGVnfGFEQTVMMmcyTWk4NU56QXdORGN3TkRJek5UZ3lMekV6TlRRMk1EQmZNbDgxTWpkWGVEVXlOMGd8NzUxNzZiYjVhODVkMTNiNDEyYzlmYmJmMjk2ZGU3MWY1ZTI5M2RiODgxNzFmZDBkOTcxYWFmMmMxNzljNTMwZQ&v=1660594439307",
            "https://www.heinemann-shop.com/medias/1354600-3-527Wx527H?context=bWFzdGVyfGltYWdlc3w1MDk5NnxpbWFnZS9qcGVnfGFETXdMMmcyT1M4NU56QXdORGN3TmpVeU9UVTRMekV6TlRRMk1EQmZNMTgxTWpkWGVEVXlOMGd8MDZhYTY0MWVhNzhjOTNlZTY5Y2U3ZjA2ODQ5ZGFiYjBkMTg4NjFmMmRkNDEwODYzYTkxZjNmYTg3YmQyMWM2ZA&v=1660594443405",
            "https://www.heinemann-shop.com/medias/1354600-4-527Wx527H?context=bWFzdGVyfGltYWdlc3w0MDcyNnxpbWFnZS9qcGVnfGFEVTRMMmczTUM4NU56QXdORGN3T0RneU16TTBMekV6TlRRMk1EQmZORjgxTWpkWGVEVXlOMGd8MWJiMjQyZGRiY2Q5ODQ3N2JmYWY1MGNiNmY2NGE3MDEyZWQ4Yzk3NjRlNTEzZTUxMDgwMmU5NjJiODQ1NzRiMg&v=1660594447394"
        ]
    },
    {
        "product_url": "https://www.heinemann.com.au/en/sydt1/grey-goose/grey-goose-vodka-40vol-0-2l/p/000000000001068668/",
        "brand_name": "Grey Goose",
        "brand_url": "https://www.heinemann.com.au/en/sydt1/grey-goose/c/BRAND_2705/",
        "product_name": "Grey Goose Vodka 40% 0.2L",
        "quantity": "0.2\u00a0l",
        "price": "$25.00",
        "price_per_quantity": "($125.00 / 1 l)",
        "stock_availability": "",
        "description": "From field to bottle every aspect of the creation of Grey Goose is focused on crafting the worlds best tasting vodka. With the finest French ingredients, soft winter wheat and Gensac spring water and a unique production process to ensure its distinctive character and unparalleled taste. Serve in a Grey Goose Le Fizz or simply on the rocks.",
        "primary_image": "https://www.heinemann.com.au/medias/1068668-527Wx527H?context=bWFzdGVyfGltYWdlc3wzODI2N3xpbWFnZS9qcGVnfGFHWTVMMmhoWVM4NU5qYzBOams0TXpJMk1EUTJMekV3TmpnMk5qaGZOVEkzVjNnMU1qZEl8ODE0ZWQxZGRlMjhmYTk4NDIxNmVhMWY3MGNmNDIwMWNkNTBjZmZkOWY0MDEyZmU2ZjNkOGFhNWYzNzk1YzEzYQ&v=1650675642963",
        "images": []
    },
    {
        "product_url": "https://www.heinemann-shop.com/en/global/maisto/maisto-tech-vw-samba/p/000000000001602405/",
        "brand_name": "Maisto",
        "brand_url": "https://www.heinemann-shop.com/en/global/maisto/c/BRAND_3538/",
        "product_name": "Maisto Tech, vw samba",
        "quantity": "\n        ",
        "price": "\u20ac29.90",
        "price_per_quantity": "",
        "stock_availability": "Low stock",
        "description": "The 11 cm high Power Racer VW T1 Samba from Maisto Tech R/C guarantees driving fun for young and old. The car has working headlights, a frequency of 2.4 GHz, a range of about 10 m and an integrated battery that can be charged via the included USB cable. The car can be operated using Bluetooth and the Maisto cell phone app. It can be controlled both by pressing buttons in the app and by moving the smartphone. With its approx. 6 km/h, the Volkswagen is already suitable for children from the age of 6.",
        "primary_image": "https://www.heinemann-shop.com/medias/527Wx527H-null?context=bWFzdGVyfGltYWdlc3w2MjM5NXxpbWFnZS9qcGVnfGFEQm1MMmhtWWk4eE1EVTNPVGN3TURBNE9EZzJNaTgxTWpkWGVEVXlOMGhmYm5Wc2JBfGQ0MWI1MzE4M2E0ZjM0NzNlZTdjYzM3YTU2MGIzMTY1NGI0YWNjY2ViNTM0ZTQ2YTkxYzM4YjRjZTQ5NzAzZGI&v=1713569495876",
        "images": [
            "https://www.heinemann-shop.com/medias/527Wx527H-null?context=bWFzdGVyfGltYWdlc3w2MjM5NXxpbWFnZS9qcGVnfGFEQm1MMmhtWWk4eE1EVTNPVGN3TURBNE9EZzJNaTgxTWpkWGVEVXlOMGhmYm5Wc2JBfGQ0MWI1MzE4M2E0ZjM0NzNlZTdjYzM3YTU2MGIzMTY1NGI0YWNjY2ViNTM0ZTQ2YTkxYzM4YjRjZTQ5NzAzZGI&v=1713569495876",
            "https://www.heinemann-shop.com/medias/527Wx527H-null?context=bWFzdGVyfGltYWdlc3w0MzY5MnxpbWFnZS9qcGVnfGFEQmpMMmcyTVM4eE1EVTNPVGN3TXprNE9ESTFOQzgxTWpkWGVEVXlOMGhmYm5Wc2JBfDNjZWNlMTlkMzk5YTRmMDYyMmY3N2UwOTc0M2RhM2E5YTAxYTBiOTA4ZDRiZWVjNTVkMWFkNjA5MjU1ZGViMzg&v=1713569673057"
        ]
    },
    {
        "product_url": "https://www.heinemann-shop.com/en/global/la-collina-toscana/la-collina-toscana-grinder-sicilian-white-salt-600g/p/000000000001304228/",
        "brand_name": "La Collina Toscana",
        "brand_url": "https://www.heinemann-shop.com/en/global/la-collina-toscana/c/BRAND_6972/",
        "product_name": "La Collina Toscana Grinder Sicilian white salt 600g",
        "quantity": "0.6\u00a0kg",
        "price": "",
        "price_per_quantity": "(\u20ac53.17 / 1 kg)",
        "stock_availability": "",
        "description": "Big Grinder with Sicilian white Salt. The grinder is with an inner aluminium rust-free bar. It's a refilable grinder with adjustable grinding from fine to coarse. The mechanism is in ceramic. Ideal for any kind of dish.",
        "primary_image": "https://www.heinemann-shop.com/medias/527Wx527H-null?context=bWFzdGVyfGltYWdlc3wzMjAzNHxpbWFnZS9qcGVnfGFHSmhMMmhrT1M4NU56WXpNakE1TnpRd016RTRMelV5TjFkNE5USTNTRjl1ZFd4c3xiZWZkNWNiOGYyNzllNTJmN2ZiMTdhNWU1OGQ0NDBiNTBhN2FjOThkOGQ0NzYyZGRjZThjMDQxZjA3M2I1Mzg5&v=1683784228127",
        "images": []
    },
    {
        "product_url": "https://www.heinemann.com.au/en/sydt1/mumm-champagne/mumm-champagne-cordon-rouge-brut-0-75l/p/000000000001503219/",
        "brand_name": "Mumm Champagne",
        "brand_url": "https://www.heinemann.com.au/en/sydt1/mumm-champagne/c/BRAND_0449/",
        "product_name": "Mumm Champagne Cordon Rouge Brut 0.75L",
        "quantity": "0.75\u00a0l",
        "price": "$53.00",
        "price_per_quantity": "($70.67 / 1 l)",
        "stock_availability": "",
        "description": "Made from a rich palette of more than 120 villages representing all the diversity of the Champagne region of France, Mumm Cordon Rouge is the signature cuvee of Maison Mumm. This exceptional brut champagne blends Mumm\u2019s signature grape variety, Pinot Noir from the Montagne de Reims and Aube; with Chardonnay from the C\u00f4te des Blancs, S\u00e9zannais, Vitryat and Aube; and Meunier from the Marne and Ardre valleys and the Montagne de Reims",
        "primary_image": "https://www.heinemann.com.au/medias/1503219-527Wx527H?context=bWFzdGVyfGltYWdlc3w1NTQ2NnxpbWFnZS9qcGVnfGFEVTRMMmhpTVM4NU5qWTRNakExT0RNNE16WTJMekUxTURNeU1UbGZOVEkzVjNnMU1qZEl8MDY2Yzk2YzYxNzY2YTU4NGFmNWNhMmJkN2IyMjEwYThiYTk2NGE0MGE0MDhkMzY5Y2VjMzYwYzM4MjM2MmY3OA&v=1648586410854",
        "images": []
    },
    {
        "product_url": "https://www.heinemann-shop.com/en/global/intex/intex-intex-wet-set-water-ball-lively/p/000000000001544740/",
        "brand_name": "Intex",
        "brand_url": "https://www.heinemann-shop.com/en/global/intex/c/BRAND_6735/",
        "product_name": "Intex, Intex-Wet Set, water ball Lively",
        "quantity": "",
        "price": "\u20ac2.90",
        "price_per_quantity": "",
        "stock_availability": "",
        "description": "Lively Print Balls inflatable water balls from Intex are the perfect complement for the ultimate water fun and a nice sunny day at the beach. The colorful balls with a diameter of 51 cm are made of a 0.18 mm thick, robust material that does not hurt if you are hit by the ball. The water balls are available in three different designs: with funny fish, colorful pineapple and summer fruit print. Suitable for children from 3 years.",
        "primary_image": "https://www.heinemann-shop.com/medias/527Wx527H-null?context=bWFzdGVyfGltYWdlc3w2MjY0NXxpbWFnZS9qcGVnfGFHRTFMMmcxT0M4eE1ERXdNRGt5TnpRNU5qSXlNaTgxTWpkWGVEVXlOMGhmYm5Wc2JBfDQ2NGI0NjI1MmE0YWQ1MjNlMDA0MmVkMGNiMjZkMmVhNzk5MDNlYjFhZDE5YWQ3OGEyMTE4MGIxNzdhNDNiZTU&v=1702329518659",
        "images": [
            "https://www.heinemann-shop.com/medias/527Wx527H-null?context=bWFzdGVyfGltYWdlc3w2MjY0NXxpbWFnZS9qcGVnfGFHRTFMMmcxT0M4eE1ERXdNRGt5TnpRNU5qSXlNaTgxTWpkWGVEVXlOMGhmYm5Wc2JBfDQ2NGI0NjI1MmE0YWQ1MjNlMDA0MmVkMGNiMjZkMmVhNzk5MDNlYjFhZDE5YWQ3OGEyMTE4MGIxNzdhNDNiZTU&v=1702329518659",
            "https://www.heinemann-shop.com/medias/527Wx527H-null?context=bWFzdGVyfGltYWdlc3w2NzExOXxpbWFnZS9qcGVnfGFHWTNMMmhtWVM4eE1ERXdNRGswTURBeE16VTVPQzgxTWpkWGVEVXlOMGhmYm5Wc2JBfGM5M2Y4ODg4NzExMzc1NjRjMzA3YjI5MTNiMDliZjkyOWU3NGE4NDRhMTI5Mzc2ZmVjMTcxZDZlMDQ3ZjliNTg&v=1702329900765",
            "https://www.heinemann-shop.com/medias/527Wx527H-null?context=bWFzdGVyfGltYWdlc3wzMzYzNnxpbWFnZS9qcGVnfGFEYzVMMmhtTXk4eE1ERXdNRGswTURJM05UYzBNaTgxTWpkWGVEVXlOMGhmYm5Wc2JBfDY5ZTAzNTgxOTdjYzg4ZjMxMTY1NjkyM2FlNWMyYmI0YTIwMzFjYTM0NTY5OWE4YmQyMmQzOGFlN2RhYjA2NTg&v=1702329909461"
        ]
    },
    {
        "product_url": "https://www.heinemann-shop.com/en/global/pez/pez-smurfs-maxibag-bonbons-with-fruit-flavour/p/000000000001626599/",
        "brand_name": "PEZ",
        "brand_url": "https://www.heinemann-shop.com/en/global/pez/c/BRAND_2810/",
        "product_name": "PEZ Smurfs Maxibag Bonbons with Fruit flavour",
        "quantity": "0.183\u00a0kg",
        "price": "\u20ac7.90",
        "price_per_quantity": "(\u20ac43.17 / 1 kg)",
        "stock_availability": "In stock, immediately available",
        "description": "The characteristic combination of candy and toy in one has made PEZ a favorite all over the world. PEZ is each season launching new and trending collections to ensure that the characters match the newest movies and series, this makes PEZ the perfect assortment for kids!",
        "primary_image": "https://www.heinemann-shop.com/medias/527Wx527H-null?context=bWFzdGVyfGltYWdlc3w5NTY3M3xpbWFnZS9qcGVnfGFEQTNMMmhtTlM4eE1USTROakk1TXpVME5EazVNQzgxTWpkWGVEVXlOMGhmYm5Wc2JBfDEwM2YzMjA2NmVhMTNkODZiZTg1OGZlOWNhMGVkNTIzMDM5ZGZjMzgxZGM4OWMzMWEzOTFkYTNmNjAzYzBmM2I&v=1729324077570",
        "images": []
    },
    {
        "product_url": "https://www.heinemann-shop.com/en/global/maisto/maisto-mercedes-eqs/p/000000000001602403/",
        "brand_name": "Maisto",
        "brand_url": "https://www.heinemann-shop.com/en/global/maisto/c/BRAND_3538/",
        "product_name": "Maisto, mercedes eqs",
        "quantity": "",
        "price": "\u20ac27.90",
        "price_per_quantity": "",
        "stock_availability": "",
        "description": "The electric flagship from Mercedes! Maisto has reproduced the Mercedes EQS as a metal injection molded model in 1:24 scale with a detailed interior and movable doors. The gray collector car is a must for every Mercedes fan and an eye-catcher for the display case! As a toy, the model car is suitable for children from 3 years.",
        "primary_image": "https://www.heinemann-shop.com/medias/527Wx527H-null?context=bWFzdGVyfGltYWdlc3wzMjQ3NnxpbWFnZS9qcGVnfGFEVXlMMmhtTmk4eE1EVTNPVFk1T1RZek1ERXhNQzgxTWpkWGVEVXlOMGhmYm5Wc2JBfDhjMmFhOGFkYzYwYmZjYWYyODNiODM5OGEyZWMzNzE2ZGZhMjcxYzBjNjJjMjY1OGU0NzdkNmQ0MzcxYTgyNDI&v=1713569449838",
        "images": [
            "https://www.heinemann-shop.com/medias/527Wx527H-null?context=bWFzdGVyfGltYWdlc3wzMjQ3NnxpbWFnZS9qcGVnfGFEVXlMMmhtTmk4eE1EVTNPVFk1T1RZek1ERXhNQzgxTWpkWGVEVXlOMGhmYm5Wc2JBfDhjMmFhOGFkYzYwYmZjYWYyODNiODM5OGEyZWMzNzE2ZGZhMjcxYzBjNjJjMjY1OGU0NzdkNmQ0MzcxYTgyNDI&v=1713569449838",
            "https://www.heinemann-shop.com/medias/527Wx527H-null?context=bWFzdGVyfGltYWdlc3wzNjg4M3xpbWFnZS9qcGVnfGFHRmxMMmcwWXk4eE1EVTNPVGN3TXpNNU9EUXpNQzgxTWpkWGVEVXlOMGhmYm5Wc2JBfGU4OGJhNzVmZWNlNWMwMTBlYmM0OTVhODg4YjQxNmM0ZmY1NjAyOTcyNjgxNjFhYTExMzU0YzkzYzJkZjk0MjQ&v=1713569656940"
        ]
    },
    {
        "product_url": "https://www.heinemann-shop.com/en/global/pez/pez-twin-paw-patrol-bonbons-with-fruit-flavour/p/000000000001626600/",
        "brand_name": "PEZ",
        "brand_url": "https://www.heinemann-shop.com/en/global/pez/c/BRAND_2810/",
        "product_name": "PEZ Twin Paw Patrol Bonbons with Fruit flavour",
        "quantity": "0.034\u00a0kg",
        "price": "\u20ac10.90",
        "price_per_quantity": "(\u20ac320.59 / 1 kg)",
        "stock_availability": "In stock, immediately available",
        "description": "The characteristic combination of candy and toy in one has made PEZ a favorite all over the world. PEZ is each season launching new and trending collections to ensure that the characters match the newest movies and series, this makes PEZ the perfect assortment for kids! PEZ is both vegan, gluten-free and lactose-free.",
        "primary_image": "https://www.heinemann-shop.com/medias/527Wx527H-null?context=bWFzdGVyfGltYWdlc3w4ODMwM3xpbWFnZS9qcGVnfGFERmxMMmhoT0M4eE1USTROakk1TkRNek1UUXlNaTgxTWpkWGVEVXlOMGhmYm5Wc2JBfDM3ZGE0YjE5MDg2YjVhN2Q0ZDI4NmNjYzk1ZWNmMjAzZTUwMzFiNjE4ZGU3ZmQ5MzQwZGI4MmM3ZDIwNWY5OWI&v=1729324112861",
        "images": []
    },
    {
        "product_url": "https://www.heinemann-shop.com/en/global/hot-wheels/hot-wheels-monster-trucks/p/000000000001510328/",
        "brand_name": "Hot Wheels",
        "brand_url": "https://www.heinemann-shop.com/en/global/hot-wheels/c/BRAND_5969/",
        "product_name": "Hot Wheels, monster trucks",
        "quantity": "",
        "price": "",
        "price_per_quantity": "",
        "stock_availability": "",
        "description": "This collection of Hot Wheels\u00ae Monster Trucks Roarin' Wreckers\u2122 trucks delivers all the exciting crashing and smashing action with the added bonus of lights and sounds to enhance the experience. Each truck is 1:43 scale and features the awesome graphics and giant wheels of the Hot Wheels\u00ae Monster Trucks brand. Press a button to hear engine and crushing sounds as well as each vehicle's theme song \u2013 it's just like being at the live show. Each Monster Truck also lights up through the windows! Kids",
        "primary_image": "https://www.heinemann-shop.com/medias/527Wx527H-null?context=bWFzdGVyfGltYWdlc3w4NTAyNnxpbWFnZS9qcGVnfGFETTFMMmc0T1M4eE1UWTBOVEF3TWpBMU5UY3hNQzgxTWpkWGVEVXlOMGhmYm5Wc2JBfGJmNWQyNjZjZmZiZDBjYzQ2ZGNmMzc5NzQ2YjUwYjFhNzA1NWI3OWNkYTVmYmZmNjMzOWMzM2UzMzk0M2IzYjc&v=1737064142496",
        "images": []
    },
    {
        "product_url": "https://www.heinemann-shop.com/en/global/pez/pez-disney-princess-maxibag-bonbons-with-fruit-flavour/p/000000000001626598/",
        "brand_name": "PEZ",
        "brand_url": "https://www.heinemann-shop.com/en/global/pez/c/BRAND_2810/",
        "product_name": "PEZ Disney Princess Maxibag Bonbons with Fruit flavour",
        "quantity": "0.183\u00a0kg",
        "price": "\u20ac7.90",
        "price_per_quantity": "(\u20ac43.17 / 1 kg)",
        "stock_availability": "",
        "description": "The characteristic combination of candy and toy in one has made PEZ a favorite all over the world. PEZ is each season launching new and trending collections to ensure that the characters match the newest movies and series, this makes PEZ the perfect assortment for kids!",
        "primary_image": "https://www.heinemann-shop.com/medias/527Wx527H-null?context=bWFzdGVyfGltYWdlc3w5MTczMnxpbWFnZS9qcGVnfGFHVXdMMmhsWkM4eE1USTROakk1TXpNeE5UWXhOQzgxTWpkWGVEVXlOMGhmYm5Wc2JBfDgxNWIwYTk3OGZiNWQyNzgzMjIwOTU5YWJkZGFmZjMwYjI4N2Y0MzU3OGExYWZlODRlOTJhMDNiYTRhMmM4MmY&v=1729324061596",
        "images": []
    },
    {
        "product_url": "https://www.heinemann.com.au/en/sydt1/baron-de-ley/baron-de-ley-finca-monasterio-rioja-do-dry-red-0-75l/p/000000000000701834/",
        "brand_name": "Bar\u00f3n de Ley",
        "brand_url": "https://www.heinemann.com.au/en/sydt1/baron-de-ley/c/BRAND_0446/",
        "product_name": "Bar\u00f3n de Ley, Finca Monasterio, Rioja, DO, dry, red 0.75L",
        "quantity": "0.75\u00a0l",
        "price": "$41.00",
        "price_per_quantity": "($54.67 / 1 l)",
        "stock_availability": "",
        "description": "A super modern Rioja, a single vineyard wine with a unique presentation.",
        "primary_image": "https://www.heinemann.com.au/medias/527Wx527H-null?context=bWFzdGVyfGltYWdlc3wzNTA0OXxpbWFnZS9qcGVnfGFEUXlMMmhoTVM4NU56ZzJPVEU0TkRZNU5qWXlMelV5TjFkNE5USTNTRjl1ZFd4c3xlYTUwZjJkNmU4MWNkMDdmYzNmMzIyMTdjMDZkZjUzNzA2ZWE0NmYyZjdiODNlMjFhZDE1MzNjMzJmMjFhOTRm&v=1689255621079",
        "images": []
    },
    {
        "product_url": "https://www.heinemann-shop.com/en/global/herpa/herpa-tuerkisch-airlines-pullback-turkish-airlines/p/000000000001422417/",
        "brand_name": "Herpa",
        "brand_url": "https://www.heinemann-shop.com/en/global/herpa/c/BRAND_9978/",
        "product_name": "Herpa, T\u00fcrkisch Airlines, pullback turkish airlines",
        "quantity": "",
        "price": "\u20ac15.90",
        "price_per_quantity": "",
        "stock_availability": "",
        "description": "Pull it back and watch it go!",
        "primary_image": "https://www.heinemann-shop.com/medias/527Wx527H-null?context=bWFzdGVyfGltYWdlc3wzMjYxMnxpbWFnZS9qcGVnfGFEUmtMMmd4WXk4NU9UazVOVFV4TlRJNE9Ua3dMelV5TjFkNE5USTNTRjl1ZFd4c3w5NmVlZDdlNDg3M2UyMGMxNTY4YzZiNjgwNGE5Yzk3ZGU2NGZiNmUxYWUyYWVhZWExYjU4YzA2YjkwOWQ4NWE3&v=1699911677688",
        "images": [
            "https://www.heinemann-shop.com/medias/527Wx527H-null?context=bWFzdGVyfGltYWdlc3wzMjYxMnxpbWFnZS9qcGVnfGFEUmtMMmd4WXk4NU9UazVOVFV4TlRJNE9Ua3dMelV5TjFkNE5USTNTRjl1ZFd4c3w5NmVlZDdlNDg3M2UyMGMxNTY4YzZiNjgwNGE5Yzk3ZGU2NGZiNmUxYWUyYWVhZWExYjU4YzA2YjkwOWQ4NWE3&v=1699911677688",
            "https://www.heinemann-shop.com/medias/527Wx527H-null?context=bWFzdGVyfGltYWdlc3w0MzQ2MHxpbWFnZS9qcGVnfGFHTXlMMmcxTkM4eE1EQXdNRGMzTXpFeU1EQXpNQzgxTWpkWGVEVXlOMGhmYm5Wc2JBfGZiZmE4YjNiZTFhNTk0MDUxMWI1Nzk4Y2NiZmU3OGFjYjkzY2Q4OTQ5MDRlNDUxNGI1OGIyNDYzMzM1ZmJkMDA&v=1699915208590"
        ]
    },
    {
        "product_url": "https://www.heinemann-shop.com/en/global/greentoys/greentoys-cargo-plane-blue/p/000000000001499140/",
        "brand_name": "Greentoys",
        "brand_url": "https://www.heinemann-shop.com/en/global/greentoys/c/BRAND_8945/",
        "product_name": "Greentoys, Cargo Plane - Blue",
        "quantity": "",
        "price": "\u20ac22.90",
        "price_per_quantity": "",
        "stock_availability": "",
        "description": "Cargo aircraft with 3 wheels and handle. The shipping space can be opend by a loading flap which can also be used as a ramp. The accompanying car can perfectly be stored in this cargo area. Free from BPA, PVC & phthalates. It is 100 % recycled plastics and dishwasher-proof.",
        "primary_image": "https://www.heinemann-shop.com/medias/527Wx527H-null?context=bWFzdGVyfGltYWdlc3w0NTI0MnxpbWFnZS9qcGVnfGFHSTJMMmhtTWk4NU56UTJOVGswTmpJM05qRTBMelV5TjFkNE5USTNTRjl1ZFd4c3wzNjIyZDRlMDlkM2RhNzJlY2VmOTVmNWMxMjI0MWUxYjlkMDkzODgwNWU2OTc5NGIxYTkxNmQwOThiMmU3ZjJh&v=1678915276137",
        "images": [
            "https://www.heinemann-shop.com/medias/527Wx527H-null?context=bWFzdGVyfGltYWdlc3w0NTI0MnxpbWFnZS9qcGVnfGFHSTJMMmhtTWk4NU56UTJOVGswTmpJM05qRTBMelV5TjFkNE5USTNTRjl1ZFd4c3wzNjIyZDRlMDlkM2RhNzJlY2VmOTVmNWMxMjI0MWUxYjlkMDkzODgwNWU2OTc5NGIxYTkxNmQwOThiMmU3ZjJh&v=1678915276137",
            "https://www.heinemann-shop.com/medias/527Wx527H-null?context=bWFzdGVyfGltYWdlc3wzNjA3NXxpbWFnZS9qcGVnfGFERTNMMmhtWkM4NU56UTJOVGs1TkRRME5URXdMelV5TjFkNE5USTNTRjl1ZFd4c3xlMDNmZjExMWUwMWU1NjU3MDJiNGRmNTk4YmNiZjAzNTMxYmExMmFlOWEyYTdlZTVhNWE2NGU5NDAyZWMzNjU3&v=1678915370940"
        ]
    },
    {
        "product_url": "https://www.heinemann-shop.com/en/global/herpa/single-plane-turkish-airlines/p/000000000001422416/",
        "brand_name": "Herpa",
        "brand_url": "https://www.heinemann-shop.com/en/global/herpa/c/BRAND_9978/",
        "product_name": "Single Plane Turkish Airlines",
        "quantity": "",
        "price": "\u20ac15.90",
        "price_per_quantity": "",
        "stock_availability": "",
        "description": "Entry line models for junior collectors.",
        "primary_image": "https://www.heinemann-shop.com/medias/527Wx527H-null?context=bWFzdGVyfGltYWdlc3wyNDQ1M3xpbWFnZS9qcGVnfGFHWmtMMmd3TWk4NU9ERTBOVFl4TXpVM09EVTBMelV5TjFkNE5USTNTRjl1ZFd4c3w2YzYyY2UxNDUwYjZhZjQwNDkzMjhjYTRmNDFlZmQyZWNjZWMxNTM5ZjU2YWEwNjQwNzhmYTAwNjA1YzM1YTg5&v=1693944761660",
        "images": [
            "https://www.heinemann-shop.com/medias/527Wx527H-null?context=bWFzdGVyfGltYWdlc3wyNDQ1M3xpbWFnZS9qcGVnfGFHWmtMMmd3TWk4NU9ERTBOVFl4TXpVM09EVTBMelV5TjFkNE5USTNTRjl1ZFd4c3w2YzYyY2UxNDUwYjZhZjQwNDkzMjhjYTRmNDFlZmQyZWNjZWMxNTM5ZjU2YWEwNjQwNzhmYTAwNjA1YzM1YTg5&v=1693944761660",
            "https://www.heinemann-shop.com/medias/527Wx527H-null?context=bWFzdGVyfGltYWdlc3w0MjMwMXxpbWFnZS9qcGVnfGFEazJMMmc1TVM4NU56azBNVEV4TlRNM01UZ3lMelV5TjFkNE5USTNTRjl1ZFd4c3w4Njc1NjcxMjRmOGIxNWI2YzNhMTMxNGU3NDEwMWU4NmFhMzcwNmM1NWMyNzU0YmQyOWNhOGQ0NTM5NTIwZDM0&v=1690230971979"
        ]
    },
    {
        "product_url": "https://www.heinemann-shop.com/en/global/hot-wheels/hot-wheels-monster-trucks-fuel-n-go/p/000000000001651855/",
        "brand_name": "Hot Wheels",
        "brand_url": "https://www.heinemann-shop.com/en/global/hot-wheels/c/BRAND_5969/",
        "product_name": "Hot Wheels, monster trucks fuel n\u2019 go",
        "quantity": "",
        "price": "",
        "price_per_quantity": "",
        "stock_availability": "",
        "description": "The Hot Wheels Monster Trucks Fuel N' Go Playset hits the gas on smashing and crashing! The set is shaped like a gas can with a window display to show off the included 1:64 scale Hot Wheels Monster Trucks Motosaurus. Open the container to reveal a mini-stunting arena with a ramp and two crushable cars. There's also a repair area where kids can drive Motosaurus onto the lift to perform any necessary repairs, then launch back into action. The fuel can doubles as a cool storage container and makes it easy to stunt on the go! Ideal for kids 4 years old and up. Colors and decorations may vary.",
        "primary_image": "https://www.heinemann-shop.com/medias/527Wx527H-null?context=bWFzdGVyfGltYWdlc3w4NzI3OHxpbWFnZS9qcGVnfGFEaGhMMmhqWlM4eE1EYzNPREl5T1RJME16a3pOQzgxTWpkWGVEVXlOMGhmYm5Wc2JBfDI3YzIyZjhmYjQ1NTVhNDYwMzMwNmU1NzQwZDQyMTg4Njc3OTQzMmUwMWJiNTM4YmIxZjRmMzM1NDBhMTE2N2U&v=1718622547602",
        "images": []
    },
    {
        "product_url": "https://www.heinemann-shop.com/en/global/maltesers/maltesers-truffles-with-malt-filling-and-honeycomb-pieces-covered-in-milkchocolate/p/000000000001562868/",
        "brand_name": "Maltesers",
        "brand_url": "https://www.heinemann-shop.com/en/global/maltesers/c/BRAND_5048/",
        "product_name": "Maltesers Truffles with malt filling and honeycomb pieces covered in milkchocolate",
        "quantity": "0.2\u00a0kg",
        "price": "\u20ac12.50",
        "price_per_quantity": "(\u20ac62.50 / 1 kg)",
        "stock_availability": "In stock, immediately available",
        "description": "Introducing the ultimate creamy and crunchy combination: MALTESERS Truffles. With malt filling and honeycomb pieces covered in milkchocolate, this treat offers a truffly take on classic MALTESERS.",
        "primary_image": "https://www.heinemann-shop.com/medias/527Wx527H-null?context=bWFzdGVyfGltYWdlc3w2OTM1MXxpbWFnZS9qcGVnfGFHSmxMMmd3Tmk4NU9EQTVOamt4T0RNMk5EUTJMelV5TjFkNE5USTNTRjl1ZFd4c3w5YTQxZDUwMTlhMGYwNGEzYjFhZmRhZmZlZDFkM2ZlY2Y2NzJkY2Y3NjVmOTIzNzg4OWExNDMyZWNkZGJlZDA1&v=1692996425460",
        "images": []
    },
    {
        "product_url": "https://www.heinemann-shop.com/en/global/herpa/herpa-miniaturmodelle-gmbh-klm-787/p/000000000001560608/",
        "brand_name": "Herpa",
        "brand_url": "https://www.heinemann-shop.com/en/global/herpa/c/BRAND_9978/",
        "product_name": "Herpa Miniaturmodelle GmbH, KLM 787",
        "quantity": "",
        "price": "\u20ac15.90",
        "price_per_quantity": "",
        "stock_availability": "",
        "description": "Entry line models for junior collectors.",
        "primary_image": "https://www.heinemann-shop.com/medias/527Wx527H-null?context=bWFzdGVyfGltYWdlc3wxMDA2MDN8aW1hZ2UvanBlZ3xhRGt4TDJobE1DODVOemszTWpBM05UZzRPRGswTHpVeU4xZDROVEkzU0Y5dWRXeHN8MWZjNjBlYjU1OGM4MGFmNWM0YjJmZTJlMjVmNTcyM2U2ZmJhMDAzY2M1YmNkYzc0ZmY4NDRlMDk2YjY3OTllOA&v=1690835126982",
        "images": [
            "https://www.heinemann-shop.com/medias/527Wx527H-null?context=bWFzdGVyfGltYWdlc3wxMDA2MDN8aW1hZ2UvanBlZ3xhRGt4TDJobE1DODVOemszTWpBM05UZzRPRGswTHpVeU4xZDROVEkzU0Y5dWRXeHN8MWZjNjBlYjU1OGM4MGFmNWM0YjJmZTJlMjVmNTcyM2U2ZmJhMDAzY2M1YmNkYzc0ZmY4NDRlMDk2YjY3OTllOA&v=1690835126982",
            "https://www.heinemann-shop.com/medias/527Wx527H-null?context=bWFzdGVyfGltYWdlc3wzNjYxM3xpbWFnZS9qcGVnfGFEZ3hMMmczTUM4NU56azNNakE0TnpNMU56YzBMelV5TjFkNE5USTNTRjl1ZFd4c3w4YTliM2ExOWQzOTAzM2JhMDNiZDgyZDkxZGM4ZGIwYjIyZDg1ZDk1YzYyMWYzZWI5MTBlMzE4ZTY3YTUxZDQ5&v=1690835171475"
        ]
    },
    {
        "product_url": "https://www.heinemann-shop.com/en/global/mentos/mentos-gum-gift-pack-global-100g/p/000000000001518744/",
        "brand_name": "Mentos",
        "brand_url": "https://www.heinemann-shop.com/en/global/mentos/c/BRAND_2323/",
        "product_name": "Mentos Gum gift pack Global 100g",
        "quantity": "0.1\u00a0kg",
        "price": "\u20ac10.90",
        "price_per_quantity": "(\u20ac109.00 / 1 kg)",
        "stock_availability": "In stock, immediately available",
        "description": "A perfect gifting item for young adults and teens. The packaging contains a variety of 5 well known flavours of Pure Fresh: Fresh Mint, Lemonade, Bubble Fresh, Euca Menthol, and Spear Mint.",
        "primary_image": "https://www.heinemann-shop.com/medias/527Wx527H-null?context=bWFzdGVyfGltYWdlc3wzNTEzMnxpbWFnZS9qcGVnfGFEaG1MMmd6TkM4eE1USTROakEyTWpVNU5qRXlOaTgxTWpkWGVEVXlOMGhmYm5Wc2JBfGFlMjVjZWE1NjlkM2Q2MmEzYmMzMjc1OTczOGFjNjAyZmRiMTQ5ZGVhNWM1MzUxZmVmODBhMTM1OWFmMjkxZjg&v=1729322095404",
        "images": []
    },
    {
        "product_url": "https://www.heinemann-shop.com/en/global/feodora/feodora-german-icons-180g/p/000000000000033446/",
        "brand_name": "Feodora",
        "brand_url": "https://www.heinemann-shop.com/en/global/feodora/c/BRAND_1267/",
        "product_name": "Feodora German Icons 180g",
        "quantity": "0.18\u00a0kg",
        "price": "\u20ac10.50",
        "price_per_quantity": "(\u20ac58.33 / 1 kg)",
        "stock_availability": "In stock",
        "description": "The elegant box contains superior miniature milk chocolate bars. Premium chocolate quality with the authentic taste of cocoa. An ideal gift box with well-known German sights as motifs.",
        "primary_image": "https://www.heinemann-shop.com/medias/527Wx527H-null?context=bWFzdGVyfGltYWdlc3w1ODkxM3xpbWFnZS9qcGVnfGFEUXdMMmhqTmk4NU56ZzJOVGt5TmpJME5qY3dMelV5TjFkNE5USTNTRjl1ZFd4c3w5ODA0YTE0MzFiOWJmMGY4OTkxZmM1ODRmMGVmYTAyYWNiNmE5NWUzNmQ4ZmRhYTRmMDgxZjllY2VjZWEzMmMy&v=1689235470906",
        "images": []
    },
    {
        "product_url": "https://www.heinemann-shop.com/en/global/raffaello/raffaello-tablet-with-white-chocolate-flavour-and-creamy-centre/p/000000000001663046/",
        "brand_name": "Raffaello",
        "brand_url": "https://www.heinemann-shop.com/en/global/raffaello/c/BRAND_4647/",
        "product_name": "Raffaello tablet with white chocolate flavour and creamy centre",
        "quantity": "0.27\u00a0kg",
        "price": "\u20ac13.70",
        "price_per_quantity": "(\u20ac50.74 / 1 kg)",
        "stock_availability": "In stock, immediately available",
        "description": "A delicious sensation of melt-in-the-mouth chocolate and indulgent combination of crunchy and creamy textures. Each 90g chocolate is singularly packed in a fully recycleable silver aluminum foil that protects the product and preserves the taste and freshness.",
        "primary_image": "https://www.heinemann-shop.com/medias/527Wx527H-null?context=bWFzdGVyfGltYWdlc3w3MzMzOHxpbWFnZS9qcGVnfGFEVTJMMmd4T1M4eE1USTVPRGs0TlRnd016Z3dOaTgxTWpkWGVEVXlOMGhmYm5Wc2JBfDI4NmEyYTY2ZDMzYWIyZTAwYWZmOGU0ZWZmM2YzMzZjZTljYTFiMjA2NTljZGMxMjU3ZDA4OGQ5M2VhM2IzMWY&v=1729549389333",
        "images": []
    },
    {
        "product_url": "https://www.heinemann-shop.com/en/global/starbrook/starbrook-chocolate-giant-dark-almonds-400g/p/000000000001170433/",
        "brand_name": "Starbrook",
        "brand_url": "https://www.heinemann-shop.com/en/global/starbrook/c/BRAND_3414/",
        "product_name": "Starbrook chocolate giant dark almonds 400g",
        "quantity": "0.4\u00a0kg",
        "price": "\u20ac16.90",
        "price_per_quantity": "(\u20ac42.25 / 1 kg)",
        "stock_availability": "In stock, immediately available",
        "description": "This is the ultimate almond-lover's treat: 400g dark chocolate with whole almonds, it's sure to delight!\u00a0The rich taste and smooth chocolate texture will even surprise the biggest chocoholic and it makes the ideal gift for the almond and chocolate lover in your life.\u00a0Contains 61% of cocoa.",
        "primary_image": "https://www.heinemann-shop.com/medias/527Wx527H-null?context=bWFzdGVyfGltYWdlc3w3MDY3NnxpbWFnZS9qcGVnfGFHWXhMMmcyWlM4eE1UYzROak00TXpJNU5EUTVOQzgxTWpkWGVEVXlOMGhmYm5Wc2JBfDFlMmY1NTlmMmRhM2Y3ZDc1OTkwMzMzMTUzMWNkMDUxYjIwODQzYThhZTlmMjcwZTViZDdhYjg2M2I4N2JlNDM&v=1739914343842",
        "images": [
            "https://www.heinemann-shop.com/medias/527Wx527H-null?context=bWFzdGVyfGltYWdlc3w3MDY3NnxpbWFnZS9qcGVnfGFHWXhMMmcyWlM4eE1UYzROak00TXpJNU5EUTVOQzgxTWpkWGVEVXlOMGhmYm5Wc2JBfDFlMmY1NTlmMmRhM2Y3ZDc1OTkwMzMzMTUzMWNkMDUxYjIwODQzYThhZTlmMjcwZTViZDdhYjg2M2I4N2JlNDM&v=1739914343842",
            "https://www.heinemann-shop.com/medias/527Wx527H-null?context=bWFzdGVyfGltYWdlc3w2MzEyNXxpbWFnZS9qcGVnfGFEVTVMMmcwWVM4eE1ERXdOek13TURnek9UUTFOQzgxTWpkWGVEVXlOMGhmYm5Wc2JBfGFlYTIzNDJkYmUzMGI2ZDA0NTE3MDBmN2NlZTZiMDRhYTRhNTI0ZjdlM2ZlYzYxNjBlNDIxNWRhM2ZjZTNhMjQ&v=1702502790516"
        ]
    },
    {
        "product_url": "https://www.heinemann-shop.com/en/global/venchi/venchi-hazelnut-bars-multipack-300g/p/000000000001564684/",
        "brand_name": "Venchi",
        "brand_url": "https://www.heinemann-shop.com/en/global/venchi/c/BRAND_8202/",
        "product_name": "Venchi Hazelnut bars multipack 300g",
        "quantity": "0.3\u00a0kg",
        "price": "",
        "price_per_quantity": "(\u20ac69.67 / 1 kg)",
        "stock_availability": "",
        "description": "An outstanding combination of flavours and crunchy taste contrasts. Inside, three hazelnut bars for each flavour: vegan friendly Dark Chocolate Hazelnut Bar; Milk Chocolate Hazelnut Bar; Nougatine Bar.",
        "primary_image": "https://www.heinemann-shop.com/medias/527Wx527H-null?context=bWFzdGVyfGltYWdlc3w1OTUzNnxpbWFnZS9qcGVnfGFEZGpMMmd3Tnk4eE1ETTNOekEwT1Rjd01qUXpNQzgxTWpkWGVEVXlOMGhmYm5Wc2JBfDgxYWJjZGU2OTE3NDA0MThkZjIzYzE4ZjdhYThkNDFlYWZlZDhmN2Y3ZDE3MjI5YTNiNTIzZWI2MDBmYmIwYzY&v=1709070819106",
        "images": []
    },
    {
        "product_url": "https://www.heinemann-shop.com/en/global/cadbury/cadbury-200-years-anniversary-bar-850g/p/000000000001641563/",
        "brand_name": "Cadbury",
        "brand_url": "https://www.heinemann-shop.com/en/global/cadbury/c/BRAND_0822/",
        "product_name": "Cadbury 200 years anniversary bar 850g",
        "quantity": "0.85\u00a0kg",
        "price": "\u20ac21.90",
        "price_per_quantity": "(\u20ac25.76 / 1 kg)",
        "stock_availability": "In stock, immediately available",
        "description": "To celebrate our 200th anniversary, we have created this special edition Cadbury Dairy Milk chocolate, in a super-sized format made with a glass and a half of fresh milk. Perfect for gifting to friends and family. Available only for travellers, for a limited time. Cadbury was born in the UK in 1824 and has been part of people's shared memories ever since.",
        "primary_image": "https://www.heinemann-shop.com/medias/527Wx527H-null?context=bWFzdGVyfGltYWdlc3w0NzA5OXxpbWFnZS9qcGVnfGFHTTFMMmc0Tnk4eE1EYzVNelF5T0RBNU1Ea3hNQzgxTWpkWGVEVXlOMGhmYm5Wc2JBfGY4YTNmY2ZlMjFlMjkxNzQwYzBlYmE0MDE5NjUyNzYwMmQ4YjBkZDY5NzRjZjZhNzRiZTgyODZiMzhlMmEzM2U&v=1719003315876",
        "images": []
    },
    {
        "product_url": "https://www.heinemann-shop.com/en/global/guylian/guylian-multipack-seashells-474g-duty-free/p/000000000001615546/",
        "brand_name": "Guylian",
        "brand_url": "https://www.heinemann-shop.com/en/global/guylian/c/BRAND_1409/",
        "product_name": "Guylian Multipack Seashells 474g Duty Free",
        "quantity": "0.474\u00a0kg",
        "price": "\u20ac22.50",
        "price_per_quantity": "(\u20ac47.47 / 1 kg)",
        "stock_availability": "In stock, immediately available",
        "description": "Guylian\u2019s iconic product, created by our founders as a souvenir of the Belgian coast. Treat yourself to our elegantly crafted Seashell chocolates, filled with our irresistible pralin\u00e9 filling, made from in-house roasted hazelnuts and covered in fine Belgian chocolate from 100%Fairtrade cocoa.",
        "primary_image": "https://www.heinemann-shop.com/medias/527Wx527H-null?context=bWFzdGVyfGltYWdlc3w1Nzg5MXxpbWFnZS9qcGVnfGFEbG1MMmcxWWk4eE1UYzROak01TmpRek5EUTJNaTgxTWpkWGVEVXlOMGhmYm5Wc2JBfGMyYWEyMDZkYmIzYjk3NDQyMGMyOGZjNGYxZmQyNTE2NTRkMDA3ODNhNTc5ZDczOTA1YTA4MmEyYjJlMzQxZDU&v=1739915194767",
        "images": []
    },
    {
        "product_url": "https://www.heinemann-shop.com/en/global/geisha/fazer-geisha-assorted-chocolates-420g/p/000000000001619053/",
        "brand_name": "Geisha",
        "brand_url": "https://www.heinemann-shop.com/en/global/geisha/c/BRAND_5431/",
        "product_name": "Fazer Geisha assorted chocolates 420g",
        "quantity": "0.42\u00a0kg",
        "price": "\u20ac13.50",
        "price_per_quantity": "(\u20ac32.14 / 1 kg)",
        "stock_availability": "In stock, immediately available",
        "description": "Traveller exclusive Geisha milk chocolate wrapped around hazelnut nougat filling. A soft yet crispy filling is waiting beneath the milk chocolate coating of the delicious Geisha pralines. In Geisha Selection box you are able to find 3 best flavours of Geisha pralines: original, dark and caramel&seasalt. All Fazer\u2019s delicious chocolates are made from 100% responsibly produced cocoa. Give your loved ones a bit of time together and bring out some delicious Geisha chocolates. The beautiful box also makes for a memorable gift.Available on cruise ships and at airports.",
        "primary_image": "https://www.heinemann-shop.com/medias/527Wx527H-null?context=bWFzdGVyfGltYWdlc3w1MjkwOHxpbWFnZS9qcGVnfGFEVXhMMmcwWkM4eE1UYzROak01TmpnNU16SXhOQzgxTWpkWGVEVXlOMGhmYm5Wc2JBfGZhY2Q2MzVkOWMzYTVkNjkyY2IzZWM2OWQ1NjUwNzE3NTU2ZGViZTgyMmJkOGU1NjQzNjgyZmU3NzUzYWY2MzA&v=1739915220537",
        "images": []
    },
    {
        "product_url": "https://www.heinemann-shop.com/en/global/haribo/haribo-giant-dummies-700g/p/000000000001472951/",
        "brand_name": "Haribo",
        "brand_url": "https://www.heinemann-shop.com/en/global/haribo/c/BRAND_1079/",
        "product_name": "Haribo Giant Dummies 700g",
        "quantity": "0.7\u00a0kg",
        "price": "\u20ac9.30",
        "price_per_quantity": "(\u20ac13.29 / 1 kg)",
        "stock_availability": "In stock, immediately available",
        "description": "The Giant Dummies selection of children\u2019s pacifiers offers a colourful snack for young and grown-ups. This unique product is available in five delicious, fruity flavours: - pineapple, strawberry, raspberry, juicy orange and lemon.",
        "primary_image": "https://www.heinemann-shop.com/medias/527Wx527H-null?context=bWFzdGVyfGltYWdlc3w5ODg1M3xpbWFnZS9qcGVnfGFETmxMMmcyWmk4eE1USTROVGcyT0RBNE5USTNPQzgxTWpkWGVEVXlOMGhmYm5Wc2JBfDhlMWMxZTAyZDgzYWI4OGNkZTYwY2E2NWUyMjY0NTdlNTE3MmNkYzAzMzgwNzZhMmM4ZWQ1NjcyZjg1ZDQxZWI&v=1729320285001",
        "images": [
            "https://www.heinemann-shop.com/medias/527Wx527H-null?context=bWFzdGVyfGltYWdlc3w5ODg1M3xpbWFnZS9qcGVnfGFETmxMMmcyWmk4eE1USTROVGcyT0RBNE5USTNPQzgxTWpkWGVEVXlOMGhmYm5Wc2JBfDhlMWMxZTAyZDgzYWI4OGNkZTYwY2E2NWUyMjY0NTdlNTE3MmNkYzAzMzgwNzZhMmM4ZWQ1NjcyZjg1ZDQxZWI&v=1729320285001",
            "https://www.heinemann-shop.com/medias/527Wx527H-null?context=bWFzdGVyfGltYWdlc3w5MTQ2OHxpbWFnZS9qcGVnfGFHTmpMMmc1T0M4eE1USTROakF6TlRVeU9UYzFPQzgxTWpkWGVEVXlOMGhmYm5Wc2JBfDQxNWRlZDYyNzQ3MTliMjcyYmI1OGQ0NjUwM2NjYTBmNWExYzQ5NzRlMGFlODMzYzZjMzVhZmIyNjk2MTU5MzE&v=1729320494640"
        ]
    },
    {
        "product_url": "https://www.heinemann-shop.com/en/global/fazermint/fazer-fazermint-chocolates-with-a-soft-mint-filling-420g/p/000000000001618974/",
        "brand_name": "Fazermint",
        "brand_url": "https://www.heinemann-shop.com/en/global/fazermint/c/BRAND_5421/",
        "product_name": "Fazer Fazermint chocolates with a soft mint filling 420g",
        "quantity": "0.42\u00a0kg",
        "price": "\u20ac13.50",
        "price_per_quantity": "(\u20ac32.14 / 1 kg)",
        "stock_availability": "In stock, immediately available",
        "description": "Traveller Exclusive Fazermint is an elegant and timeless mint chocolate. The luxurious, melt-in-the-mouth dark chocolate conceals adelicious filling with genuine peppermint oil, bringing a touch of the extraordinary to the everyday. All Fazer\u2019s delicious chocolates are made from 100% responsibly produced cocoa. This elegant, luxuriously sized box makes a welcome gift or a great addition to aparty. Available on cruise ships and at airports.",
        "primary_image": "https://www.heinemann-shop.com/medias/527Wx527H-null?context=bWFzdGVyfGltYWdlc3w0NzQzOXxpbWFnZS9qcGVnfGFEZG1MMmd3TkM4eE1UYzROak01TnpFNE9ERXlOaTgxTWpkWGVEVXlOMGhmYm5Wc2JBfGQ0MDU2NTcwZDk5NmI5NjkxMTc2MTI0ZmVkNjA3NDFkOTk0ZTkwNmQyZTAwZGM5YjFhODk1NWRjM2U0NGMwZWM&v=1739915233327",
        "images": []
    },
    {
        "product_url": "https://www.heinemann-shop.com/en/global/starbrook/starbrook-dark-chocolate-giant-bar-400g/p/000000000001443633/",
        "brand_name": "Starbrook",
        "brand_url": "https://www.heinemann-shop.com/en/global/starbrook/c/BRAND_3414/",
        "product_name": "Starbrook dark chocolate giant bar 400g",
        "quantity": "0.4\u00a0kg",
        "price": "\u20ac15.90",
        "price_per_quantity": "(\u20ac39.75 / 1 kg)",
        "stock_availability": "In stock, immediately available",
        "description": "A delicious Belgian dark chocolate bar divided in good portions. It comes in a wonderfully designed wrap with stunning water paint in retro style. Signed: Jaak De Konick, our famous Belgian water paint artist. We directly pack the chocolate in line what guarantees freshness, aroma and a perfect taste. A sweet and shiny piece of happiness! Also perfect high quality chocolate for cooking.",
        "primary_image": "https://www.heinemann-shop.com/medias/527Wx527H-null?context=bWFzdGVyfGltYWdlc3w2ODc5M3xpbWFnZS9qcGVnfGFEQTFMMmhqTVM4eE1UYzROak00TnpRNE9EYzVPQzgxTWpkWGVEVXlOMGhmYm5Wc2JBfDdkYjZlY2JkODc1Y2ZlMTcwYWZkMmU5ZWQ1MGY5M2Y0YWRmOGRiZjM0OGI4NDdlMTdiNjNlYzU3Y2I1MDUzYTM&v=1739914549273",
        "images": []
    },
    {
        "product_url": "https://www.heinemann-shop.com/en/global/maltesers/maltesers-truffles-with-malt-filling-and-honeycomb-pieces-covered-in-milkchocolate/p/000000000001562877/",
        "brand_name": "Maltesers",
        "brand_url": "https://www.heinemann-shop.com/en/global/maltesers/c/BRAND_5048/",
        "product_name": "Maltesers Truffles with malt filling and honeycomb pieces covered in milkchocolate",
        "quantity": "0.336\u00a0kg",
        "price": "\u20ac17.50",
        "price_per_quantity": "(\u20ac52.08 / 1 kg)",
        "stock_availability": "In stock, immediately available",
        "description": "Introducing the ultimate creamy and crunchy combination: MALTESERS Truffles. With malt filling and honeycomb pieces covered in milkchocolate, this treat offers a truffly take on classic MALTESERS.",
        "primary_image": "https://www.heinemann-shop.com/medias/527Wx527H-null?context=bWFzdGVyfGltYWdlc3w2NjkwOHxpbWFnZS9qcGVnfGFEazNMMmhqTlM4NU56VTVPRE0yTXpBM05EZzJMelV5TjFkNE5USTNTRjl1ZFd4c3wxYjUyYzJjMTExMzM3YzU2ODYzYTA4M2UwZDAwYmNkMGYyYmJlMjA2ZTc4ZGVkODgyNzFkM2U0YmU3YTdmMGY0&v=1682726423311",
        "images": []
    },
    {
        "product_url": "https://www.heinemann-shop.com/en/global/cartwright-butler/cartwright-butler-tea-for-two-240g/p/000000000001449169/",
        "brand_name": "Cartwright & Butler",
        "brand_url": "https://www.heinemann-shop.com/en/global/cartwright-butler/c/BRAND_6725/",
        "product_name": "Cartwright & Butler Tea for Two 240g",
        "quantity": "0.24\u00a0kg",
        "price": "\u20ac20.99",
        "price_per_quantity": "(\u20ac87.46 / 1 kg)",
        "stock_availability": "",
        "description": "The classic rich, butter shortbread made with groundand flakedv almonds giving a crumbly finish.",
        "primary_image": "https://www.heinemann-shop.com/medias/527Wx527H-null?context=bWFzdGVyfGltYWdlc3w2NzIzMHxpbWFnZS9qcGVnfGFHSmlMMmhqTkM4NU56WXpNakkxTXpjd05qVTBMelV5TjFkNE5USTNTRjl1ZFd4c3xmMjkwN2IyN2ZhYzQwNGQ2MGI5YzZiNDkzNjE0MmQ1MDVhNWM1MGUwMzZhZDIzMDVhZTI0NzZjNzNiMmUyZmQ1&v=1683789039433",
        "images": []
    },
    {
        "product_url": "https://www.heinemann-shop.com/en/global/lindt/lindt-assorted-napolitains-carrier-box-1000g/p/000000000000094139/",
        "brand_name": "Lindt",
        "brand_url": "https://www.heinemann-shop.com/en/global/lindt/c/BRAND_1486/",
        "product_name": "Lindt Assorted Napolitains Carrier Box 1000g",
        "quantity": "1\u00a0kg",
        "price": "\u20ac64.90",
        "price_per_quantity": "(\u20ac64.90 / 1 kg)",
        "stock_availability": "In stock, immediately available",
        "description": "This easy-to-carry gift box contains an assortment of six very popular NAPS varieties. Spoil yourself and all the chocolate lovers you know with the finest Swiss milk, hazelnut, dark and white-crisp chocolate, and LINDOR milk and milk-crisp flavours. Guaranteed to please all lovers and connoisseurs of exquisite chocolates.",
        "primary_image": "https://www.heinemann-shop.com/medias/527Wx527H-null?context=bWFzdGVyfGltYWdlc3wxNjA4Njd8aW1hZ2UvanBlZ3xhR1k1TDJnNFl5OHhNVEk0TlRNek1UZ3pOamsxT0M4MU1qZFhlRFV5TjBoZmJuVnNiQXxhMWE0OTY1M2JjZmY2ZDE4YmE0Zjg1YjcyNmUzNjIxYzUyZDBjODkzMmI0MjRlZTA4MWU3YjJjYTNkMjQ3MzMx&v=1729312084200",
        "images": []
    },
    {
        "product_url": "https://www.heinemann-shop.com/en/global/mentos/mentos-jumboroll-cola-8x37g/p/000000000001280881/",
        "brand_name": "Mentos",
        "brand_url": "https://www.heinemann-shop.com/en/global/mentos/c/BRAND_2323/",
        "product_name": "Mentos Jumboroll Cola 8x37g",
        "quantity": "0.296\u00a0kg",
        "price": "\u20ac8.90",
        "price_per_quantity": "(\u20ac30.07 / 1 kg)",
        "stock_availability": "In stock, immediately available",
        "description": "World's most famous soda drink, in combination with world's most favourite candy. Each Jumboroll contains 8 single rolls.",
        "primary_image": "https://www.heinemann-shop.com/medias/527Wx527H-null?context=bWFzdGVyfGltYWdlc3wzNzAzM3xpbWFnZS9qcGVnfGFESmtMMmczWmk4eE1USTROVFk1TURrM05ESXpPQzgxTWpkWGVEVXlOMGhmYm5Wc2JBfDE1MjVhM2I3MWM3MjJiZWRmNDZlZDg5YzQ1NGNjNmNhY2RlNjI3MzE2M2MwOGEwOWNjMGJkOTVhOGMxYzZlNzk&v=1729317873412",
        "images": []
    },
    {
        "product_url": "https://www.heinemann-shop.com/en/global/feodora/feodora-suitcase-milk-225g/p/000000000000693961/",
        "brand_name": "Feodora",
        "brand_url": "https://www.heinemann-shop.com/en/global/feodora/c/BRAND_1267/",
        "product_name": "Feodora Suitcase Milk 225g",
        "quantity": "0.225\u00a0kg",
        "price": "\u20ac17.90",
        "price_per_quantity": "(\u20ac79.56 / 1 kg)",
        "stock_availability": "In stock, immediately available",
        "description": "Premium whole milk chocolate from Feodora with the authentic taste of cocoa in an appealing, high-quality and nostalgic design.",
        "primary_image": "https://www.heinemann-shop.com/medias/527Wx527H-null?context=bWFzdGVyfGltYWdlc3w2Nzk4NHxpbWFnZS9qcGVnfGFESTRMMmd6WWk4NU56ZzJPVEUwT0RNeU5ERTBMelV5TjFkNE5USTNTRjl1ZFd4c3wyM2Y3YzljMDM3MTMyNDY4YjMyNzEzYzg1OTZhMTVlN2Q3MGZlZWM2ZjRjYmJkZGYxYTQyOWFiYTkwNTg0ZTk0&v=1689255019085",
        "images": []
    },
    {
        "product_url": "https://www.heinemann-shop.com/en/global/unique-concept/macaron-strawberry-monaco-d-antan-90g-meringue-with-strawberry-cream-a-box-contains-six-pieces-15g-each/p/000000000001256414/",
        "brand_name": "Unique Concept",
        "brand_url": "https://www.heinemann-shop.com/en/global/unique-concept/c/BRAND_4214/",
        "product_name": "Macaron Strawberry Monaco D'Antan 90g, meringue with strawberry cream; a box contains six pieces 15g each",
        "quantity": "0.09\u00a0kg",
        "price": "\u20ac9.90",
        "price_per_quantity": "(\u20ac110.00 / 1 kg)",
        "stock_availability": "In stock",
        "description": "Elegant packaging encloses the original macaron, biscuit with half a century of history, made of two soft meringues made with almonds, stuffed with strawberry cream",
        "primary_image": "https://www.heinemann-shop.com/medias/527Wx527H-null?context=bWFzdGVyfGltYWdlc3w0Mzk2NnxpbWFnZS9qcGVnfGFESmpMMmd4WWk4eE1ERXlOVGN6TlRVeU5qUXpNQzgxTWpkWGVEVXlOMGhmYm5Wc2JBfDIxZDJhYTU2OTg4NmE3NDUwYmM0MGQzM2ZkNDBkMTMwMzA2NTE2OWJjNWM2MzM1N2E5YzE3ZmZlNjI2Mzg0NDQ&v=1702942463515",
        "images": []
    },
    {
        "product_url": "https://www.heinemann-shop.com/en/global/katjes/katjes-vegan-fruitgum-made-without-animal-gelatine-no-artificial-colouring-or-flavouring/p/000000000001625459/",
        "brand_name": "Katjes",
        "brand_url": "https://www.heinemann-shop.com/en/global/katjes/c/BRAND_0494/",
        "product_name": "Katjes vegan fruitgum \u2013 Made without animal gelatine, no artificial colouring or flavouring",
        "quantity": "0.4\u00a0kg",
        "price": "",
        "price_per_quantity": "(\u20ac12.25 / 1 kg)",
        "stock_availability": "",
        "description": "Positive vibes in a cool batik look with individual shapes, such as a hippie, a caravan or the peace sign. Each product combines three flavours: a fruity-sweet mix of blackcurrant, peach, cherry, strawberry and pear.",
        "primary_image": "https://www.heinemann-shop.com/medias/527Wx527H-null?context=bWFzdGVyfGltYWdlc3w2NTM2N3xpbWFnZS9qcGVnfGFHUTFMMmhoT1M4eE1EWXhNak00TlRBeU1UazRNaTgxTWpkWGVEVXlOMGhmYm5Wc2JBfGFhZWVhMDI2MjI4NWZjZDhhNjk5OTJmY2VkNzBhMTZjNGExMzEwNzBlMzFjZWM2NzgwOGYzYzA5M2VhZDE0M2M&v=1714429445080",
        "images": []
    },
    {
        "product_url": "https://www.heinemann-shop.com/en/global/toblerone/toblerone-messages-360g/p/000000000001264819/",
        "brand_name": "Toblerone",
        "brand_url": "https://www.heinemann-shop.com/en/global/toblerone/c/BRAND_0485/",
        "product_name": "Toblerone Messages 360g",
        "quantity": "0.36\u00a0kg",
        "price": "\u20ac9.90",
        "price_per_quantity": "(\u20ac27.50 / 1 kg)",
        "stock_availability": "In stock, immediately available",
        "description": "Looking for a perfect gift to bring back from your trip?",
        "primary_image": "https://www.heinemann-shop.com/medias/527Wx527H-null?context=bWFzdGVyfGltYWdlc3w0MzQ4MHxpbWFnZS9qcGVnfGFEY3lMMmd6WlM4eE1EVTJPRFV6TkRNeU56TXlOaTgxTWpkWGVEVXlOMGhmYm5Wc2JBfGRiZDI4YThjZjk0Y2NiY2VjMDA2YmVmZmI1YTJjYzU5YmE5NzU1ZGI1ZmJkOTIyMzg1NmY5NTQ5ZmVlZjAzZGI&v=1713300008444",
        "images": [
            "https://www.heinemann-shop.com/medias/527Wx527H-null?context=bWFzdGVyfGltYWdlc3w0MzQ4MHxpbWFnZS9qcGVnfGFEY3lMMmd6WlM4eE1EVTJPRFV6TkRNeU56TXlOaTgxTWpkWGVEVXlOMGhmYm5Wc2JBfGRiZDI4YThjZjk0Y2NiY2VjMDA2YmVmZmI1YTJjYzU5YmE5NzU1ZGI1ZmJkOTIyMzg1NmY5NTQ5ZmVlZjAzZGI&v=1713300008444",
            "https://www.heinemann-shop.com/medias/527Wx527H-null?context=bWFzdGVyfGltYWdlc3w0MTgzMHxpbWFnZS9qcGVnfGFHVTJMMmc1TlM4eE1EVTJPRFV6TmpNNU1UY3hNQzgxTWpkWGVEVXlOMGhmYm5Wc2JBfGMzMGZkN2U1MzczMDE2NDViMDk5Y2Q3N2VhZGZlM2JlOWE4NTk5YjdiMTBmNTEyYThjNjMyM2FjMjY5NDU3ZWY&v=1713300152276",
            "https://www.heinemann-shop.com/medias/527Wx527H-null?context=bWFzdGVyfGltYWdlc3w0MzY1OXxpbWFnZS9qcGVnfGFEVmxMMmc1Wmk4eE1EVTJPRFV6TmpZeU1UQTROaTgxTWpkWGVEVXlOMGhmYm5Wc2JBfDVhNGVjZWZmNTMxNTY5NmQyZmY3Y2U3NDM3NTU4Mzk4YzRlOWJjNmJlNzY2MTE5Njk3ZDgwMzk1OTFhMjg0OWY&v=1713300160597",
            "https://www.heinemann-shop.com/medias/527Wx527H-null?context=bWFzdGVyfGltYWdlc3w0MjUxNHxpbWFnZS9qcGVnfGFEUTBMMmhoWVM4eE1EVTJPRFV6TmprNE1UVXpOQzgxTWpkWGVEVXlOMGhmYm5Wc2JBfGY5NTEwYmJmZmYwZTVhNzk1YjM3OWMyZTJkNjA5YTk2OTlkODMwNGNkNzdiMTgyMWE0NzQ4NWQyMmU5ZDhjZjI&v=1713300168704"
        ]
    },
    {
        "product_url": "https://www.heinemann-shop.com/en/global/haribo/haribo-starmix-mix-of-fruit-gums-cola-flavored-gums-and-sweet-foam-gums-250g/p/000000000001626221/",
        "brand_name": "Haribo",
        "brand_url": "https://www.heinemann-shop.com/en/global/haribo/c/BRAND_1079/",
        "product_name": "HARIBO Starmix mix of fruit gums, cola-flavored gums and sweet foam gums 250g",
        "quantity": "0.25\u00a0kg",
        "price": "\u20ac3.90",
        "price_per_quantity": "(\u20ac15.60 / 1 kg)",
        "stock_availability": "In stock, immediately available",
        "description": "Starmix is loved for its iconic mix of shapes - everyone has their favourite, whether that's a heart, ring, cola bottle, egg or a goldbear, Starmix has something for everyone, with its range of jelly and foam sweets! Including orange, lemon, raspberry, pineapple and cola flavours \u2013 They are a perfect treat, whatever the weather!",
        "primary_image": "https://www.heinemann-shop.com/medias/527Wx527H-null?context=bWFzdGVyfGltYWdlc3w4ODY5NHxpbWFnZS9qcGVnfGFEUTRMMmhoWkM4eE1USTROakk0T1Rrd056YzBNaTgxTWpkWGVEVXlOMGhmYm5Wc2JBfGMyMDhmMDYxNTRlNDQzYjRlY2VlYjg4YjE0MTZjZWM0ZmNjMjIyZTZjZGNiMDEyMTQ2NDgzYWEwMGEwMTdmOWE&v=1729323872886",
        "images": []
    },
    {
        "product_url": "https://www.heinemann-shop.com/en/global/toblerone/tone-120g-tiny-milk-wtr-14ca/p/000000000001376951/",
        "brand_name": "Toblerone",
        "brand_url": "https://www.heinemann-shop.com/en/global/toblerone/c/BRAND_0485/",
        "product_name": "TONE 120G TINY MILK WTR 14CA",
        "quantity": "0.12\u00a0kg",
        "price": "\u20ac6.50",
        "price_per_quantity": "(\u20ac54.17 / 1 kg)",
        "stock_availability": "In stock, immediately available",
        "description": "Product Idea:",
        "primary_image": "https://www.heinemann-shop.com/medias/527Wx527H-null?context=bWFzdGVyfGltYWdlc3w4NDMxMHxpbWFnZS9qcGVnfGFEUTVMMmd4TkM4NU9EQXdPVFV6T1RnM01UQXlMelV5TjFkNE5USTNTRjl1ZFd4c3xmNzEwNzI4NGViMTRiYTJjMWU3ZDk0NTJkNjA4NWVjZjhhYzkyOTY1NTUzZjQ5MTEzMjEyODM5YWMwZDA3Mzdk&v=1691487640394",
        "images": []
    },
    {
        "product_url": "https://www.heinemann-shop.com/en/global/katjes/katjes-vegan-licorice-made-with-no-animal-gelatine-no-artificial-colouring/p/000000000001625456/",
        "brand_name": "Katjes",
        "brand_url": "https://www.heinemann-shop.com/en/global/katjes/c/BRAND_0494/",
        "product_name": "Katjes vegan licorice \u2013 Made with no animal gelatine, no artificial colouring",
        "quantity": "0.4\u00a0kg",
        "price": "",
        "price_per_quantity": "(\u20ac12.25 / 1 kg)",
        "stock_availability": "",
        "description": "What a catch! Our vegan Salty Fish made from spicy soft licorice are enhanced with salmiak salt, creating a delicious sweet and salty combination.",
        "primary_image": "https://www.heinemann-shop.com/medias/527Wx527H-null?context=bWFzdGVyfGltYWdlc3w1OTQyNXxpbWFnZS9qcGVnfGFHWmlMMmcwTmk4eE1EWXhNak00TkRJek5UVTFNQzgxTWpkWGVEVXlOMGhmYm5Wc2JBfDI4ZGJiYTE1MjE4MjYxY2Y2N2EwNTUzYTI2OGM3NWE4YjZlMzJmMzc4NTQ4ZjA4N2I1ZWFlZGI4MjQ2MGNiN2E&v=1714429422153",
        "images": []
    },
    {
        "product_url": "https://www.heinemann-shop.com/en/global/haribo/haribo-goldbear-candy-tin-120g/p/000000000001252036/",
        "brand_name": "Haribo",
        "brand_url": "https://www.heinemann-shop.com/en/global/haribo/c/BRAND_1079/",
        "product_name": "HARIBO Goldbear Candy Tin 120g",
        "quantity": "0.12\u00a0kg",
        "price": "\u20ac10.90",
        "price_per_quantity": "(\u20ac90.83 / 1 kg)",
        "stock_availability": "In stock, immediately available",
        "description": "Bring a delightful and sweet treat from your long journey! This collectable gift is guaranteed to make every Goldbears lover smile. A premium range of Goldbear candy-shaped tins is available in three bright colours \u2013 red, green and yellow. Each collector\u2019s tin is filled with 10 Goldbears mini bags (12g).",
        "primary_image": "https://www.heinemann-shop.com/medias/527Wx527H-null?context=bWFzdGVyfGltYWdlc3w0NDkyMHxpbWFnZS9qcGVnfGFHVTFMMmhoT1M4eE1USTROVFk0T1RRek5ERTBNaTgxTWpkWGVEVXlOMGhmYm5Wc2JBfGEyMTcyMTYwNWE1YjljNDllNjFjMmVhMjU1NWExNTUzMDdhNWVmOTEwNTA5Mjc5YzVhNWJlM2MxMjA3MGRhYjc&v=1729317675989",
        "images": [
            "https://www.heinemann-shop.com/medias/527Wx527H-null?context=bWFzdGVyfGltYWdlc3w0NDkyMHxpbWFnZS9qcGVnfGFHVTFMMmhoT1M4eE1USTROVFk0T1RRek5ERTBNaTgxTWpkWGVEVXlOMGhmYm5Wc2JBfGEyMTcyMTYwNWE1YjljNDllNjFjMmVhMjU1NWExNTUzMDdhNWVmOTEwNTA5Mjc5YzVhNWJlM2MxMjA3MGRhYjc&v=1729317675989",
            "https://www.heinemann-shop.com/medias/527Wx527H-null?context=bWFzdGVyfGltYWdlc3w0ODA5OXxpbWFnZS9qcGVnfGFHRmhMMmcxTnk4eE1USTROVFk1TXpNNU9UQTNNQzgxTWpkWGVEVXlOMGhmYm5Wc2JBfGQwOWNmOTVlMjhhOGE3NzI3YTBmNWM5ZjBhMTU5M2NmNWY5NjQxYzk5YzU4Mzc4NDIyYjMzNzI0OGI3YWJhNGM&v=1729318101082"
        ]
    },
    {
        "product_url": "https://www.heinemann-shop.com/en/global/toblerone/toblerone-gold-360g/p/000000000001186771/",
        "brand_name": "Toblerone",
        "brand_url": "https://www.heinemann-shop.com/en/global/toblerone/c/BRAND_0485/",
        "product_name": "Toblerone Gold 360g",
        "quantity": "0.36\u00a0kg",
        "price": "\u20ac9.90",
        "price_per_quantity": "(\u20ac27.50 / 1 kg)",
        "stock_availability": "In stock, immediately available",
        "description": "Enjoy Toblerone, the iconic triangular chocolate from Switzerland with Honey and Almond Nougat. This travel-exclusive golden pack contains 360g Toblerone Milk Chocolate \u2013 a perfect gift for anyone who loves chocolate. Made in Switzerland.",
        "primary_image": "https://www.heinemann-shop.com/medias/527Wx527H-null?context=bWFzdGVyfGltYWdlc3wzNDg1OXxpbWFnZS9qcGVnfGFESmlMMmhrWXk4eE1EWXlORFEzTnpNNU56QXlNaTgxTWpkWGVEVXlOMGhmYm5Wc2JBfDRlMDNjMjAzNTg4NTBiNGIzOGY1YTA0OGRjZTc3MDJjYTE3ODRkZDc0YzM5NWUyZGVhYTM5NGI0YTcxOGM2MTQ&v=1714766805178",
        "images": []
    },
    {
        "product_url": "https://www.heinemann-shop.com/en/global/niederegger/niederegger-marzipan-classics-germany-300g/p/000000000001240593/",
        "brand_name": "Niederegger",
        "brand_url": "https://www.heinemann-shop.com/en/global/niederegger/c/BRAND_1439/",
        "product_name": "Niederegger Marzipan classics Germany 300g",
        "quantity": "0.3\u00a0kg",
        "price": "\u20ac17.50",
        "price_per_quantity": "(\u20ac58.33 / 1 kg)",
        "stock_availability": "In stock, immediately available",
        "description": "A tasty German flag for travellers. Enjoy assorted marzipan classics covered with chocolate. Espresso, rum croquant or pure marzipan with dark chocolate.",
        "primary_image": "https://www.heinemann-shop.com/medias/527Wx527H-null?context=bWFzdGVyfGltYWdlc3w2NDE5MXxpbWFnZS9qcGVnfGFEazFMMmcyT1M4eE1UYzRPVGc0T1RRek56Y3lOaTgxTWpkWGVEVXlOMGhmYm5Wc2JBfGU5MWZmMjQ5NGVhNTgxNTAwMjQ1NWU2NGM5ZjM3NzJmYmRiZjIwNDcwNmY4MWYzNTFiZmM3ODY5Yjc3N2UwZmQ&v=1740000593973",
        "images": []
    },
    {
        "product_url": "https://www.heinemann-shop.com/en/global/mentos/mentos-mix-travel-kit-300g/p/000000000001480222/",
        "brand_name": "Mentos",
        "brand_url": "https://www.heinemann-shop.com/en/global/mentos/c/BRAND_2323/",
        "product_name": "Mentos Mix Travel Kit 300g",
        "quantity": "0.3\u00a0kg",
        "price": "\u20ac13.50",
        "price_per_quantity": "(\u20ac45.00 / 1 kg)",
        "stock_availability": "In stock, immediately available",
        "description": "A great gift idea for teenagers in girl and boy designs. Each see through reusable bag contains a mix of Chupa Chups, Mentos and Fruittella. Ideal for use as a pencil case or toiletries bag, versions come in Glamorous Mix for girls and Cool Mix for boys.",
        "primary_image": "https://www.heinemann-shop.com/medias/527Wx527H-null?context=bWFzdGVyfGltYWdlc3w2Mjk0OHxpbWFnZS9qcGVnfGFHWmtMMmhtWWk4eE1USTROakF6TmpNME9EazFPQzgxTWpkWGVEVXlOMGhmYm5Wc2JBfGU0NjQ4M2IwOWI5MDlmOThhNzZiMWIwZWNmZjk1ZTE5NjM3NWQ5N2U5NmI3MTYwNGQ5MDQzYTI2MTZjNmM4MDg&v=1729320561723",
        "images": []
    },
    {
        "product_url": "https://www.heinemann-shop.com/en/global/toblerone/toblerone-gingery-orange-360g/p/000000000001441853/",
        "brand_name": "Toblerone",
        "brand_url": "https://www.heinemann-shop.com/en/global/toblerone/c/BRAND_0485/",
        "product_name": "Toblerone Gingery Orange 360g",
        "quantity": "0.36\u00a0kg",
        "price": "\u20ac9.90",
        "price_per_quantity": "(\u20ac27.50 / 1 kg)",
        "stock_availability": "In stock, immediately available",
        "description": "Enjoy Toblerone Gingery Orange - The original Toblerone milk chocolate with honey and almond nougat combined with addition of Orange peels covered with ginger. Made in Switzerland with an unexpected twist!",
        "primary_image": "https://www.heinemann-shop.com/medias/527Wx527H-null?context=bWFzdGVyfGltYWdlc3w0MTMwNXxpbWFnZS9qcGVnfGFEWmpMMmd4TUM4NU9EQXhNREExTVRNM09UVXdMelV5TjFkNE5USTNTRjl1ZFd4c3wxYWUwMzk3OGY1OTViZjg1MTk1M2FlNjY0ZTNiMmI3ZDExMGE3ODA0ZmYwNWIzMmE2YWNlMTNkNGQzMjFmM2M5&v=1691493340191",
        "images": []
    },
    {
        "product_url": "https://www.heinemann-shop.com/en/global/mentos/mentos-mini-pencilcase-115-5g/p/000000000001515365/",
        "brand_name": "Mentos",
        "brand_url": "https://www.heinemann-shop.com/en/global/mentos/c/BRAND_2323/",
        "product_name": "Mentos Mini Pencilcase 115.5g",
        "quantity": "0.116\u00a0kg",
        "price": "\u20ac10.90",
        "price_per_quantity": "(\u20ac93.97 / 1 kg)",
        "stock_availability": "",
        "description": "Perfectly reusable item for kids, containing 11 Mini Mentos rolls in Cola, Orange, Lemon and Strawberry. The pencil case is of highquality and the playful design makes this an item to keep for many years.",
        "primary_image": "https://www.heinemann-shop.com/medias/527Wx527H-null?context=bWFzdGVyfGltYWdlc3w0NTA4NnxpbWFnZS9qcGVnfGFHTmhMMmc0Tmk4eE1USTROakExT0RZek1URTVPQzgxTWpkWGVEVXlOMGhmYm5Wc2JBfDFjNWIwYjEyNGE0NmZlY2Q5ODNmNmJhNzQ2MDc1MzBiNmZjM2VmNWYxZDJkMzRlMmExYjdlOTNiOWIyNzQzNWU&v=1729321868322",
        "images": []
    },
    {
        "product_url": "https://www.heinemann-shop.com/en/global/jelly-bean/the-jelly-bean-f-mix-175g/p/000000000001515052/",
        "brand_name": "Jelly Bean",
        "brand_url": "https://www.heinemann-shop.com/en/global/jelly-bean/c/BRAND_3606/",
        "product_name": "The Jelly Bean F. Mix 175g",
        "quantity": "0.175\u00a0kg",
        "price": "\u20ac6.50",
        "price_per_quantity": "(\u20ac37.14 / 1 kg)",
        "stock_availability": "In stock, immediately available",
        "description": "The Jelly Bean Factory produces around 12 million gourmet beans daily in 36 different flavours, ranging from passion fruit to pi\u00f1a colada. Jelly Beans in several different flavours and packaging. The small beans has 100% natural taste and colors, they're gluten and gelatine free!",
        "primary_image": "https://www.heinemann-shop.com/medias/527Wx527H-null?context=bWFzdGVyfGltYWdlc3wzODgwMHxpbWFnZS9qcGVnfGFESmhMMmhtWlM4eE1USTROakExTWpjek1qazFPQzgxTWpkWGVEVXlOMGhmYm5Wc2JBfGQ4YThiN2ZkZTg4MDI2NWU3NzFlZTk5NWQwNWNkOWRiN2YwNTJjOGI2YzExNDE5MjU2NDE2ZWI4NDY1ZWUxNmY&v=1729321523135",
        "images": []
    },
    {
        "product_url": "https://www.heinemann-shop.com/en/global/kitkat/kitkat-senses-cookie-crumble-tablet-120g/p/000000000001511668/",
        "brand_name": "KitKat",
        "brand_url": "https://www.heinemann-shop.com/en/global/kitkat/c/BRAND_5024/",
        "product_name": "KitKat Senses Cookie Crumble Tablet 120g",
        "quantity": "0.12\u00a0kg",
        "price": "",
        "price_per_quantity": "(\u20ac54.08 / 1 kg)",
        "stock_availability": "",
        "description": "KitKat\u00ae Senses Cookie Crumble Tablet 120g.",
        "primary_image": "https://www.heinemann-shop.com/medias/527Wx527H-null?context=bWFzdGVyfGltYWdlc3w0NTQ3M3xpbWFnZS9qcGVnfGFEaGhMMmd6Wmk4eE1USTROakEwTnpZeU1URTFNQzgxTWpkWGVEVXlOMGhmYm5Wc2JBfDI0YmQ3ZDM1NTNiMmQwNDg2M2I3ODgxYWUzNWY2ZGQzYWRlYTQxZTZiZGViYTYxZmY1YzM3ZDI3ZGI3ZDk1Y2M&v=1729321215192",
        "images": []
    },
    {
        "product_url": "https://www.heinemann-shop.com/en/global/reber/reber-constanze-mozart-kugel-gift-tin-300g/p/000000000001372200/",
        "brand_name": "Reber",
        "brand_url": "https://www.heinemann-shop.com/en/global/reber/c/BRAND_2097/",
        "product_name": "Reber Constanze Mozart Kugel Gift Tin 300g",
        "quantity": "0.3\u00a0kg",
        "price": "\u20ac19.50",
        "price_per_quantity": "(\u20ac65.00 / 1 kg)",
        "stock_availability": "In stock, immediately available",
        "description": "Are your looking for the perfect gift for milk chocolate connoisseurs? You will find it with the exclusively designed Constanze\u00aeMozart-Kugel gift tin - filled with 15 Constanze\u00ae Mozart Kugeln made of fine pistachio marzipan and smooth melting hazelnut-praline, enrobed twice with smootn milk chocolate.",
        "primary_image": "https://www.heinemann-shop.com/medias/527Wx527H-null?context=bWFzdGVyfGltYWdlc3w2NzM5OHxpbWFnZS9qcGVnfGFEVmxMMmc0T0M4NU56WXhNVFU0TXpZMU1qRTBMelV5TjFkNE5USTNTRjl1ZFd4c3xkMzAxMzU2NzA1NmI1YTY4MTBhZGRhNjA3ZmZkZTlmMTMyMzkwYjBjY2NmYmRjYWQyZmVmZDdmMDVhOGJlNjZh&v=1683173108151",
        "images": []
    },
    {
        "product_url": "https://www.heinemann-shop.com/en/global/ritter-sport/ritter-sport-mini-tower-variety-250g/p/000000000001490481/",
        "brand_name": "Ritter Sport",
        "brand_url": "https://www.heinemann-shop.com/en/global/ritter-sport/c/BRAND_0476/",
        "product_name": "Ritter Sport Mini Tower Variety 250g",
        "quantity": "0.25\u00a0kg",
        "price": "\u20ac11.50",
        "price_per_quantity": "(\u20ac46.00 / 1 kg)",
        "stock_availability": "In stock, immediately available",
        "description": "No matter how diverse the choice of chocolates in Ritter Sport\u2019s mini tower, they have one thing in common: their unmistakably delicious Ritter Sport taste. Whether they contain roasted hazelnuts, fine marzipan, delicate praline, crispy cornflakes, crunchy organic shortbread biscuits or rich milk chocolate, these tiny squares are every bit as tasty as their 100g role models. The Ritter Sport mini tower has 15 stylishly packaged chocolates, making it wonderfully suited to give as a small present.",
        "primary_image": "https://www.heinemann-shop.com/medias/527Wx527H-null?context=bWFzdGVyfGltYWdlc3w0OTQ3MHxpbWFnZS9qcGVnfGFETTBMMmcyT1M4eE1USTRORGd4TlRRME5qQTBOaTgxTWpkWGVEVXlOMGhmYm5Wc2JBfGEwMzJjMjI3MDJhNzMwNGU3MGVjZTUzYTBjMzZjZDQzMjNiN2QyYjViMzU3N2I0MTAyYzA3NzA0YWViNTQwNzk&v=1729300614906",
        "images": []
    },
    {
        "product_url": "https://www.heinemann-shop.com/en/global/nutella/nutella-hazelnut-spread-with-cocoa-350g/p/000000000001308744/",
        "brand_name": "Nutella",
        "brand_url": "https://www.heinemann-shop.com/en/global/nutella/c/BRAND_4646/",
        "product_name": "Nutella hazelnut spread with cocoa 350g",
        "quantity": "0.35\u00a0kg",
        "price": "\u20ac7.70",
        "price_per_quantity": "(\u20ac22.00 / 1 kg)",
        "stock_availability": "In stock, immediately available",
        "description": "A simple way to show how much you care: a 350G Nutella jar wrapped in a gift box with a thoughtful message is the best way to make your loved one feel special.",
        "primary_image": "https://www.heinemann-shop.com/medias/527Wx527H-null?context=bWFzdGVyfGltYWdlc3w1NDQwNnxpbWFnZS9qcGVnfGFHTTBMMmd5TVM4eE1USTVPRFF6TURRMU1UYzBNaTgxTWpkWGVEVXlOMGhmYm5Wc2JBfDcwZjdjZWQ5NGE4NjY2OTBiMmY2MDI4MzcyZWZhM2U1ZmZkZTdiZWQzMWY4NGY2NmU2NmNmZGJmZGY5NjI1M2M&v=1729545714868",
        "images": [
            "https://www.heinemann-shop.com/medias/527Wx527H-null?context=bWFzdGVyfGltYWdlc3w1NDQwNnxpbWFnZS9qcGVnfGFHTTBMMmd5TVM4eE1USTVPRFF6TURRMU1UYzBNaTgxTWpkWGVEVXlOMGhmYm5Wc2JBfDcwZjdjZWQ5NGE4NjY2OTBiMmY2MDI4MzcyZWZhM2U1ZmZkZTdiZWQzMWY4NGY2NmU2NmNmZGJmZGY5NjI1M2M&v=1729545714868",
            "https://www.heinemann-shop.com/medias/527Wx527H-null?context=bWFzdGVyfGltYWdlc3w1Mjk4NnxpbWFnZS9qcGVnfGFHWXpMMmc0Tnk4eE1USTVPRFF6TVRNek5qUTNPQzgxTWpkWGVEVXlOMGhmYm5Wc2JBfDYyNzgzM2ZiOGUzOWMwMjM5ZmVmMTY0YmNjNzgxZDQ5ZTZhMDllZmNmNDdjYzA2M2I5OWQyMDk0ZGQ5NDc3M2E&v=1729545864321",
            "https://www.heinemann-shop.com/medias/527Wx527H-null?context=bWFzdGVyfGltYWdlc3w1NDE3M3xpbWFnZS9qcGVnfGFERmhMMmc0Wmk4eE1USTVPRFF6TVRVMk5UZzFOQzgxTWpkWGVEVXlOMGhmYm5Wc2JBfDg1YzI2ZDZmNzQ2ZGQ5OTJlMWFiYzY0YTllNGE0Y2FhOTdhYWY1NmRkN2M4ZjFjYmM3MGNjNmM3N2VhYWE3Y2Y&v=1729545875358"
        ]
    },
    {
        "product_url": "https://www.heinemann-shop.com/en/global/maoam/maoam-megabloxx-528g/p/000000000001473643/",
        "brand_name": "Maoam",
        "brand_url": "https://www.heinemann-shop.com/en/global/maoam/c/BRAND_5441/",
        "product_name": "Maoam Megabloxx 528g",
        "quantity": "0.528\u00a0kg",
        "price": "\u20ac11.90",
        "price_per_quantity": "(\u20ac22.54 / 1 kg)",
        "stock_availability": "In stock, immediately available",
        "description": "Perfect for those who can\u00b4t get enough of MAOAM! MegaBloxx is a giant version of the original Bloxx and it\u2019s full of fruitiness, right down to the last bite. Inside are eight delicious 66g fruit chews which are individually wrapped. They all come in 3 different flavours: Orange, Cola and Strawberry.",
        "primary_image": "https://www.heinemann-shop.com/medias/527Wx527H-null?context=bWFzdGVyfGltYWdlc3w0MTMyMHxpbWFnZS9qcGVnfGFESTFMMmc0WVM4eE1UWTNNVEEyTlRNeU9UWTVOQzgxTWpkWGVEVXlOMGhmYm5Wc2JBfDFjMTY1NzdmNWUzYTlmNzViNmU2MGYwNDIxODM5ZGE3NDc2MzBjZTE0YTExZmIxODFlMzZjNzI4YTZhZjBlZDU&v=1737582294306",
        "images": []
    },
    {
        "product_url": "https://www.heinemann-shop.com/en/global/ritter-sport/ritter-sport-choco-cubes-fruity-yoghurt-pouch-160g/p/000000000001618980/",
        "brand_name": "Ritter Sport",
        "brand_url": "https://www.heinemann-shop.com/en/global/ritter-sport/c/BRAND_0476/",
        "product_name": "Ritter Sport Choco Cubes Fruity Yoghurt Pouch 160g",
        "quantity": "0.16\u00a0kg",
        "price": "\u20ac7.30",
        "price_per_quantity": "(\u20ac45.62 / 1 kg)",
        "stock_availability": "In stock, immediately available",
        "description": "Let your taste buds sparkle - with our new fruity yogurt Chocolate Trio. Discover a fresh burst of flavour with our Ritter Sport Choco Cubes, where yogurt and berries take center stage. Immerse your taste buds in the refreshing tang of strawberry yogurt, the vibrant burst of currant yogurt, and the pure simplicity of plain yogurt, all enrobed in delicious chocolate. With every bite, savour the perfect balance of creamy yogurt and juicy berries, creating a truly unforgettable chocolate experience. Indulge in the harmony ofyogurt and berries with our delicious Ritter Sport Choco Cubes Fruity Yogurt Mix . The Ritter Sport Choco Cube bag contains a mix of20 Choco Cubes and is perfect for sharing with family and friends. If only they weren\u2019t always polished off so quickly \u2026",
        "primary_image": "https://www.heinemann-shop.com/medias/527Wx527H-null?context=bWFzdGVyfGltYWdlc3w1OTMwMHxpbWFnZS9qcGVnfGFEZ3lMMmhtTlM4eE1USTROVEU0TXpJNU9UWXhOQzgxTWpkWGVEVXlOMGhmYm5Wc2JBfGMwNDIzNjhiNWY0YTM3NWYxMWJlZDZmOTQ3ODdhZDYxN2NiNDcyYzcxNGMxNWMyYWFhNTZlOTIzMzM0MDk3NmI&v=1729307762503",
        "images": []
    },
    {
        "product_url": "https://www.heinemann-shop.com/en/global/lindt/lindt-lindor-gift-box-assorted-chocolates-287g/p/000000000001618325/",
        "brand_name": "Lindt",
        "brand_url": "https://www.heinemann-shop.com/en/global/lindt/c/BRAND_1486/",
        "product_name": "Lindt Lindor Gift Box assorted chocolates 287g",
        "quantity": "0.287\u00a0kg",
        "price": "",
        "price_per_quantity": "(\u20ac93.73 / 1 kg)",
        "stock_availability": "",
        "description": "Discover Lindor and enjoy a moment that is yours. When you break Lindor's delicate shell, the irresistibly smooth filling starts tomelt, gently caressing all your senses and taking you to a place where chocolate dreams come true. The LINDOR Assorted Gift Box is the perfect gift. The exquisitely wrapped box, complete with beautiful ribbon and bow, is sure to impress your loved ones.",
        "primary_image": "https://www.heinemann-shop.com/medias/527Wx527H-null?context=bWFzdGVyfGltYWdlc3w3MjAxNXxpbWFnZS9qcGVnfGFEVTNMMmd6TXk4eE1USTROakkzT1RReU1UazRNaTgxTWpkWGVEVXlOMGhmYm5Wc2JBfGQ5MGVlZGU0NTA0Njc3ZmI1OTlmMWYwYzBjYTVkZDM3ZjgwMGE0NzM5YjBmMDEzNWM4YzVmNTg5NmEzNjMyODY&v=1729323294101",
        "images": []
    },
    {
        "product_url": "https://www.heinemann-shop.com/en/global/guylian/guylian-master-selection-185g/p/000000000001537521/",
        "brand_name": "Guylian",
        "brand_url": "https://www.heinemann-shop.com/en/global/guylian/c/BRAND_1409/",
        "product_name": "Guylian Master Selection 185g",
        "quantity": "0.185\u00a0kg",
        "price": "\u20ac19.90",
        "price_per_quantity": "(\u20ac107.57 / 1 kg)",
        "stock_availability": "In stock, immediately available",
        "description": "Delight your senses with our premium assortment of Belgian pralines, inspired by the expertise and creativity of Guylian\u2019s Master Chocolatiers and crafted with carefully selected ingredients of the highest quality. We purchase 100% of the cocoa for all Guylian chocolates from fairtrade producers to ensure that local farmers receive a guaranteed price for their cocoa beans production. All Guylian chocolates are palm and soy free and we only use 100% ingredients of natural origin. This box is filled with small masterpieces.",
        "primary_image": "https://www.heinemann-shop.com/medias/527Wx527H-null?context=bWFzdGVyfGltYWdlc3w0NDI0NXxpbWFnZS9qcGVnfGFEa3dMMmd3WlM4eE1UYzROak01TWprMk1UQTFOQzgxTWpkWGVEVXlOMGhmYm5Wc2JBfGQ5MjBjZDVkNTkzNmY4Mzk5YmU3OTY3ZTdhYTAwZGIyYWQ2NmEzNGZjMWE3N2M4ODRhOWQ1NDdiMjY4ODc0NWY&v=1739914993667",
        "images": []
    },
    {
        "product_url": "https://www.heinemann-shop.com/en/global/guylian/guylian-master-selection-117g/p/000000000001537520/",
        "brand_name": "Guylian",
        "brand_url": "https://www.heinemann-shop.com/en/global/guylian/c/BRAND_1409/",
        "product_name": "Guylian Master Selection 117g",
        "quantity": "0.117\u00a0kg",
        "price": "\u20ac14.90",
        "price_per_quantity": "(\u20ac127.35 / 1 kg)",
        "stock_availability": "In stock, immediately available",
        "description": "Delight your senses with our premium assortment of Belgian pralines, inspired by the expertise and creativity of Guylian\u2019s Master Chocolatiers and crafted with carefully selected ingredients of the highest quality. We purchase 100% of the cocoa for all Guylian chocolates from fairtrade producers to ensure that local farmers receive a guaranteed price for their cocoa beans production. All Guylian chocolates are palm and soy free and we only use 100% ingredients of natural origin. This box is filled with small masterpieces.",
        "primary_image": "https://www.heinemann-shop.com/medias/527Wx527H-null?context=bWFzdGVyfGltYWdlc3wzODY2OXxpbWFnZS9qcGVnfGFHTmtMMmd3TlM4eE1UYzROak01TWpNM01USXpNQzgxTWpkWGVEVXlOMGhmYm5Wc2JBfDczNTVjYWE2MzQxZGQwYWNhMzE4Njg4ODExY2E3M2FhZjZhMjQ2NTJhMzcxYjZkN2U5ZDc1MDJjMDU4MTdlNGU&v=1739914963867",
        "images": []
    },
    {
        "product_url": "https://www.heinemann-shop.com/en/global/kinder/kinder-milk-chocolate-with-milk-filling-in-a-pencil-case/p/000000000001638369/",
        "brand_name": "Kinder",
        "brand_url": "https://www.heinemann-shop.com/en/global/kinder/c/BRAND_4645/",
        "product_name": "Kinder milk chocolate with milk filling in a pencil case",
        "quantity": "0.2\u00a0kg",
        "price": "\u20ac13.90",
        "price_per_quantity": "(\u20ac69.50 / 1 kg)",
        "stock_availability": "In stock, immediately available",
        "description": "The new kids favorite pencil case in the shape of the iconic Kinder Chocolate bar!",
        "primary_image": "https://www.heinemann-shop.com/medias/527Wx527H-null?context=bWFzdGVyfGltYWdlc3wzODIyOXxpbWFnZS9qcGVnfGFEbGtMMmc0TUM4eE1USTVPRGs0TmpjNE5qZzBOaTgxTWpkWGVEVXlOMGhmYm5Wc2JBfGQ2OGRhOWNhZjIwZTMxNzg0YWQwYTEzODU3MmVhN2RiOTkxZThkNWZjZjFmNGEwOTk5MjAxODVkMjJjNjhkZGQ&v=1729549468207",
        "images": []
    },
    {
        "product_url": "https://www.heinemann-shop.com/en/global/ritter-sport/ritter-sport-vegan-tower-with-5-bars-in-5-different-flavors-500g/p/000000000001618872/",
        "brand_name": "Ritter Sport",
        "brand_url": "https://www.heinemann-shop.com/en/global/ritter-sport/c/BRAND_0476/",
        "product_name": "Ritter Sport Vegan Tower with 5 bars in 5 different flavors 500g",
        "quantity": "0.5\u00a0kg",
        "price": "\u20ac24.90",
        "price_per_quantity": "(\u20ac49.80 / 1 kg)",
        "stock_availability": "In stock, immediately available",
        "description": "YES, VEGAN! When you eat chocolate, you want to enjoy it. Really enjoy it, with full flavour, without doubt, without anything. Fromthe first bite to the last crumb.",
        "primary_image": "https://www.heinemann-shop.com/medias/527Wx527H-null?context=bWFzdGVyfGltYWdlc3w2OTUxNXxpbWFnZS9qcGVnfGFETXpMMmhpT0M4eE1UVXdPRGd4TVRVMk16QXpPQzgxTWpkWGVEVXlOMGhmYm5Wc2JBfGEyYTFkZTI0ZmMzNjBhODYyOTE3MzZiM2YzNzA4NjA1ZjExZTUwNmIyMjRhYjAyNWVjOGNlZjk4YWZhZWMzMjA&v=1734125584277",
        "images": []
    },
    {
        "product_url": "https://www.heinemann-shop.com/en/global/chupa-chups/chupa-chups-fun-and-friends-48g/p/000000000001496537/",
        "brand_name": "Chupa Chups",
        "brand_url": "https://www.heinemann-shop.com/en/global/chupa-chups/c/BRAND_1707/",
        "product_name": "Chupa Chups Fun and Friends 48g",
        "quantity": "0.048\u00a0kg",
        "price": "",
        "price_per_quantity": "(\u20ac227.08 / 1 kg)",
        "stock_availability": "",
        "description": "Brand new are the Chupa Chups \u2018Fun & Friends\u2019 \u2013 8 mini lollipops in Fox, Duck and Dog plush pouches. A perfect addition to the gifting sector and the cash till point.",
        "primary_image": "https://www.heinemann-shop.com/medias/527Wx527H-null?context=bWFzdGVyfGltYWdlc3w0NjY2MHxpbWFnZS9qcGVnfGFEUTBMMmhoTVM4eE1USTROakEwTlRJMk1UZzFOQzgxTWpkWGVEVXlOMGhmYm5Wc2JBfDdhZGE5MmQ0N2YyOWVjZTg3MTE3YTRjZTEzNzgwYmMxNDEwYzY1NTRmYjdmMjY1YTk1MWZjNjhlOTY3OTFiZWQ&v=1729321091497",
        "images": []
    },
    {
        "product_url": "https://www.heinemann-shop.com/en/global/lindt/lindt-assorted-napolitains-carrier-box-500g/p/000000000000078702/",
        "brand_name": "Lindt",
        "brand_url": "https://www.heinemann-shop.com/en/global/lindt/c/BRAND_1486/",
        "product_name": "Lindt Assorted Napolitains Carrier Box 500g",
        "quantity": "0.5\u00a0kg",
        "price": "\u20ac24.90",
        "price_per_quantity": "(\u20ac49.80 / 1 kg)",
        "stock_availability": "In stock, immediately available",
        "description": "Enjoy six premium varieties of exquisite NAPS presented in this easy-to-carry gift box. Spoil yourself and all the chocolate lovers you know with the finest Swiss milk, hazelnut, dark and white-crisp chocolate, and LINDOR milk and milk-crisp flavours.",
        "primary_image": "https://www.heinemann-shop.com/medias/527Wx527H-null?context=bWFzdGVyfGltYWdlc3wxNDU3NzF8aW1hZ2UvanBlZ3xhRGcxTDJnd055OHhNVEk0TlRNek1EQXdNVGsxTUM4MU1qZFhlRFV5TjBoZmJuVnNiQXw3NmQ1OWRlNWExZTQxMWQ4MGZlNjg0OWNjNDIxYTcxZGQxNzhiZDUyYzIzZmM1NDA1ZWM3Y2I3ZjZjOGM1ZWI4&v=1729311813770",
        "images": []
    },
    {
        "product_url": "https://www.heinemann-shop.com/en/global/ritter-sport/ritter-sport-mini-nut-tower-200g/p/000000000001490480/",
        "brand_name": "Ritter Sport",
        "brand_url": "https://www.heinemann-shop.com/en/global/ritter-sport/c/BRAND_0476/",
        "product_name": "Ritter Sport Mini Nut Tower 200g",
        "quantity": "0.2\u00a0kg",
        "price": "\u20ac11.50",
        "price_per_quantity": "(\u20ac57.50 / 1 kg)",
        "stock_availability": "In stock, immediately available",
        "description": "Attention nut lovers: Just like the famous 100g Nut Selection Ritter Sport now offers the crunchy roasted whole hazelnuts coated in fine milk chocolate, dark chocolate and white chocolate in the beloved mini format. The Ritter Sport mini nut tower contains 12 chocolates making it a wonderful suited small present or the kind of carry on you always find a little space for.",
        "primary_image": "https://www.heinemann-shop.com/medias/527Wx527H-null?context=bWFzdGVyfGltYWdlc3w0NTg1OHxpbWFnZS9qcGVnfGFEUTJMMmhsTkM4eE1USTRORGd3T0RneU5qa3hNQzgxTWpkWGVEVXlOMGhmYm5Wc2JBfGMwOTU3NzBhMzExY2E5OTAyODhiNTc4Zjg1NWU4NjlkY2E0ZjQ2ZjY5ZWQxNTJmN2U1NzI4Mzg3NjBkNDQxNGI&v=1729299938494",
        "images": []
    },
    {
        "product_url": "https://www.heinemann-shop.com/en/global/ritter-sport/ritter-sport-tower-variety-1000g/p/000000000001490305/",
        "brand_name": "Ritter Sport",
        "brand_url": "https://www.heinemann-shop.com/en/global/ritter-sport/c/BRAND_0476/",
        "product_name": "Ritter Sport Tower Variety 1000g",
        "quantity": "1\u00a0kg",
        "price": "\u20ac33.90",
        "price_per_quantity": "(\u20ac33.90 / 1 kg)",
        "stock_availability": "In stock, immediately available",
        "description": "Globetrotters can now travel the culinary world. This exclusive selection of Ritter Sport contains 10 tasty chocolate varieties filled with the best ingredients from different countries: Dark Chocolate, Marzipan, Cornflakes, Strawberry Creme, Fine Milk Chocolate, Peppermint, Alpine Milk Chocolate, Praline, Butter Biscuit, Raisins Hazelnuts.",
        "primary_image": "https://www.heinemann-shop.com/medias/527Wx527H-null?context=bWFzdGVyfGltYWdlc3w2NjMxNXxpbWFnZS9qcGVnfGFERm1MMmhrTUM4eE1USTRORGd3TkRRMk9EYzJOaTgxTWpkWGVEVXlOMGhmYm5Wc2JBfDU4YTQ5YTRlZjg4ZDJkNTQ2OWRhOWRiNmVmN2QxMTVmZTdkYWU5ZDdhMWIyZDhmOTY1NjZkNDc5YzA2NmFmZjI&v=1729299378588",
        "images": []
    },
    {
        "product_url": "https://www.heinemann-shop.com/en/global/toblerone/toblerone-crunchy-almonds-360g/p/000000000001186775/",
        "brand_name": "Toblerone",
        "brand_url": "https://www.heinemann-shop.com/en/global/toblerone/c/BRAND_0485/",
        "product_name": "Toblerone Crunchy Almonds 360g",
        "quantity": "0.36\u00a0kg",
        "price": "\u20ac9.90",
        "price_per_quantity": "(\u20ac27.50 / 1 kg)",
        "stock_availability": "In stock, immediately available",
        "description": "Enjoy Toblerone, the iconic triangular chocolate from Switzerland, with a twist. The beloved Toblerone milk chocolate is now enriched with the crunchiness of caramelised almonds and a surprising sprinkling of salt. This travel-exclusive pack contains 360g Toblerone Crunchy Almonds \u2013 a perfect gift with a surprising taste. Made in Switzerland.",
        "primary_image": "https://www.heinemann-shop.com/medias/527Wx527H-null?context=bWFzdGVyfGltYWdlc3wzNzAwNXxpbWFnZS9qcGVnfGFHRmtMMmc0WXk4eE1EVXlPRGN4TXpnek5EVXlOaTgxTWpkWGVEVXlOMGhmYm5Wc2JBfDdhY2I4MDhkNjQ3ZTk3NjRmOGViMDMxNzYyYWQ2NTliYmZiODFiMmVhZDU4ZWNhMTNhYmViN2JlZmUyZGM4MDk&v=1712263573494",
        "images": []
    },
    {
        "product_url": "https://www.heinemann-shop.com/en/global/skittles/skittles-fruits-pouch-tin-195g/p/000000000001308736/",
        "brand_name": "Skittles",
        "brand_url": "https://www.heinemann-shop.com/en/global/skittles/c/BRAND_5050/",
        "product_name": "Skittles Fruits pouch Tin 195g",
        "quantity": "0.195\u00a0kg",
        "price": "\u20ac11.50",
        "price_per_quantity": "(\u20ac58.97 / 1 kg)",
        "stock_availability": "In stock, immediately available",
        "description": "World\u2019s best \u2013 red, yellow, purple, green & blue \u2013 gift! This awesome Skittles Tin with a bag full of fruit chewy bite-sized candy with a colorful candy shell, is seriously the best gift under the Rainbow! Skittles candies have been enjoyed by fans for decades. Give the Rainbow, Taste the Rainbow.",
        "primary_image": "https://www.heinemann-shop.com/medias/527Wx527H-null?context=bWFzdGVyfGltYWdlc3w1MTEzOHxpbWFnZS9qcGVnfGFEY3pMMmczWmk4NU56VTVPREkyT1RNMU9ETTRMelV5TjFkNE5USTNTRjl1ZFd4c3w2MTkxYTcxOGEzODI3ODQ3Mzc1YzVjYTU2Y2FmZGE0YjM2YmEzNjgyMGM2ZDE3NzYxY2M5MDc3NDYxYTYzMGU2&v=1682724320122",
        "images": []
    },
    {
        "product_url": "https://www.heinemann-shop.com/en/global/niederegger/niederegger-suitcase-with-marzipan-classics-200g/p/000000000001240650/",
        "brand_name": "Niederegger",
        "brand_url": "https://www.heinemann-shop.com/en/global/niederegger/c/BRAND_1439/",
        "product_name": "Niederegger Suitcase with Marzipan classics 200g",
        "quantity": "0.2\u00a0kg",
        "price": "\u20ac17.90",
        "price_per_quantity": "(\u20ac89.50 / 1 kg)",
        "stock_availability": "In stock, immediately available",
        "description": "Niederegger offers a high-quality metal suitcase filled to brim with delicious marzipan classics - the perfect gift for loved ones at home.",
        "primary_image": "https://www.heinemann-shop.com/medias/527Wx527H-null?context=bWFzdGVyfGltYWdlc3w1OTI5MnxpbWFnZS9qcGVnfGFEWXlMMmhqWkM4eE1UYzRPVGc0TnpjMk5qVTFPQzgxTWpkWGVEVXlOMGhmYm5Wc2JBfDQ4MTc5MzM1MzU3MjkxN2FlM2Q0NDRhOGRjMmQ5NDQ4YTU1ODFhMjY5OTI5ZDE5ZGI3NWJjMGQ0MDkzNTI4NTA&v=1740000507032",
        "images": []
    },
    {
        "product_url": "https://www.heinemann-shop.com/en/global/mentos/mentos-jumboroll-mint-8x37g/p/000000000001280885/",
        "brand_name": "Mentos",
        "brand_url": "https://www.heinemann-shop.com/en/global/mentos/c/BRAND_2323/",
        "product_name": "Mentos Jumboroll Mint 8x37g",
        "quantity": "0.296\u00a0kg",
        "price": "\u20ac8.90",
        "price_per_quantity": "(\u20ac30.07 / 1 kg)",
        "stock_availability": "In stock, immediately available",
        "description": "The classic mint candy. Famous all voer the world for its crunchy freshness! Each Jumboroll contains 8 single rolls.",
        "primary_image": "https://www.heinemann-shop.com/medias/527Wx527H-null?context=bWFzdGVyfGltYWdlc3wzNTQ1MHxpbWFnZS9qcGVnfGFEWmtMMmhsT0M4eE1USTROVFk1TVRreU5EVXhNQzgxTWpkWGVEVXlOMGhmYm5Wc2JBfGQ1NzI4MGY4YThhOWYxMmMwMzhkMzc1Y2MwY2RlYmNiOTk0NDFkM2YzNjZmNDkzODA4MzZkMmRjNzIyMWI5ZTA&v=1729317966948",
        "images": []
    },
    {
        "product_url": "https://www.heinemann-shop.com/en/global/toblerone/toblerone-dark-360g/p/000000000001186774/",
        "brand_name": "Toblerone",
        "brand_url": "https://www.heinemann-shop.com/en/global/toblerone/c/BRAND_0485/",
        "product_name": "Toblerone Dark 360g",
        "quantity": "0.36\u00a0kg",
        "price": "\u20ac9.90",
        "price_per_quantity": "(\u20ac27.50 / 1 kg)",
        "stock_availability": "In stock, immediately available",
        "description": "Enjoy Toblerone, the iconic triangular chocolate from Switzerland with Honey and Almond Nougat. This travel-exclusive pack contains 360g Toblerone Dark Chocolate \u2013 a perfect gift for anyone who loves dark chocolate. Made in Switzerland.",
        "primary_image": "https://www.heinemann-shop.com/medias/527Wx527H-null?context=bWFzdGVyfGltYWdlc3wzMzc2MnxpbWFnZS9qcGVnfGFEUXlMMmc1Tmk4eE1ERTRNRGc1TXprMk5qTTJOaTgxTWpkWGVEVXlOMGhmYm5Wc2JBfDNlYTA2Mjc0MGI4NDJiZDQzMTUzZWQzOTEzNDA4NmZlYTE3MTA5ZWQ2YjdmN2RiYTNlN2E0ZTY5MWQ2NzdkN2Y&v=1704320874416",
        "images": []
    },
    {
        "product_url": "https://www.heinemann-shop.com/en/global/geisha/geisha-420g/p/000000000001307137/",
        "brand_name": "Geisha",
        "brand_url": "https://www.heinemann-shop.com/en/global/geisha/c/BRAND_5431/",
        "product_name": "Geisha 420g",
        "quantity": "0.42\u00a0kg",
        "price": "\u20ac13.50",
        "price_per_quantity": "(\u20ac32.14 / 1 kg)",
        "stock_availability": "In stock, immediately available",
        "description": "Give your loved ones a bit of time together and bring out some delicious Geisha chocolates. Their milk chocolate coating conceals a crunchy hazelnut filling. Traveller Exclusive.",
        "primary_image": "https://www.heinemann-shop.com/medias/527Wx527H-null?context=bWFzdGVyfGltYWdlc3w1Mzk3NHxpbWFnZS9qcGVnfGFEWTJMMmhpTUM4eE1UYzROak00TnprME56VTFNQzgxTWpkWGVEVXlOMGhmYm5Wc2JBfGQwNDU0OTI5Mjk0NzAzMTlkMDczODQyMDI0ZmU4Zjk3NzNhMDA5ODE0YzZmNDdjN2I1ODMxNWQ1MGNmMTc3YTM&v=1739914574142",
        "images": []
    },
    {
        "product_url": "https://www.heinemann-shop.com/en/global/toblerone/toblerone-white-360g/p/000000000001186772/",
        "brand_name": "Toblerone",
        "brand_url": "https://www.heinemann-shop.com/en/global/toblerone/c/BRAND_0485/",
        "product_name": "Toblerone White 360g",
        "quantity": "0.36\u00a0kg",
        "price": "\u20ac9.90",
        "price_per_quantity": "(\u20ac27.50 / 1 kg)",
        "stock_availability": "In stock, immediately available",
        "description": "Enjoy Toblerone, the iconic triangular chocolate from Switzerland with Honey and Almond Nougat. This travel-exclusive pack contains 360g Toblerone White Chocolate \u2013 a perfect gift for anyone who loves white chocolate. Made in Switzerland.",
        "primary_image": "https://www.heinemann-shop.com/medias/527Wx527H-null?context=bWFzdGVyfGltYWdlc3wzMDY1MXxpbWFnZS9qcGVnfGFETXlMMmhoT0M4eE1EVXlPRGN4TXpBeE5UTXlOaTgxTWpkWGVEVXlOMGhmYm5Wc2JBfDQ4MmZjOTdkODM5NmExZTE2MmEyYmE0ZWU0ZTA2YTE2NTE4MWVmOWU3N2UzM2M2Mjk2OTQ3OGY5NGMxMTNlNGM&v=1712263470658",
        "images": []
    },
    {
        "product_url": "https://www.heinemann-shop.com/en/global/milka/milka-300g-choco-wafer/p/000000000001625502/",
        "brand_name": "Milka",
        "brand_url": "https://www.heinemann-shop.com/en/global/milka/c/BRAND_0831/",
        "product_name": "MILKA 300G CHOCO WAFER",
        "quantity": "0.3\u00a0kg",
        "price": "\u20ac13.50",
        "price_per_quantity": "(\u20ac45.00 / 1 kg)",
        "stock_availability": "In stock, immediately available",
        "description": "Individually wrapped wafers with cocoa filling covered in Alpine milk chocolate.",
        "primary_image": "https://www.heinemann-shop.com/medias/527Wx527H-null?context=bWFzdGVyfGltYWdlc3w2MjYyMXxpbWFnZS9qcGVnfGFERXhMMmhqWWk4eE1EUTJOekkwTXprNE1qZzNPQzgxTWpkWGVEVXlOMGhmYm5Wc2JBfDA4YmYwNjM0MTkyMmQzZWY5YTc2ZGI0MGZmZTAyMzM2Y2MxYTU4YTc5Y2U4MzhiNzViMGE1Y2ZlYjNiZDMyNjY&v=1711069030337",
        "images": []
    },
    {
        "product_url": "https://www.heinemann-shop.com/en/global/kitkat/nestle-kitkat-destination-break-6x41-5g/p/000000000001627661/",
        "brand_name": "KitKat",
        "brand_url": "https://www.heinemann-shop.com/en/global/kitkat/c/BRAND_5024/",
        "product_name": "NESTLE KITKAT Destination Break 6x41 5g",
        "quantity": "0.249\u00a0kg",
        "price": "\u20ac14.50",
        "price_per_quantity": "(\u20ac58.23 / 1 kg)",
        "stock_availability": "",
        "description": "Wherever your travels take you, take home a piece of your adventure with the NESTLE KITKAT 4F Travel Gift Box. This eye-catching gift box contains six 4 Finger KITKAT bars, the perfect gift to share with friends and family back home. Four fingers of crispy wafer with a perfectly satisfying crunch in every bite, covered in deliciously smooth milk chocolate. Open, break, snap and enjoy - together.",
        "primary_image": "https://www.heinemann-shop.com/medias/527Wx527H-null?context=bWFzdGVyfGltYWdlc3w3ODE0M3xpbWFnZS9qcGVnfGFEQXhMMmc1WWk4eE1USTROak01TmpneU9UY3lOaTgxTWpkWGVEVXlOMGhmYm5Wc2JBfDk0MmIxMTRiYjBmMTE0NmZjYTNmZWE3MmNmNGExYWIzZDE4NTI5MTNmMWQ3Y2JmM2EzMzI2NDQ4NmRkYWExMTc&v=1729324306593",
        "images": []
    },
    {
        "product_url": "https://www.heinemann-shop.com/en/global/lindt/lindt-lindor-tube-assorted-400g/p/000000000000737753/",
        "brand_name": "Lindt",
        "brand_url": "https://www.heinemann-shop.com/en/global/lindt/c/BRAND_1486/",
        "product_name": "Lindt Lindor Tube Assorted 400g",
        "quantity": "0.4\u00a0kg",
        "price": "\u20ac23.90",
        "price_per_quantity": "(\u20ac59.75 / 1 kg)",
        "stock_availability": "In stock, immediately available",
        "description": "Discover LINDOR and enjoy a moment that is yours. When you break LINDOR's delicate shell, the irresistibly smooth filling starts to melt, gently caressing all your senses and taking you to a place where chocolate dreams come true. The attractive golden LINDOR tube contains an assortment of four different varieties of irresistibly smooth LINDOR Balls (milk, white, dark, hazelnut).",
        "primary_image": "https://www.heinemann-shop.com/medias/527Wx527H-null?context=bWFzdGVyfGltYWdlc3w1OTU5MXxpbWFnZS9qcGVnfGFEVXdMMmczTmk4eE1USTROVFUxTmpFd01URTFNQzgxTWpkWGVEVXlOMGhmYm5Wc2JBfGUxMmExN2E3ZThhYTU4ZWY5MzM4OTE0ZTE1ZjJjMGI2MDUyNTA3ZWMxNjljYWI3MzM3NWZjNjM1MjcwOTlmZWM&v=1729314731579",
        "images": []
    },
    {
        "product_url": "https://www.heinemann-shop.com/en/global/milka/milka-lu-pouch-280g/p/000000000001625504/",
        "brand_name": "Milka",
        "brand_url": "https://www.heinemann-shop.com/en/global/milka/c/BRAND_0831/",
        "product_name": "MILKA LU POUCH 280G",
        "quantity": "0.28\u00a0kg",
        "price": "\u20ac13.50",
        "price_per_quantity": "(\u20ac48.21 / 1 kg)",
        "stock_availability": "In stock, immediately available",
        "description": "The delicious Milka LU biscuits is a perfect combination - crunchy LU biscuits surrounded by delicate Milka chocolate. A small delicious snack, perfect for sharing with others!",
        "primary_image": "https://www.heinemann-shop.com/medias/527Wx527H-null?context=bWFzdGVyfGltYWdlc3w2NDI0OXxpbWFnZS9qcGVnfGFHRTFMMmhrT1M4eE1EUTJOekkwTkRVd056RTJOaTgxTWpkWGVEVXlOMGhmYm5Wc2JBfDdhMmMxZmZmYTAzMGVkOTI2NjQwYWRjYmQwYTdhODc3MGY3NWE1YjU2NmE0Y2E0YWI0OTkyM2FhN2M4MDAwOGQ&v=1711069057146",
        "images": []
    },
    {
        "product_url": "https://www.heinemann-shop.com/en/global/milka/mka-294g-choco-grains-pouch/p/000000000001625503/",
        "brand_name": "Milka",
        "brand_url": "https://www.heinemann-shop.com/en/global/milka/c/BRAND_0831/",
        "product_name": "MKA 294G CHOCO GRAINS POUCH",
        "quantity": "0.294\u00a0kg",
        "price": "\u20ac13.50",
        "price_per_quantity": "(\u20ac45.92 / 1 kg)",
        "stock_availability": "In stock, immediately available",
        "description": "Milka Chocograins Pouch is filled with crunchy oat biscuits covered with the favorite alpine milk chocolate",
        "primary_image": "https://www.heinemann-shop.com/medias/527Wx527H-null?context=bWFzdGVyfGltYWdlc3w2Mzg5NXxpbWFnZS9qcGVnfGFEY3pMMmhsTXk4eE1EUTJOekkwTkRJME5UQXlNaTgxTWpkWGVEVXlOMGhmYm5Wc2JBfDg5NDczZGI4MmM1Njk0NTM1ODM2YWMxZGJlNWRiNTY3NzQ4MTlkMGRmY2ZhNzYyODE1NmZkOGQwZDU5ZTExNzU&v=1711069043482",
        "images": []
    },
    {
        "product_url": "https://www.heinemann-shop.com/en/global/lindt/lindt-swiss-masterpieces-dark-chocolate-pralines-140g/p/000000000001618324/",
        "brand_name": "Lindt",
        "brand_url": "https://www.heinemann-shop.com/en/global/lindt/c/BRAND_1486/",
        "product_name": "Lindt Swiss Masterpieces dark chocolate pralines 140g",
        "quantity": "0.14\u00a0kg",
        "price": "",
        "price_per_quantity": "(\u20ac192.14 / 1 kg)",
        "stock_availability": "",
        "description": "Discover our Lindt Swiss Masterpieces, exquisite dark chocolate pralines carefully crafted with passion and know-how by our Lindt Swiss Master Chocolatiers and delicately selected to create an unparalleled indulgence. For each recipe, we combined the finest Lindtdark chocolate with high quality ingredients to create masterpieces which delight the senses.",
        "primary_image": "https://www.heinemann-shop.com/medias/527Wx527H-null?context=bWFzdGVyfGltYWdlc3w1OTgzMXxpbWFnZS9qcGVnfGFEaGtMMmcwTUM4eE1USTROakkzT1RBMk1UVXpOQzgxTWpkWGVEVXlOMGhmYm5Wc2JBfGU3ODk1YTU2MDUzNjk2NjgwMTcwNGY2OGE5MDIyNzA5NDM3ZGI1OTg2ZThhYTk5YWVlMzc2MjU3NDRkOTAxYmI&v=1729323272447",
        "images": []
    },
    {
        "product_url": "https://www.heinemann-shop.com/en/global/haribo/haribo-giant-roulette-fruit-gums-with-fruit-cola-and-sour-fruit-flavours-225g/p/000000000001618145/",
        "brand_name": "Haribo",
        "brand_url": "https://www.heinemann-shop.com/en/global/haribo/c/BRAND_1079/",
        "product_name": "HARIBO Giant Roulette fruit gums with fruit, cola and sour fruit flavours 225g",
        "quantity": "0.225\u00a0kg",
        "price": "\u20ac7.90",
        "price_per_quantity": "(\u20ac35.11 / 1 kg)",
        "stock_availability": "In stock, immediately available",
        "description": "The colourful HARIBO Giant Roulette Multi Flavours is back! The appealing new version of the Giant Roulette Travel Edition is bright on the eye and bursting with flavour. Inside the handy XXL tube you will find five iconic and beloved Mega Roulette rolls - cola, fruit and sour. The mix of flavour choices ensures everyone gets their favourite and the convenience of 5 individually wrapped Mega Roulettes makes Giant Roulette perfect for sharing. The sturdy tube is easily stored in a pocket or bag and keeps the flavours freshon even the longest journey.",
        "primary_image": "https://www.heinemann-shop.com/medias/527Wx527H-null?context=bWFzdGVyfGltYWdlc3w1MjAzMXxpbWFnZS9qcGVnfGFERmxMMmcxTmk4eE1USTROakk1TURFek56RXhPQzgxTWpkWGVEVXlOMGhmYm5Wc2JBfDIyZDAwNDQwNWQ2ZTA2ZmMwMDc0ZDE3MmQ2Nzk5ODA5Y2U5NGM2YTVjOGUzZDIyODgyZDdiMjU0ZDJlZjJmZGU&v=1729323887842",
        "images": []
    },
    {
        "product_url": "https://www.heinemann-shop.com/en/global/haribo/haribo-maoam-duo-pack-sour-mix-of-fruit-gums-and-chewy-sweets/p/000000000001575080/",
        "brand_name": "Haribo",
        "brand_url": "https://www.heinemann-shop.com/en/global/haribo/c/BRAND_1079/",
        "product_name": "HARIBO & MAOAM DUO PACK SOUR mix of fruit gums and chewy sweets",
        "quantity": "0.653\u00a0kg",
        "price": "\u20ac15.50",
        "price_per_quantity": "(\u20ac23.74 / 1 kg)",
        "stock_availability": "In stock, immediately available",
        "description": "For the first time in travel retail, two beloved brands,",
        "primary_image": "https://www.heinemann-shop.com/medias/527Wx527H-null?context=bWFzdGVyfGltYWdlc3wxMDUwMDl8aW1hZ2UvanBlZ3xhRFE1TDJnM1pTOHhNVEk0TmpJM01UUXlOalU1TUM4MU1qZFhlRFV5TjBoZmJuVnNiQXxkN2I5MDg4Y2M0MDI1YTQ5ZmI4M2Q4ODkyNmRkN2IwNTBlNTk5NTQ3NTgyNjg3YmZmOWM4OWJkYjM2YzIxMmU0&v=1729322803498",
        "images": []
    },
    {
        "product_url": "https://www.heinemann-shop.com/en/global/oreo/oreo-golden-bag-286g/p/000000000001625505/",
        "brand_name": "Oreo",
        "brand_url": "https://www.heinemann-shop.com/en/global/oreo/c/BRAND_4182/",
        "product_name": "Oreo Golden Bag 286g",
        "quantity": "0.286\u00a0kg",
        "price": "\u20ac10.50",
        "price_per_quantity": "(\u20ac36.71 / 1 kg)",
        "stock_availability": "In stock, immediately available",
        "description": "Enjoy vanilla flavoured cookie Oreo Golden with this travel exclusive pouch - perfect to share with friends and family either on the go or as a gift.",
        "primary_image": "https://www.heinemann-shop.com/medias/527Wx527H-null?context=bWFzdGVyfGltYWdlc3w3MzIxNHxpbWFnZS9qcGVnfGFHRmhMMmd3TkM4eE1USTBOell3T1RJME9UZ3lNaTgxTWpkWGVEVXlOMGhmYm5Wc2JBfGQ2MWRhYTgxNWE3NmU0NjdhOTk5YzRlNTJlNmY1NjA4ZjQ3NzU1ZmE5MzQ5YjA0ZTcwMDc2ZDUwNWY0MDhlYzI&v=1728591589965",
        "images": []
    },
    {
        "product_url": "https://www.heinemann-shop.com/en/global/chupa-chups/chupa-chups-forever-fun-suitcase-with-lollipops-and-pocketgames/p/000000000001622378/",
        "brand_name": "Chupa Chups",
        "brand_url": "https://www.heinemann-shop.com/en/global/chupa-chups/c/BRAND_1707/",
        "product_name": "Chupa Chups Forever Fun suitcase with lollipops and pocketgames",
        "quantity": "0.096\u00a0kg",
        "price": "\u20ac15.50",
        "price_per_quantity": "(\u20ac161.46 / 1 kg)",
        "stock_availability": "In stock, immediately available",
        "description": "Each Suitcase comes with 8 lollipops and two pocketgames.",
        "primary_image": "https://www.heinemann-shop.com/medias/527Wx527H-null?context=bWFzdGVyfGltYWdlc3w1OTI0NnxpbWFnZS9qcGVnfGFHUTFMMmhsT1M4eE1UTXhOekl6TmpBek9UY3hNQzgxTWpkWGVEVXlOMGhmYm5Wc2JBfDM0MzAxNTA3ZmIxZDQwNjYyYzdlM2U2MjM5ZWY1MzMxNjk2MGFiZjIzNzlhMTlhYTZhYzQ2MDk4MjUwYjJkZDc&v=1729889517351",
        "images": [
            "https://www.heinemann-shop.com/medias/527Wx527H-null?context=bWFzdGVyfGltYWdlc3w1OTI0NnxpbWFnZS9qcGVnfGFHUTFMMmhsT1M4eE1UTXhOekl6TmpBek9UY3hNQzgxTWpkWGVEVXlOMGhmYm5Wc2JBfDM0MzAxNTA3ZmIxZDQwNjYyYzdlM2U2MjM5ZWY1MzMxNjk2MGFiZjIzNzlhMTlhYTZhYzQ2MDk4MjUwYjJkZDc&v=1729889517351",
            "https://www.heinemann-shop.com/medias/527Wx527H-null?context=bWFzdGVyfGltYWdlc3w5NjU2M3xpbWFnZS9qcGVnfGFHRTRMMmd4WkM4eE1UTXhOekkwTVRReE16WTJNaTgxTWpkWGVEVXlOMGhmYm5Wc2JBfDhkNTEyYWU5ZTUxYWRkODA4NDQ3OTRjMDZlYzY0OGUwNTIyMjAyNjliYmEzODlhMjU4MGVjNzUxM2M1ZTkxN2Q&v=1729889793487"
        ]
    },
    {
        "product_url": "https://www.heinemann-shop.com/en/global/oreo/oreo-286g-original-pouch/p/000000000001625506/",
        "brand_name": "Oreo",
        "brand_url": "https://www.heinemann-shop.com/en/global/oreo/c/BRAND_4182/",
        "product_name": "OREO 286G ORIGINAL POUCH",
        "quantity": "0.286\u00a0kg",
        "price": "\u20ac10.50",
        "price_per_quantity": "(\u20ac36.71 / 1 kg)",
        "stock_availability": "In stock, immediately available",
        "description": "individually wrapped 2-cookie sachets of Classic Oreos. Perfect for sharing with friends and family.",
        "primary_image": "https://www.heinemann-shop.com/medias/527Wx527H-null?context=bWFzdGVyfGltYWdlc3w3OTY3NnxpbWFnZS9qcGVnfGFETTJMMmd3TlM4eE1USTBOell3T1RVeE1UazJOaTgxTWpkWGVEVXlOMGhmYm5Wc2JBfDYyNzU3OWYzNWZmYTIxNGNkM2ZkMzY2NmM5NzgxMTA1MDY1ZTEzMzEyNWYwMDg5ODdkODAyZDk3ZTEzODRlNDc&v=1728591590757",
        "images": []
    },
    {
        "product_url": "https://www.heinemann-shop.com/en/global/tic-tac/tic-tac-lilliput-strawberry-228g/p/000000000001519122/",
        "brand_name": "Tic Tac",
        "brand_url": "https://www.heinemann-shop.com/en/global/tic-tac/c/BRAND_4649/",
        "product_name": "Tic Tac Lilliput Strawberry 228g",
        "quantity": "0.228\u00a0kg",
        "price": "\u20ac12.90",
        "price_per_quantity": "(\u20ac56.58 / 1 kg)",
        "stock_availability": "In stock, immediately available",
        "description": "Strawberries enter in the smallest format for the biggest box!",
        "primary_image": "https://www.heinemann-shop.com/medias/527Wx527H-null?context=bWFzdGVyfGltYWdlc3w5ODgwMnxpbWFnZS9qcGVnfGFEWmxMMmc1Wmk4eE1USTVPRFEwTkRZME1ESTROaTgxTWpkWGVEVXlOMGhmYm5Wc2JBfDcyNWUyYWFhMjJiYTFhY2IyNjU0MWZkOWY2ODczNWVlNDUwZjM1NGQyM2UzMDJhOGYyZjY1MjAxMjYzZDk2Njk&v=1729547363518",
        "images": []
    },
    {
        "product_url": "https://www.heinemann-shop.com/en/global/venchi/venchi-maxibook-metal-tin-with-assorted-chocolates-200g/p/000000000001649600/",
        "brand_name": "Venchi",
        "brand_url": "https://www.heinemann-shop.com/en/global/venchi/c/BRAND_8202/",
        "product_name": "Venchi Maxibook metal tin with assorted chocolates 200g",
        "quantity": "0.2\u00a0kg",
        "price": "",
        "price_per_quantity": "(\u20ac179.50 / 1 kg)",
        "stock_availability": "",
        "description": "The Beauty in Bloom collection celebrates Italian art and beauty. A refined metal tin maxi book with a selection of Venchi specialties: Gianduiotto, Pearl Caramel & Hazelnut, Chocoviar Orange and Tiramis\u00f9.",
        "primary_image": "https://www.heinemann-shop.com/medias/527Wx527H-null?context=bWFzdGVyfGltYWdlc3w1ODIxMXxpbWFnZS9qcGVnfGFEUmxMMmd3WkM4eE1EYzJOVGt5TkRFM01UZ3dOaTgxTWpkWGVEVXlOMGhmYm5Wc2JBfDA4NWYwNDc4OGZmZjlmMWU5MzY5ZTgwMzcyZjkwMTk0NDI3MjY5MGQwOTlmMzNhYzY4ZjliZmYxNjQ3ZTE4MGQ&v=1718305821189",
        "images": []
    },
    {
        "product_url": "https://www.heinemann-shop.com/en/global/kinder/kinder-surprise-maxi-egg-100g/p/000000000001374316/",
        "brand_name": "Kinder",
        "brand_url": "https://www.heinemann-shop.com/en/global/kinder/c/BRAND_4645/",
        "product_name": "Kinder Surprise Maxi Egg 100g",
        "quantity": "0.1\u00a0kg",
        "price": "\u20ac10.70",
        "price_per_quantity": "(\u20ac107.00 / 1 kg)",
        "stock_availability": "In stock, immediately available",
        "description": "The same delicious chocolate as Kinder Surprise, only with a bigger surprise inside! Here is the new Natoons Cubs family: collectible, cute and realistic toys that can be brought to life on our Applaydu app. The packaging is designed to showcase the new toys collection, focusing the communication on the USP of Kinder Surprise Maxi: a big egg with a big toy inside!",
        "primary_image": "https://www.heinemann-shop.com/medias/527Wx527H-null?context=bWFzdGVyfGltYWdlc3w4NzkxNHxpbWFnZS9qcGVnfGFETmhMMmhoTkM4eE1UY3dOVFl3TXpReU5ESTROaTgxTWpkWGVEVXlOMGhmYm5Wc2JBfDVkZmNhODg0MzU5NDU1NWViZTg5MTc5YmNkZmQxYTE1NjZiNjYxODE0YzI1ZTRiMWIzODJjOGMyYzM5MWVkNjc&v=1738285685987",
        "images": []
    },
    {
        "product_url": "https://www.heinemann-shop.com/en/global/oreo/oreo-cookie-case-154g/p/000000000001128022/",
        "brand_name": "Oreo",
        "brand_url": "https://www.heinemann-shop.com/en/global/oreo/c/BRAND_4182/",
        "product_name": "Oreo Cookie Case 154g",
        "quantity": "0.154\u00a0kg",
        "price": "\u20ac12.50",
        "price_per_quantity": "(\u20ac81.17 / 1 kg)",
        "stock_availability": "In stock, immediately available",
        "description": "Cocoa flavoured sandwich biscuits with a vanilla flavoured filling.",
        "primary_image": "https://www.heinemann-shop.com/medias/527Wx527H-null?context=bWFzdGVyfGltYWdlc3w0ODg4N3xpbWFnZS9qcGVnfGFEZzBMMmhrWWk4NU9EQXdPRGt4TmprMU1UTTBMelV5TjFkNE5USTNTRjl1ZFd4c3w0MzE1MjBiZGZjODk5NGE1ZWU1NjY2YmIzMGRlNDE5ZjYxNTc2MGM1NDJmYmJiYjQzZTk2NjE3NjY1ZDgyNDYy&v=1691471415374",
        "images": []
    },
    {
        "product_url": "https://www.heinemann-shop.com/en/global/lindt/lindt-lindor-tube-dark-selection-387g/p/000000000001372253/",
        "brand_name": "Lindt",
        "brand_url": "https://www.heinemann-shop.com/en/global/lindt/c/BRAND_1486/",
        "product_name": "Lindt Lindor Tube Dark Selection 387g",
        "quantity": "0.387\u00a0kg",
        "price": "\u20ac23.90",
        "price_per_quantity": "(\u20ac61.76 / 1 kg)",
        "stock_availability": "In stock, immediately available",
        "description": "Enjoy a moment of bliss with the new Lindor Dark Selection Tube perfect for lovers of dark chocolate. This Tube comes in an assorted version featuring the newly launched Lindor Dark 70%, the highly popular Lindor Dark 60% and the classic Lindor Dark. Discover irresistibly smooth chocolate and indulge in a moment of bliss with Lindor.",
        "primary_image": "https://www.heinemann-shop.com/medias/527Wx527H-null?context=bWFzdGVyfGltYWdlc3w1OTQ5OXxpbWFnZS9qcGVnfGFHUXhMMmd4Tmk4eE1USTROVGcxTVRRd05qTTJOaTgxTWpkWGVEVXlOMGhmYm5Wc2JBfDcwNjQ4OTlhNzcyMzhhMDMyNzBjZmFkOWY2MTNiYTE5OGRhNDQxMDhlMzU1YmQ5YmYwNzZkMjliYWM2MGNlMjU&v=1729319291532",
        "images": []
    },
    {
        "product_url": "https://www.heinemann-shop.com/en/global/mentos/mentos-mini-fan-with-candy/p/000000000001568996/",
        "brand_name": "Mentos",
        "brand_url": "https://www.heinemann-shop.com/en/global/mentos/c/BRAND_2323/",
        "product_name": "Mentos mini fan with candy",
        "quantity": "0.042\u00a0kg",
        "price": "\u20ac10.90",
        "price_per_quantity": "(\u20ac259.52 / 1 kg)",
        "stock_availability": "In stock, immediately available",
        "description": "the Mentos Candy Fan contains four Mini Mentos rolls in Cola, Orange, Lemon and Strawberry flavours and is a bright and colourful addition for the impulse buyer and ideal for growth into the kids gifting sector. Available in three different colours.",
        "primary_image": "https://www.heinemann-shop.com/medias/527Wx527H-null?context=bWFzdGVyfGltYWdlc3w1MzgzMXxpbWFnZS9qcGVnfGFEUTRMMmhsWWk4eE1USTROakkzTWpVd056a3pOQzgxTWpkWGVEVXlOMGhmYm5Wc2JBfDA1ZmFmZjJjNzRiM2VlMzc4ZWYwNTQ4MGZkODQzODE2ZmVkZDQ2ZGNkNzY5OTljMTlhZTZmOTYzNWM1MDIzYWY&v=1729322881952",
        "images": []
    },
    {
        "product_url": "https://www.heinemann-shop.com/en/global/kinder/kinder-mini-chocolate-460g/p/000000000001313604/",
        "brand_name": "Kinder",
        "brand_url": "https://www.heinemann-shop.com/en/global/kinder/c/BRAND_4645/",
        "product_name": "Kinder Mini Chocolate 460g",
        "quantity": "0.46\u00a0kg",
        "price": "\u20ac13.70",
        "price_per_quantity": "(\u20ac29.78 / 1 kg)",
        "stock_availability": "In stock, immediately available",
        "description": "The miniature versions of the fine milk chocolate bar with milky filling, presented in an exclusive convenience pouch.",
        "primary_image": "https://www.heinemann-shop.com/medias/527Wx527H-null?context=bWFzdGVyfGltYWdlc3w5MDUyNnxpbWFnZS9qcGVnfGFEWTJMMmhoTUM4eE1USTVPRFF5T0RRMU1qZzVOQzgxTWpkWGVEVXlOMGhmYm5Wc2JBfDE0MzA1NWUxMmM0NzIzYTI5OTFmM2FlZWE4NjlhMjBlMDQ1YTc4ODkxZmQ4ZmU5YmEzYmM0OTU3MjQwMjkxNzE&v=1729545467865",
        "images": []
    },
    {
        "product_url": "https://www.heinemann-shop.com/en/global/starbrook/starbrook-seashells-stewardess-250g/p/000000000001187675/",
        "brand_name": "Starbrook",
        "brand_url": "https://www.heinemann-shop.com/en/global/starbrook/c/BRAND_3414/",
        "product_name": "Starbrook seashells Stewardess 250g",
        "quantity": "0.25\u00a0kg",
        "price": "\u20ac8.90",
        "price_per_quantity": "(\u20ac35.60 / 1 kg)",
        "stock_availability": "In stock, immediately available",
        "description": "Delicious Belgian Seashells. Presented in a 250g pack, 3 color exquisite Belgian chocolate seashells with a fine, seductive pralin\u00e9 filling of home roasted hazelnuts. A wonderfully designed box with stunning water paint retro styled airplane and stewardesses evoking the early 50\u2019s aviation era.",
        "primary_image": "https://www.heinemann-shop.com/medias/527Wx527H-null?context=bWFzdGVyfGltYWdlc3w4NTU2MXxpbWFnZS9qcGVnfGFEYzBMMmcyWlM4eE1UYzROak00TlRVMU5UUTROaTgxTWpkWGVEVXlOMGhmYm5Wc2JBfDJjM2IxNmY3MzU5YzM2M2EyZTUyYzE5OTU1YzE5YTc0MDhkNDRmNjk5ZDdkN2RjYmYxMDIyY2IzYWU1NDQ5MmE&v=1739914445621",
        "images": [
            "https://www.heinemann-shop.com/medias/527Wx527H-null?context=bWFzdGVyfGltYWdlc3w4NTU2MXxpbWFnZS9qcGVnfGFEYzBMMmcyWlM4eE1UYzROak00TlRVMU5UUTROaTgxTWpkWGVEVXlOMGhmYm5Wc2JBfDJjM2IxNmY3MzU5YzM2M2EyZTUyYzE5OTU1YzE5YTc0MDhkNDRmNjk5ZDdkN2RjYmYxMDIyY2IzYWU1NDQ5MmE&v=1739914445621",
            "https://www.heinemann-shop.com/medias/527Wx527H-null?context=bWFzdGVyfGltYWdlc3w2Mzg1N3xpbWFnZS9qcGVnfGFHSXhMMmhpTkM4eE1ERXdOek13TVRnNE9EQXpNQzgxTWpkWGVEVXlOMGhmYm5Wc2JBfDg0ZGJiNWM4OGM4MzIxNDM1ZmY0Mzk2ZTYxNTdlMzRjZDFlOTExNjBiZDlkZTc5ZWYwNzA2YmU1M2UyZTU4YjU&v=1702502826517"
        ]
    },
    {
        "product_url": "https://www.heinemann-shop.com/en/global/tyrkisk-peber/tyrkisk-peber-pouch-400g/p/000000000000064644/",
        "brand_name": "Tyrkisk Peber",
        "brand_url": "https://www.heinemann-shop.com/en/global/tyrkisk-peber/c/BRAND_5471/",
        "product_name": "Tyrkisk Peber Pouch 400g",
        "quantity": "0.4\u00a0kg",
        "price": "\u20ac7.70",
        "price_per_quantity": "(\u20ac19.25 / 1 kg)",
        "stock_availability": "In stock, immediately available",
        "description": "Tyrkisk Peber strong salt liquorice drops. The original since 1977.",
        "primary_image": "https://www.heinemann-shop.com/medias/527Wx527H-null?context=bWFzdGVyfGltYWdlc3w2ODc5NnxpbWFnZS9qcGVnfGFHWmpMMmczTVM4eE1UYzROak0zTURVNE1EVXhNQzgxTWpkWGVEVXlOMGhmYm5Wc2JBfDM3ZDIxZDJjZGFiOWVhMmIxODQ4MjNmM2RlZWUyNjBiYzEyMmEzMTJmNWM2MDE3OTc0ODIyYjJiZGJmOWM1YTg&v=1739913592254",
        "images": []
    },
    {
        "product_url": "https://www.heinemann-shop.com/en/global/anthon-berg/anthon-berg-blueberry-in-vodka-440g/p/000000000001187267/",
        "brand_name": "Anthon Berg",
        "brand_url": "https://www.heinemann-shop.com/en/global/anthon-berg/c/BRAND_0604/",
        "product_name": "Anthon Berg Blueberry in Vodka 440g",
        "quantity": "0.44\u00a0kg",
        "price": "\u20ac15.90",
        "price_per_quantity": "(\u20ac36.14 / 1 kg)",
        "stock_availability": "In stock, immediately available",
        "description": "Anthon Berg Chocolate with marzipan and filling with Blueberry in Vodka.",
        "primary_image": "https://www.heinemann-shop.com/medias/527Wx527H-null?context=bWFzdGVyfGltYWdlc3w1NjQ3NnxpbWFnZS9qcGVnfGFESTBMMmhsWXk4NU56ZzNNRFk0TlRFME16TTBMelV5TjFkNE5USTNTRjl1ZFd4c3w3NDM1YjBhZDNhNGUyMmQyMjRiODZiYzkxZmUwNDYyZDg0MDQyN2ZjNWIyMDcxZTgzODE1YjQwODU1Nzg0MDhm&v=1689275721105",
        "images": []
    },
    {
        "product_url": "https://www.heinemann-shop.com/en/global/anthon-berg/anthon-berg-original-marzipan-bar-280g/p/000000000001187263/",
        "brand_name": "Anthon Berg",
        "brand_url": "https://www.heinemann-shop.com/en/global/anthon-berg/c/BRAND_0604/",
        "product_name": "Anthon Berg Original Marzipan Bar 280g",
        "quantity": "0.28\u00a0kg",
        "price": "\u20ac10.90",
        "price_per_quantity": "(\u20ac38.93 / 1 kg)",
        "stock_availability": "In stock, immediately available",
        "description": "The original Anthon Berg Marzipan bar is still made exactly as it was in 1898. Almond paste covered in delicious dark chocolate.",
        "primary_image": "https://www.heinemann-shop.com/medias/527Wx527H-null?context=bWFzdGVyfGltYWdlc3w0MTI0M3xpbWFnZS9qcGVnfGFERmlMMmc1TUM4NU56ZzNNRFkzT1RJME5URXdMelV5TjFkNE5USTNTRjl1ZFd4c3wzZjMxZjNjZjk3NTMyNWE5NzE3M2QzZTJiZDQwM2E2ZTI1YjEyZGMxYmIwM2NjMjU4Y2MyMDU2Yzk2ZmQyNTAw&v=1689275412212",
        "images": []
    },
    {
        "product_url": "https://www.heinemann-shop.com/en/global/ritter-sport/ritter-sport-honey-salt-almond-100-g/p/000000000001187570/",
        "brand_name": "Ritter Sport",
        "brand_url": "https://www.heinemann-shop.com/en/global/ritter-sport/c/BRAND_0476/",
        "product_name": "Ritter Sport Honey Salt Almond 100 g",
        "quantity": "0.1\u00a0kg",
        "price": "",
        "price_per_quantity": "(\u20ac39.00 / 1 kg)",
        "stock_availability": "",
        "description": "What does this variety have that other chocolate doesn't? A bit of honey? A touch of salt? Whole almonds? Here's a clue: All three! It\u2019s the combination of these three ingredients plus Ritter Sport's crunchy milk chocolate that makes our Honey Salt Almonds so uniquely delicious.",
        "primary_image": "https://www.heinemann-shop.com/medias/527Wx527H-null?context=bWFzdGVyfGltYWdlc3w2NTY5OXxpbWFnZS9qcGVnfGFEVTBMMmd4WkM4eE1USTRORFU0T0RZNU1UUTROaTgxTWpkWGVEVXlOMGhmYm5Wc2JBfGUxM2ZiM2I4YmU0OGE2NzdlNmQxNGYxY2Q3OGFlZWJjMDQyODdmODhlYjBkNTAwMWJlNjU3ZTI0YzRlMGYxNWY&v=1729293989745",
        "images": []
    },
    {
        "product_url": "https://www.heinemann-shop.com/en/global/snickers/snickers-bars-2-pack-80g/p/000000000000989523/",
        "brand_name": "Snickers",
        "brand_url": "https://www.heinemann-shop.com/en/global/snickers/c/BRAND_5051/",
        "product_name": "Snickers bars 2 pack 80g",
        "quantity": "0.08\u00a0kg",
        "price": "",
        "price_per_quantity": "(\u20ac36.25 / 1 kg)",
        "stock_availability": "",
        "description": "The world's best-selling candy bar. Crammed with peanuts, caramel and nougat then coated with milk chocolate, Snickers\u00ae quickly became one of the planet's favorite treats after its introduction in 1930.",
        "primary_image": "https://www.heinemann-shop.com/medias/527Wx527H-null?context=bWFzdGVyfGltYWdlc3wzMTI4NXxpbWFnZS9qcGVnfGFHSm1MMmcwT0M4eE1ETTBORGc1T0RZNU1URXdNaTgxTWpkWGVEVXlOMGhmYm5Wc2JBfDdhMDE5ZTA1MGNlY2I4MTY1OWY5NTMwMTI3ZjBkMmVkMTBiZGQ0ZGMxNTU1ODIxYzg2Y2Y1NDk5ZDFjMmMyNDc&v=1708378116689",
        "images": []
    },
    {
        "product_url": "https://www.heinemann-shop.com/en/global/karl-fazer/karl-fazer-milk-chocolate-travel-box-295g/p/000000000001020766/",
        "brand_name": "Karl Fazer",
        "brand_url": "https://www.heinemann-shop.com/en/global/karl-fazer/c/BRAND_5434/",
        "product_name": "Karl Fazer Milk Chocolate Travel Box 295g",
        "quantity": "0.295\u00a0kg",
        "price": "\u20ac10.90",
        "price_per_quantity": "(\u20ac36.95 / 1 kg)",
        "stock_availability": "In stock, immediately available",
        "description": "Karl Fazer Milk Chocolate sweetens everyday life with its uniquely rich and velvety smooth taste. The genuine Finnish chocolate is famous for its delicious taste, carefully selected high-quality ingredients and its Fazer blue wrapper.",
        "primary_image": "https://www.heinemann-shop.com/medias/527Wx527H-null?context=bWFzdGVyfGltYWdlc3w0ODc0NHxpbWFnZS9qcGVnfGFEVmxMMmd3WWk4eE1UYzROak0zTmpZd09UZ3lNaTgxTWpkWGVEVXlOMGhmYm5Wc2JBfGJkNGRlZDIxZTMzMTdkNWNmODY0NmQ1ZGJhNTJlM2ZhNmNlYWYzMDM4ZTEzYTFkODY4MDYxNGYzNDZlZDYyMmU&v=1739913890309",
        "images": []
    },
    {
        "product_url": "https://www.heinemann-shop.com/en/global/cavendish-harvey/cavendish-harvey-fruit-selection/p/000000000001305193/",
        "brand_name": "Cavendish & Harvey",
        "brand_url": "https://www.heinemann-shop.com/en/global/cavendish-harvey/c/BRAND_0437/",
        "product_name": "Cavendish & Harvey Fruit Selection",
        "quantity": "0.2\u00a0kg",
        "price": "\u20ac3.50",
        "price_per_quantity": "(\u20ac17.50 / 1 kg)",
        "stock_availability": "In stock, immediately available",
        "description": "Happiness is the only thing that doubles when you share it. This mouth-watering Drops Selection is the perfect gift for travellers. The 200g golden tin will is available in two lid designs exclusively for Travel Retail.",
        "primary_image": "https://www.heinemann-shop.com/medias/527Wx527H-null?context=bWFzdGVyfGltYWdlc3w3MjA1M3xpbWFnZS9qcGVnfGFHSXlMMmhsWVM4NU56WXhNVFE1TkRnMU1EZzJMelV5TjFkNE5USTNTRjl1ZFd4c3wxNDkwYjFiMDE2ODA5Y2NlMjZmNWY1YzBiODdmMGMyYWY2YzM4ODg2YjgyZTJlY2Y1NThiNTQ0ZDgyNTZmYjRj&v=1683168960767",
        "images": [
            "https://www.heinemann-shop.com/medias/527Wx527H-null?context=bWFzdGVyfGltYWdlc3w3MjA1M3xpbWFnZS9qcGVnfGFHSXlMMmhsWVM4NU56WXhNVFE1TkRnMU1EZzJMelV5TjFkNE5USTNTRjl1ZFd4c3wxNDkwYjFiMDE2ODA5Y2NlMjZmNWY1YzBiODdmMGMyYWY2YzM4ODg2YjgyZTJlY2Y1NThiNTQ0ZDgyNTZmYjRj&v=1683168960767",
            "https://www.heinemann-shop.com/medias/527Wx527H-null?context=bWFzdGVyfGltYWdlc3w3NTExM3xpbWFnZS9qcGVnfGFEZzBMMmd5TWk4NU56WXhNVFV3TVRjek1qRTBMelV5TjFkNE5USTNTRjl1ZFd4c3xjODhjMTU2MjZlZWFhODA0YjM1MTQwNDZmYTI4YWViZWU5YWFhNzBmNTg2NDUyNzJjNDdiMWZjM2ZjZTM1Mzkx&v=1683168978556"
        ]
    },
    {
        "product_url": "https://www.heinemann-shop.com/en/global/niederegger/niederegger-easter-bunny-100g/p/000000000001682647/",
        "brand_name": "Niederegger",
        "brand_url": "https://www.heinemann-shop.com/en/global/niederegger/c/BRAND_1439/",
        "product_name": "Niederegger Easter bunny 100g",
        "quantity": "0.1\u00a0kg",
        "price": "\u20ac6.90",
        "price_per_quantity": "(\u20ac69.00 / 1 kg)",
        "stock_availability": "",
        "description": "Our Easter bunny grabs everyone's attention - wether as an individusl figure or in attractive gift packaging. All of them guarantee an Easter atmosphere.",
        "primary_image": "https://www.heinemann-shop.com/medias/527Wx527H-null?context=bWFzdGVyfGltYWdlc3w2NjYwMXxpbWFnZS9qcGVnfGFEVmtMMmd4TlM4eE1UVXlOelV4TlRnMk5URXhPQzgxTWpkWGVEVXlOMGhmYm5Wc2JBfGM0NjdmYWU0NDE2ZDljOTMyOTk5NTNlOTk1ZDZmZDYwYzMzNWJhMGZmMzY0MzkyNmU0MzZiYTdjZGU3MjE5ZTg&v=1734556298666",
        "images": []
    },
    {
        "product_url": "https://www.heinemann-shop.com/en/global/mars/milky-way-milk-chocolate-38vol-with-a-lightly-whipped-centre-61vol-bounty-milk-chocolate-36vol-with-soft-coconut-32vol-filling-mars-milk-chocolate-36vol-with-soft-nougat-34vol-and-caramel-centre-29vol-snickers-milk-chocolate-35vol-with-soft-nougat-14vol-and-caramel-centre-28vol-with-peanuts-22vol/p/000000000001687772/",
        "brand_name": "Mars",
        "brand_url": "https://www.heinemann-shop.com/en/global/mars/c/BRAND_0707/",
        "product_name": "Milky Way\u00ae Milk chocolate (38%) with a lightly whipped centre (61%). Bounty\u00ae Milk chocolate (36%) with soft coconut (32%) filling. Mars\u00ae Milk chocolate (36%) with soft nougat (34%) and caramel centre (29%). Snickers\u00ae Milk chocolate (35%) with soft nougat (14%) and caramel centre (28%) with peanuts (22%).",
        "quantity": "1.5\u00a0kg",
        "price": "\u20ac42.90",
        "price_per_quantity": "(\u20ac28.60 / 1 kg)",
        "stock_availability": "",
        "description": "A huge bag full of all your favourite chocolate bars in a mini format. MARS, SNICKERS, BOUTNY and MILKY WAY. Share them with all your friends or family - there's plenty to go round. What's your favourite?",
        "primary_image": "https://www.heinemann-shop.com/medias/527Wx527H-null?context=bWFzdGVyfGltYWdlc3w2OTIyM3xpbWFnZS9qcGVnfGFHUXpMMmcyT0M4eE1UWTVNVFE1TkRnNU9UYzBNaTgxTWpkWGVEVXlOMGhmYm5Wc2JBfDgxZWM1MjRjOTExMzYwN2JhZGMyM2M0MGExZDQzMzMwYzZiMDA3MTc5ZTZlZTc1Y2Q4M2RhYzE4Zjc5ODU5MGU&v=1738014638791",
        "images": []
    },
    {
        "product_url": "https://www.heinemann-shop.com/en/global/smash/smash-200g/p/000000000001129115/",
        "brand_name": "Smash",
        "brand_url": "https://www.heinemann-shop.com/en/global/smash/c/BRAND_5464/",
        "product_name": "Smash! 200g",
        "quantity": "0.2\u00a0kg",
        "price": "\u20ac5.90",
        "price_per_quantity": "(\u20ac29.50 / 1 kg)",
        "stock_availability": "In stock, immediately available",
        "description": "Smash! are lightly salted corn snacks coated with milk chocolate; a fascinating blend of sweet and savoury. Smash! Is a unique combination of salt & sweet and light & crisp.",
        "primary_image": "https://www.heinemann-shop.com/medias/1129115-527Wx527H?context=bWFzdGVyfGltYWdlc3w4MDYyOXxpbWFnZS9qcGVnfGFHTTJMMmhqTWk4NU5qZ3pPVEE0TXprMU1ETTRMekV4TWpreE1UVmZOVEkzVjNnMU1qZEl8ODIyMjY0YmRkNmVhY2JjZGFiNzlkNjI0MjRjYzUyNzdlM2NjZWEyOTBmMmQyMzdhOTkxMjZjYmJjOGEwNDE5Yw&v=1653081943095",
        "images": []
    },
    {
        "product_url": "https://www.heinemann-shop.com/en/global/kalfany/kalfany-citrus-fruit-candies-150g/p/000000000000694171/",
        "brand_name": "Kalfany",
        "brand_url": "https://www.heinemann-shop.com/en/global/kalfany/c/BRAND_1249/",
        "product_name": "Kalfany Citrus Fruit Candies, 150g",
        "quantity": "0.15\u00a0kg",
        "price": "\u20ac2.50",
        "price_per_quantity": "(\u20ac16.67 / 1 kg)",
        "stock_availability": "In stock, immediately available",
        "description": "With concentrated fruit juice. No artificial colorants. German Candy Tradition. Made in Germany.",
        "primary_image": "https://www.heinemann-shop.com/medias/527Wx527H-null?context=bWFzdGVyfGltYWdlc3w0NzYyN3xpbWFnZS9qcGVnfGFHUXdMMmcyTUM4eE1EVXlOVEkxT1RVNU5UZ3dOaTgxTWpkWGVEVXlOMGhmYm5Wc2JBfDU1MDVlODI4NDRiMDMyYTZiNDFmMDhhMjk4NTRiZDRjMzk0YWQwYzliNzJhNzBjMjIyN2RiNmM2ZGZkZDhhOGY&v=1712181265047",
        "images": []
    },
    {
        "product_url": "https://www.heinemann-shop.com/en/global/ritter-sport/ritter-sport-whole-almonds-100-g/p/000000000001187569/",
        "brand_name": "Ritter Sport",
        "brand_url": "https://www.heinemann-shop.com/en/global/ritter-sport/c/BRAND_0476/",
        "product_name": "Ritter Sport Whole Almonds 100 g",
        "quantity": "0.1\u00a0kg",
        "price": "",
        "price_per_quantity": "(\u20ac39.00 / 1 kg)",
        "stock_availability": "",
        "description": "You'll have a cracking good time with Ritter Sport Whole Almonds, thanks to the hand-picked, crunchy roasted Californian almonds in classic milk chocolate. Though for the same reason we can't promise that you'll enjoy the bar in peace.",
        "primary_image": "https://www.heinemann-shop.com/medias/527Wx527H-null?context=bWFzdGVyfGltYWdlc3w2NDUzMHxpbWFnZS9qcGVnfGFHSXpMMmd5WlM4eE1USTRORFU0T0RFMk56RTVPQzgxTWpkWGVEVXlOMGhmYm5Wc2JBfDYwYTFhNjJkOGU3ZDA0MzA5MmI2NzM1ZmI0NTNjZjgzMmE3ZWUzYmRhYzhmN2IyZmIwZTc1NTM2N2QzYjgwMDE&v=1729293919549",
        "images": []
    },
    {
        "product_url": "https://www.heinemann-shop.com/en/global/ritter-sport/ritter-sport-hazelnuts-100-g/p/000000000001187564/",
        "brand_name": "Ritter Sport",
        "brand_url": "https://www.heinemann-shop.com/en/global/ritter-sport/c/BRAND_0476/",
        "product_name": "Ritter Sport Hazelnuts 100 g",
        "quantity": "0.1\u00a0kg",
        "price": "\u20ac3.70",
        "price_per_quantity": "(\u20ac37.00 / 1 kg)",
        "stock_availability": "In stock",
        "description": "If you are not ready to go the whole round when it comes to nuts, we have the perfect solution: our Ritter Sport Hazelnuts. It combines finely chopped, roasted hazelnuts with classic Ritter Sport milk chocolate.",
        "primary_image": "https://www.heinemann-shop.com/medias/527Wx527H-null?context=bWFzdGVyfGltYWdlc3w2Mjc2N3xpbWFnZS9qcGVnfGFHUmpMMmhsWVM4eE1USTRORFU0TmpneU16Y3hNQzgxTWpkWGVEVXlOMGhmYm5Wc2JBfGU3YTEzZDY0NDE4Yzc3NjlkYWI1M2ZjZTY3MDQ5Mzg4MTMxZGFkNWVhYTc2NzBkOTA4M2I3ZTQ1OWY1Mjg4Y2Y&v=1729293798354",
        "images": []
    },
    {
        "product_url": "https://www.heinemann-shop.com/en/global/leschanz/leschanz-wiener-katzenzungen-bio-milk-80g/p/000000000001137213/",
        "brand_name": "Leschanz",
        "brand_url": "https://www.heinemann-shop.com/en/global/leschanz/c/BRAND_2332/",
        "product_name": "Leschanz Wiener Katzenzungen BIO-Milk 80g",
        "quantity": "0.08\u00a0kg",
        "price": "\u20ac17.99",
        "price_per_quantity": "(\u20ac224.88 / 1 kg)",
        "stock_availability": "",
        "description": "Classic Viennese chocolate: extra thin BIO milk chocolate tablets.",
        "primary_image": "https://www.heinemann-shop.com/medias/1137213-527Wx527H?context=bWFzdGVyfGltYWdlc3w2MzQ4MHxpbWFnZS9qcGVnfGFEZGhMMmhqT1M4NU5qUTFOelEwTkRVMU56RXdMekV4TXpjeU1UTmZOVEkzVjNnMU1qZEl8NjU5OGQ5OTFiODAwYTNhYzJlMmY4YjU5ZGE0NzZiNzcwM2RmZDIxOGM2ZDllOGViZTZjNGQwZmM2ZWQxMGM5Mw&v=1638911417713",
        "images": []
    },
    {
        "product_url": "https://www.heinemann-shop.com/en/global/kalfany/kalfany-wildberry-candies-150g/p/000000000000048849/",
        "brand_name": "Kalfany",
        "brand_url": "https://www.heinemann-shop.com/en/global/kalfany/c/BRAND_1249/",
        "product_name": "Kalfany Wildberry Candies, 150g",
        "quantity": "0.15\u00a0kg",
        "price": "\u20ac2.50",
        "price_per_quantity": "(\u20ac16.67 / 1 kg)",
        "stock_availability": "In stock, immediately available",
        "description": "With concentrated fruit juice. No artificial colorants. German Candy Tradition. Made in Germany.",
        "primary_image": "https://www.heinemann-shop.com/medias/527Wx527H-null?context=bWFzdGVyfGltYWdlc3w1NTIwNXxpbWFnZS9qcGVnfGFHWXlMMmhpWkM4eE1EVXlOVEkxT0Rrd056WTNPQzgxTWpkWGVEVXlOMGhmYm5Wc2JBfGUyMWE0N2FiZWZmMDQxOTBhOTdhZmE0Yzk1NjQ4YTdhMTg3NDliNmQ0YjJhNTFkYTFiODc2ZmY3NmFjMjliODI&v=1712181220468",
        "images": []
    },
    {
        "product_url": "https://www.heinemann-shop.com/en/global/milka/white-chocolate-90g/p/000000000001688846/",
        "brand_name": "Milka",
        "brand_url": "https://www.heinemann-shop.com/en/global/milka/c/BRAND_0831/",
        "product_name": "White Chocolate 90g",
        "quantity": "0.09\u00a0kg",
        "price": "\u20ac3.30",
        "price_per_quantity": "(\u20ac36.67 / 1 kg)",
        "stock_availability": "In stock, immediately available",
        "description": "90g Milka tablet, a high quality white chocolate made with 100% Alpine Milk",
        "primary_image": "https://www.heinemann-shop.com/medias/527Wx527H-null?context=bWFzdGVyfGltYWdlc3wzODExNHxpbWFnZS9qcGVnfGFEa3lMMmczWlM4eE1UYzVORGsxTXpnek1EUXpNQzgxTWpkWGVEVXlOMGhmYm5Wc2JBfDY4YzA2NzM3MzNhZTkzZjJmOGY5ZTA3MTY4MzVmYTA0ODMzMmM2MWIzNzExZWE4NmFjM2Q0MmEzMjc0YWYwMjk&v=1740086312447",
        "images": []
    },
    {
        "product_url": "https://www.heinemann-shop.com/en/global/riesen/riesen-400g/p/000000000000544836/",
        "brand_name": "Riesen",
        "brand_url": "https://www.heinemann-shop.com/en/global/riesen/c/BRAND_5058/",
        "product_name": "Riesen 400g",
        "quantity": "0.4\u00a0kg",
        "price": "\u20ac6.50",
        "price_per_quantity": "(\u20ac16.25 / 1 kg)",
        "stock_availability": "In stock, immediately available",
        "description": "Chewy chocolate caramel, covered in rich chocolate makes RIESEN a double chocolate indulgence that lasts and lasts. There\u2019s nothing else quite like it. So, sit back, relax and enjoy a long lasting, delicious RIESEN. Maybe even for no reason at all.",
        "primary_image": "https://www.heinemann-shop.com/medias/527Wx527H-null?context=bWFzdGVyfGltYWdlc3w3NzM4M3xpbWFnZS9qcGVnfGFHUTJMMmc1TXk4eE1USTROVE0wTkRZNE1qQXhOQzgxTWpkWGVEVXlOMGhmYm5Wc2JBfDIzMGNjYWQzYWJmNmFiOTJiMDRlZjNmYjhiOTQzMzlhNWM3ZTUzODBkODEwMTcyYTcxNmRiZjYxNDJlNDQxZDc&v=1729313540465",
        "images": []
    },
    {
        "product_url": "https://www.heinemann-shop.com/en/global/marianne/marianne-mix-peppermint-candies-350g/p/000000000001185211/",
        "brand_name": "Marianne",
        "brand_url": "https://www.heinemann-shop.com/en/global/marianne/c/BRAND_5442/",
        "product_name": "Marianne Mix peppermint candies 350g",
        "quantity": "0.35\u00a0kg",
        "price": "\u20ac6.90",
        "price_per_quantity": "(\u20ac19.71 / 1 kg)",
        "stock_availability": "In stock, immediately available",
        "description": "Marianne mix - two flavours in the same bag. Fresh and crispy peppermint with delicious dark chocolate or toffee filling, pick your favourite!",
        "primary_image": "https://www.heinemann-shop.com/medias/527Wx527H-null?context=bWFzdGVyfGltYWdlc3w4MDQ0MnxpbWFnZS9qcGVnfGFHVmpMMmhqTkM4eE1UYzROak00TWpnek5UYzBNaTgxTWpkWGVEVXlOMGhmYm5Wc2JBfDU5NmM4NzAwNmI0NDA2NTY3Y2EwYjFhN2ZjYzNlZDY1ODE0ZTFiZmNjNDRlMjA1N2M2OTI4OTBhNTU4MjUxMWQ&v=1739914319036",
        "images": []
    },
    {
        "product_url": "https://www.heinemann-shop.com/en/global/milka/alpenmilch-schokolade-mit-weisser-schokolade-16-vol/p/000000000001688844/",
        "brand_name": "Milka",
        "brand_url": "https://www.heinemann-shop.com/en/global/milka/c/BRAND_0831/",
        "product_name": "Alpenmilch Schokolade mit weisser Schokolade (16 %).",
        "quantity": "0.09\u00a0kg",
        "price": "\u20ac3.30",
        "price_per_quantity": "(\u20ac36.67 / 1 kg)",
        "stock_availability": "In stock, immediately available",
        "description": "90g Milka tablet, a beautiful mix of Alpine milk chocolate and white chocolate. Enjoy the irresistible taste of the most tender Alpine milk chocolate.",
        "primary_image": "https://www.heinemann-shop.com/medias/527Wx527H-null?context=bWFzdGVyfGltYWdlc3wzOTE2NXxpbWFnZS9qcGVnfGFEa3pMMmhsT0M4eE1UYzVORGsxTWpneE5EWXlNaTgxTWpkWGVEVXlOMGhmYm5Wc2JBfGJhODNmMzJjNGI4MDEwMjZjN2M5MWI3MTA5N2E0ZjVlODEzYzk1MmY1ZjU4YjA1MTJhMDk1NGMyMzc4MjY2NTA&v=1740086261587",
        "images": []
    },
    {
        "product_url": "https://www.heinemann-shop.com/en/global/anthon-berg/anthon-berg-plum-in-madeira-440g/p/000000000001187274/",
        "brand_name": "Anthon Berg",
        "brand_url": "https://www.heinemann-shop.com/en/global/anthon-berg/c/BRAND_0604/",
        "product_name": "Anthon Berg Plum in Madeira 440g",
        "quantity": "0.44\u00a0kg",
        "price": "\u20ac15.90",
        "price_per_quantity": "(\u20ac36.14 / 1 kg)",
        "stock_availability": "Low stock",
        "description": "Anthon Berg Dark chocolate with marzipan and filling with Plum in Madeira.",
        "primary_image": "https://www.heinemann-shop.com/medias/527Wx527H-null?context=bWFzdGVyfGltYWdlc3w1MjE2MnxpbWFnZS9qcGVnfGFEUXhMMmczTVM4NU56ZzNNRGN3TmpRME1qVTBMelV5TjFkNE5USTNTRjl1ZFd4c3w1OWM0YTNiOWI2NmIxZTQ1YmEzZjUxNmM0YjY5ODFlODhiOGYxY2I4NmE0MzNiYjFlN2EwZGY1ODhmZDA1MGEz&v=1689276053175",
        "images": []
    },
    {
        "product_url": "https://www.heinemann-shop.com/en/global/cavendish-harvey/cavendish-harvey-winegums-for-connoisseurs-180g/p/000000000001247384/",
        "brand_name": "Cavendish & Harvey",
        "brand_url": "https://www.heinemann-shop.com/en/global/cavendish-harvey/c/BRAND_0437/",
        "product_name": "Cavendish & Harvey Winegums for Connoisseurs 180g",
        "quantity": "0.18\u00a0kg",
        "price": "\u20ac3.70",
        "price_per_quantity": "(\u20ac20.56 / 1 kg)",
        "stock_availability": "In stock, immediately available",
        "description": "Cavendish & Harvey Winegums for Connoisseurs offer adult consumers a gourmet pick of English style premium Winegums. The resealable zipper pouch is perfectly made for sharing.",
        "primary_image": "https://www.heinemann-shop.com/medias/527Wx527H-null?context=bWFzdGVyfGltYWdlc3w3NjYwMnxpbWFnZS9qcGVnfGFEaGtMMmcwTVM4NU56WXhNVFF5T1RZME1qVTBMelV5TjFkNE5USTNTRjl1ZFd4c3xlNGNmZWU0YmIzZWNkOWRmMjdmNGIyZTIwNTg1Y2I2YTBjMGI1MGJhNmI2YWE3MzM0YWQ4YWFlNjVmODllZDNl&v=1683166247232",
        "images": []
    },
    {
        "product_url": "https://www.heinemann-shop.com/en/global/karl-fazer/karl-fazer-dark-chocolate-tablet-250g/p/000000000000927081/",
        "brand_name": "Karl Fazer",
        "brand_url": "https://www.heinemann-shop.com/en/global/karl-fazer/c/BRAND_5434/",
        "product_name": "Karl Fazer Dark Chocolate tablet 250g",
        "quantity": "0.25\u00a0kg",
        "price": "\u20ac5.50",
        "price_per_quantity": "(\u20ac22.00 / 1 kg)",
        "stock_availability": "In stock, immediately available",
        "description": "Karl Fazer Dark is a rich and smooth 47% dark chocolate.",
        "primary_image": "https://www.heinemann-shop.com/medias/527Wx527H-null?context=bWFzdGVyfGltYWdlc3wzNDY5OHxpbWFnZS9qcGVnfGFHSTRMMmczTWk4eE1UYzROak0zTnpVNU1qZzJNaTgxTWpkWGVEVXlOMGhmYm5Wc2JBfGQyMjc3ZTQ2ODViYWNjMmRmMjUyYmQ1NzUwODJjYTFlNTc3ZTEzMmZiYWZlMWM0ZDRlNjg5MTBiYmZhOGQzZDE&v=1739913935318",
        "images": []
    },
    {
        "product_url": "https://www.heinemann-shop.com/en/global/heindl/heindl-schloss-schoenbrunn-225g/p/000000000000295284/",
        "brand_name": "Heindl",
        "brand_url": "https://www.heinemann-shop.com/en/global/heindl/c/BRAND_2733/",
        "product_name": "Heindl Schloss Schoenbrunn 225g",
        "quantity": "0.225\u00a0kg",
        "price": "\u20ac13.99",
        "price_per_quantity": "(\u20ac62.18 / 1 kg)",
        "stock_availability": "",
        "description": "The best of the best from sweet Vienna: Enjoy these confectionery specialties such as Mozart Balls, Vienna Giant Ferris Wheel, Golden Nougat, Sissi Taler and Nut Brittle Praline. Our Sch\u00f6nbrunn Palace is the perfect surprise for your loved ones at home!",
        "primary_image": "https://www.heinemann-shop.com/medias/295284-527Wx527H?context=bWFzdGVyfGltYWdlc3w2NTY2NHxpbWFnZS9qcGVnfGFHUTJMMmhpTWk4NU5qWXpOakkxTURZNE5UYzBMekk1TlRJNE5GODFNamRYZURVeU4wZ3xkOTI0ZDAzNmY4MjJkYThmYmE0MGU1OWUyNWZkMzc2NDY4YWQ2ZjhjNzAxZjRjNzYwY2I2MWI5ZDZkNzAzMzA3&v=1646946999367",
        "images": []
    },
    {
        "product_url": "https://www.heinemann-shop.com/en/global/godiva/godiva-carres-dark-72vol-36pc-180g/p/000000000000863641/",
        "brand_name": "Godiva",
        "brand_url": "https://www.heinemann-shop.com/en/global/godiva/c/BRAND_0818/",
        "product_name": "Godiva Carr\u00e9s Dark 72% 36pc 180g",
        "quantity": "0.18\u00a0kg",
        "price": "\u20ac21.90",
        "price_per_quantity": "(\u20ac121.67 / 1 kg)",
        "stock_availability": "In stock",
        "description": "For lovers of plain solid chocolates. Carr\u00e9s feature the exclusive Godiva taste and texture. The transparent lids and presentation in cascade allows to clearly see the number of pieces. The ideal end to a perfect meal, enjoyed with coffee or tea.",
        "primary_image": "https://www.heinemann-shop.com/medias/527Wx527H-null?context=bWFzdGVyfGltYWdlc3wzNTg0OXxpbWFnZS9qcGVnfGFEUmxMMmc0WWk4NU56VTVORGc0TVRnd01qVTBMelV5TjFkNE5USTNTRjl1ZFd4c3wwODU3MTc3NmIwNDUzN2EyZjY5ODNhMDhlMzRmNmI3NmZiZWQzNjkxZDJhODkwNzg3YjRjYzI4MjQ1YTkwOGE0&v=1682629246137",
        "images": []
    },
    {
        "product_url": "https://www.heinemann-shop.com/en/global/cavendish-harvey/cavendish-harvey-cherry-candies-200g/p/000000000001312517/",
        "brand_name": "Cavendish & Harvey",
        "brand_url": "https://www.heinemann-shop.com/en/global/cavendish-harvey/c/BRAND_0437/",
        "product_name": "Cavendish & Harvey Cherry Candies 200g",
        "quantity": "0.2\u00a0kg",
        "price": "\u20ac3.50",
        "price_per_quantity": "(\u20ac17.50 / 1 kg)",
        "stock_availability": "In stock, immediately available",
        "description": "Discover the unmistakeable taste of freshly picked cherries with just a hint of tart citrus. Our Sour Cherry Drops, made with real fruit juice, are dusted with icing sugar and sealed in a premium gold tin for the highest quality freshness.",
        "primary_image": "https://www.heinemann-shop.com/medias/527Wx527H-null?context=bWFzdGVyfGltYWdlc3w2NzUwNnxpbWFnZS9qcGVnfGFHUXdMMmhoTUM4NU56WXhNVFV4TnpjNE9EUTJMelV5TjFkNE5USTNTRjl1ZFd4c3xlNGZhMWM2NGEwYzkwNjhhNjY0OGQ0OTgzNDY0N2I4ZjUxNjdlNWE0MGVkNDM5MTBjODE2YzFmN2JkYjZmYjE0&v=1683169841940",
        "images": []
    },
    {
        "product_url": "https://www.heinemann-shop.com/en/global/freia/freia-twist-550g/p/000000000000779311/",
        "brand_name": "Freia",
        "brand_url": "https://www.heinemann-shop.com/en/global/freia/c/BRAND_1378/",
        "product_name": "Freia Twist 550g",
        "quantity": "0.55\u00a0kg",
        "price": "\u20ac15.90",
        "price_per_quantity": "(\u20ac28.91 / 1 kg)",
        "stock_availability": "In stock, immediately available",
        "description": "A fine selection of superior quality chocolates and toffees. Ideal for gifting or sharing with friends and family. XXL format is exlusively available in travel retail.",
        "primary_image": "https://www.heinemann-shop.com/medias/527Wx527H-null?context=bWFzdGVyfGltYWdlc3w3NjQ2MHxpbWFnZS9qcGVnfGFHVm1MMmhpWXk4NU9EQXdOems1TkRVek1qRTBMelV5TjFkNE5USTNTRjl1ZFd4c3xiMzYwYjNjODM2OTkyZDE2ZGJiYTNkZmRkODQ4MjE0ZDg3NzA2OTk1ODMyNDY1Y2ZjYzc0ZmM4ZDc3YzkyNDYz&v=1691451939238",
        "images": []
    },
    {
        "product_url": "https://www.heinemann-shop.com/en/global/heindl/heindl-schoko-maroni-200g/p/000000000001004124/",
        "brand_name": "Heindl",
        "brand_url": "https://www.heinemann-shop.com/en/global/heindl/c/BRAND_2733/",
        "product_name": "Heindl Schoko Maroni 200g",
        "quantity": "0.2\u00a0kg",
        "price": "\u20ac11.99",
        "price_per_quantity": "(\u20ac59.95 / 1 kg)",
        "stock_availability": "",
        "description": "The classic in the Heindl range: Our sweet chocolate chestnuts. Fine chestnut mousse covered in delicate dark chocolate - that's the vegan secret of our traditional chocolate chestnuts.",
        "primary_image": "https://www.heinemann-shop.com/medias/1004124-527Wx527H?context=bWFzdGVyfGltYWdlc3w1NjgwOXxpbWFnZS9qcGVnfGFHWXlMMmc1WkM4NU5qWXpOakUzTlRZME56QXlMekV3TURReE1qUmZOVEkzVjNnMU1qZEl8Zjc5MGUzZjIzOTAwOTMyZDQ3YjZjZTM2OTVkNjFmOTY0YmI1OWRjODkwZWZhY2U2NTA0ZmFhMjFlMDgyZWI4ZQ&v=1646946933386",
        "images": []
    },
    {
        "product_url": "https://www.heinemann-shop.com/en/global/fisherman-s-friend/fisherman-s-friend-citrus-4-x-25-g/p/000000000001072041/",
        "brand_name": "Fisherman's Friend",
        "brand_url": "https://www.heinemann-shop.com/en/global/fisherman-s-friend/c/BRAND_0493/",
        "product_name": "Fisherman's Friend Citrus 4 x 25 g",
        "quantity": "0.1\u00a0kg",
        "price": "\u20ac6.70",
        "price_per_quantity": "(\u20ac67.00 / 1 kg)",
        "stock_availability": "In stock, immediately available",
        "description": "A strong and refreshing citrus flavour, bringing fruit into the Fisherman's Friend world for the first time.",
        "primary_image": "https://www.heinemann-shop.com/medias/527Wx527H-null?context=bWFzdGVyfGltYWdlc3w2MzQxMnxpbWFnZS9qcGVnfGFEUmtMMmhsT1M4NU9EQXdPRGd6TVRReU5qZzJMelV5TjFkNE5USTNTRjl1ZFd4c3w5NzgwOGY2MjIyODZhYTM1MTBiNDIwZDY0MmVhYzAxN2Q5N2Y0ZDI1NGM2YjQ2YzIzNThjOWFlNTExYTRlZGUz&v=1691468141879",
        "images": []
    },
    {
        "product_url": "https://www.heinemann-shop.com/en/global/ritter-sport/ritter-sport-cornflakes-100g/p/000000000000034293/",
        "brand_name": "Ritter Sport",
        "brand_url": "https://www.heinemann-shop.com/en/global/ritter-sport/c/BRAND_0476/",
        "product_name": "Ritter Sport Cornflakes, 100g",
        "quantity": "0.1\u00a0kg",
        "price": "\u20ac3.70",
        "price_per_quantity": "(\u20ac37.00 / 1 kg)",
        "stock_availability": "In stock",
        "description": "Ritter Sport Cornflakes offer round the clock breakfast enjoyment. They are ready to serve us delicious portions of crispy cornflakes, piece by piece, at any time of the day. Great milk, lots of delicious cream, and a 30% cocoa content make the Cornflakes variety a particularly creamy chocolate delight with a full cocoa flavour.",
        "primary_image": "https://www.heinemann-shop.com/medias/527Wx527H-null?context=bWFzdGVyfGltYWdlc3w1MjIzNnxpbWFnZS9qcGVnfGFERmhMMmhsTlM4eE1USTROREF3TnpBeU5qY3hPQzgxTWpkWGVEVXlOMGhmYm5Wc2JBfGQ2Zjc1MWQzM2UwMzA1OWI1ZDM0ZGYzYTNkZDZmMGFjZWFjYTM5NWU1NDAwMTM4MTVhOTQ5ZWI1YTgxN2ViYjI&v=1729287327893",
        "images": []
    },
    {
        "product_url": "https://www.heinemann-shop.com/en/global/lakrids-by-buelow/liquorice-coated-with-sea-salt-dulce-chocolate-and-sugar/p/000000000001689814/",
        "brand_name": "Lakrids by B\u00fclow",
        "brand_url": "https://www.heinemann-shop.com/en/global/lakrids-by-buelow/c/BRAND_7902/",
        "product_name": "Liquorice coated with sea salt, dulce chocolate and sugar",
        "quantity": "0.35\u00a0kg",
        "price": "\u20ac36.90",
        "price_per_quantity": "(\u20ac105.43 / 1 kg)",
        "stock_availability": "In stock, immediately available",
        "description": "Finally it is time to celebrate the return of the light as the sun melts away the last bit of winter snow. Beautiful, blooming anemones sprouts covering the forest in a white dream while birds are signing joyfully from the trees above. This year we have gathered CRISPY CARAMEL, CRUNCHY TOFFEE, A - THE ORIGINAL, B",
        "primary_image": "https://www.heinemann-shop.com/medias/527Wx527H-null?context=bWFzdGVyfGltYWdlc3w3MTUwNHxpbWFnZS9qcGVnfGFHRXlMMmhoTVM4eE1UY3pNRGN4T0RZeU1UY3lOaTgxTWpkWGVEVXlOMGhmYm5Wc2JBfDhmMzA3MmMyM2FhNTY5ODUwYTJlYzM5YzE3ZjdkNTU1MTEwYmY0OWU2Zjc5M2JlOWM0ZmEyMDIwNWNlNzdmOTk&v=1738792746307",
        "images": []
    },
    {
        "product_url": "https://www.heinemann-shop.com/en/global/milka/alpine-milk-chocolate-90g/p/000000000001688845/",
        "brand_name": "Milka",
        "brand_url": "https://www.heinemann-shop.com/en/global/milka/c/BRAND_0831/",
        "product_name": "Alpine milk chocolate 90g",
        "quantity": "0.09\u00a0kg",
        "price": "\u20ac3.30",
        "price_per_quantity": "(\u20ac36.67 / 1 kg)",
        "stock_availability": "In stock, immediately available",
        "description": "Classic 90g tablet of tender Milka Alpine milk chocolate.\u00a0 Enjoy the irresistible taste of the most tender Alpine milk chocolate.",
        "primary_image": "https://www.heinemann-shop.com/medias/527Wx527H-null?context=bWFzdGVyfGltYWdlc3wzNjU2M3xpbWFnZS9qcGVnfGFEYzBMMmc0T0M4eE1UYzVORGsxTXpVMk9ESTROaTgxTWpkWGVEVXlOMGhmYm5Wc2JBfDE0ZDk1NzgzYzA1YWUxYTFiMzQ4OWZiZDZhZWNkODkwN2RlMzg0ZTc2NjA5NDk0YmNlZmI4YWRlMGEzOTYzNzk&v=1740086296112",
        "images": []
    },
    {
        "product_url": "https://www.heinemann-shop.com/en/global/tyrkisk-peber/tyrkisk-peber-hot-sour-400g/p/000000000001122153/",
        "brand_name": "Tyrkisk Peber",
        "brand_url": "https://www.heinemann-shop.com/en/global/tyrkisk-peber/c/BRAND_5471/",
        "product_name": "Tyrkisk Peber Hot & Sour 400g",
        "quantity": "0.4\u00a0kg",
        "price": "\u20ac7.70",
        "price_per_quantity": "(\u20ac19.25 / 1 kg)",
        "stock_availability": "In stock, immediately available",
        "description": "This is a milder variant of Tyrkisk Peber with a sour twist. Unique mix of four flavours: Chili Melon, Strawberry Surprise, Pepper Liquorice and Spicy Citrus.  -Test and find your favourite!",
        "primary_image": "https://www.heinemann-shop.com/medias/527Wx527H-null?context=bWFzdGVyfGltYWdlc3wyNjE5MDN8aW1hZ2UvanBlZ3xhRFUyTDJnMVpDOHhNVGM0TmpNNE1EVTBNVGs0TWk4MU1qZFhlRFV5TjBoZmJuVnNiQXw5ODNjM2RmZDA3ZjQzOGE5NzFmZjA2YzM3MDkxNjVmYTU4OTE4ZGI0ZGVhZjFjM2ZmYTBlM2E3MzIwY2IwYWFk&v=1739914090148",
        "images": []
    },
    {
        "product_url": "https://www.heinemann-shop.com/en/global/cartwright-butler/c-b-strawberry-white-chocolate-biscuits-200g/p/000000000001259557/",
        "brand_name": "Cartwright & Butler",
        "brand_url": "https://www.heinemann-shop.com/en/global/cartwright-butler/c/BRAND_6725/",
        "product_name": "C&B Strawberry & White Chocolate Biscuits 200g",
        "quantity": "0.2\u00a0kg",
        "price": "",
        "price_per_quantity": "(\u20ac89.95 / 1 kg)",
        "stock_availability": "",
        "description": "Finish your afternoon tea time in indulgent style with these luxuriously handmade strawberry and white chocolate chunk biscuits. Presented in a beautiful, reusable gift tin with a kilner style lid.",
        "primary_image": "https://www.heinemann-shop.com/medias/527Wx527H-null?context=bWFzdGVyfGltYWdlc3w1NTAwNXxpbWFnZS9qcGVnfGFERTNMMmhsWXk4NU56WXpNVGN6T1Rrd05ETXdMelV5TjFkNE5USTNTRjl1ZFd4c3xjNGIzODNiZGVlMjhiMjk5MDUwZTg5YTRmYjgyMmFjYzdkMDU4ZGFmYjc2ZjY1MDc3ZGNmODhhZDNmNTUwMzkx&v=1683782719939",
        "images": []
    },
    {
        "product_url": "https://www.heinemann-shop.com/en/global/van-slooten/van-slooten-liquorice-figures-360g/p/000000000000546315/",
        "brand_name": "Van Slooten",
        "brand_url": "https://www.heinemann-shop.com/en/global/van-slooten/c/BRAND_1852/",
        "product_name": "Van Slooten liquorice figures 360g",
        "quantity": "0.36\u00a0kg",
        "price": "\u20ac6.50",
        "price_per_quantity": "(\u20ac18.06 / 1 kg)",
        "stock_availability": "In stock, immediately available",
        "description": "Van Slooten is a premium quality brand of sweets and liquorice from Holland. Qualitative and absurdly delicous, Van Slooten sweets and liquorice are irresistible. Our juicy fruitgum and liquorice help you get through the day with a smile on your face!",
        "primary_image": "https://www.heinemann-shop.com/medias/546315-527Wx527H?context=bWFzdGVyfGltYWdlc3w2Nzk4M3xpbWFnZS9qcGVnfGFEbGlMMmhpWkM4NU5qZ3pPRFF6TURVMU5qUTJMelUwTmpNeE5WODFNamRYZURVeU4wZ3wyMjA4N2FjNTEwZTc4Yjg3MmQzNjE4MjI4OGEwYmU1M2YwOTMxYWFhMTQzMTY2NzhjMDM5ZTVkMWJjNWJkNTlh&v=1653079963920",
        "images": []
    },
    {
        "product_url": "https://www.heinemann-shop.com/en/global/kalfany/kalfany-assorted-fruit-candies-150g/p/000000000000048809/",
        "brand_name": "Kalfany",
        "brand_url": "https://www.heinemann-shop.com/en/global/kalfany/c/BRAND_1249/",
        "product_name": "Kalfany Assorted Fruit Candies, 150g",
        "quantity": "0.15\u00a0kg",
        "price": "\u20ac2.50",
        "price_per_quantity": "(\u20ac16.67 / 1 kg)",
        "stock_availability": "In stock, immediately available",
        "description": "With concentrated fruit juice. No artificial colorants. German Candy Tradition. Made in Germany.",
        "primary_image": "https://www.heinemann-shop.com/medias/527Wx527H-null?context=bWFzdGVyfGltYWdlc3w1MjM2NXxpbWFnZS9qcGVnfGFHSTRMMmcyTnk4eE1EVXlOVEkxTmpjeE1qSXlNaTgxTWpkWGVEVXlOMGhmYm5Wc2JBfDI0NTRiNzg0YTNkNDA1ZGYyNmU4MjExZmUzZmE5NjFhYjA0NjViYTY1MmM4ODFmNjVmNDRlMjk4NGY1MzBjOGU&v=1712181064906",
        "images": []
    },
    {
        "product_url": "https://www.heinemann-shop.com/en/global/cote-d-or/cote-d-or-chocolate-minis-480g/p/000000000000541491/",
        "brand_name": "C\u00f4te d'Or",
        "brand_url": "https://www.heinemann-shop.com/en/global/cote-d-or/c/BRAND_1343/",
        "product_name": "C\u00f4te d'Or Chocolate Minis 480g",
        "quantity": "0.48\u00a0kg",
        "price": "\u20ac25.90",
        "price_per_quantity": "(\u20ac53.96 / 1 kg)",
        "stock_availability": "In stock, immediately available",
        "description": "Thin and refined flavours, individually wrapped milk chocolate miniature tablets, 10g each, packed in an exclusive gift pack. A perfect gift for chocolate lovers!",
        "primary_image": "https://www.heinemann-shop.com/medias/527Wx527H-null?context=bWFzdGVyfGltYWdlc3w0NzA4MnxpbWFnZS9qcGVnfGFEVTVMMmhrWmk4NU9EQXdOekUxTlRBeE5UazRMelV5TjFkNE5USTNTRjl1ZFd4c3xjYWMzZDllNWJkYTM2ZWEzYzE1ODhkYmM3NTQwMjQwODc2ZjQ3ZTBlY2E5OGJjMzIyZThiNzYzM2YxNzIyOTM5&v=1691446845962",
        "images": []
    },
    {
        "product_url": "https://www.heinemann-shop.com/en/global/ritter-sport/ritter-sport-praline-100g/p/000000000000020330/",
        "brand_name": "Ritter Sport",
        "brand_url": "https://www.heinemann-shop.com/en/global/ritter-sport/c/BRAND_0476/",
        "product_name": "Ritter Sport Praline, 100g",
        "quantity": "0.1\u00a0kg",
        "price": "\u20ac3.70",
        "price_per_quantity": "(\u20ac37.00 / 1 kg)",
        "stock_availability": "In stock",
        "description": "Ritter Sport Praline seduces you with its exquisite blend of 58% milk chocolate and 42% fine praline packed full of hazelnuts. Only fully ripened, handpicked and selected hazelnuts are roasted golden brown, finely ground, and used to perfect the praline. All this can only result in creating a hazelnut praline that is unforgettable to the palate.",
        "primary_image": "https://www.heinemann-shop.com/medias/527Wx527H-null?context=bWFzdGVyfGltYWdlc3w1MTY5MnxpbWFnZS9qcGVnfGFEYzRMMmd4WWk4eE1USTROREF3TkRJME1UUXpPQzgxTWpkWGVEVXlOMGhmYm5Wc2JBfGU4NjE1Y2I5YTlhOTgyNjM1MDUzMTVkNmMxMDg1OTc0N2Q4NDE1NjYwYzMxNTQ2NTdjMzk1Yzk2OTBjMTRjMGM&v=1729287004194",
        "images": []
    },
    {
        "product_url": "https://www.heinemann-shop.com/en/global/ritter-sport/ritter-sport-strawberry-yogurt-100g/p/000000000000247451/",
        "brand_name": "Ritter Sport",
        "brand_url": "https://www.heinemann-shop.com/en/global/ritter-sport/c/BRAND_0476/",
        "product_name": "Ritter Sport Strawberry Yogurt, 100g",
        "quantity": "0.1\u00a0kg",
        "price": "\u20ac3.70",
        "price_per_quantity": "(\u20ac37.00 / 1 kg)",
        "stock_availability": "In stock",
        "description": "Strawberry Yogurt adds fresh fruitiness to the Ritter Sport chocolate range. By picking one of its 16 pieces, you will reap some of the finest milk chocolate with a deliciously soft filling of 42% strawberry yogurt cream combined with crunchy rice crisps. Not only is it scrumptious, it is also good for you. Most of all, you will spoil yourself with the freeze-dried sweet strawberry pieces from top quality fruit. Every piece heralds the beginning of a new strawberry season.",
        "primary_image": "https://www.heinemann-shop.com/medias/527Wx527H-null?context=bWFzdGVyfGltYWdlc3w1NTUyMnxpbWFnZS9qcGVnfGFEZG1MMmcxTWk4eE1USTROREF5T1RrNU56QTROaTgxTWpkWGVEVXlOMGhmYm5Wc2JBfDlmYzE1NGRmNmU5NzkxNTdjMmVjNjhkOTBmNzg1YTM3N2JlOGE4ZmJhNTdhYmUxMTAwN2JlOWQ1YjY3N2UzMWU&v=1729290122786",
        "images": []
    },
    {
        "product_url": "https://www.heinemann-shop.com/en/global/anthon-berg/anthon-berg-strawberry-in-sparkling-wine-440g/p/000000000001187273/",
        "brand_name": "Anthon Berg",
        "brand_url": "https://www.heinemann-shop.com/en/global/anthon-berg/c/BRAND_0604/",
        "product_name": "Anthon Berg strawberry in sparkling wine 440g",
        "quantity": "0.44\u00a0kg",
        "price": "\u20ac15.90",
        "price_per_quantity": "(\u20ac36.14 / 1 kg)",
        "stock_availability": "Low stock",
        "description": "Anthon Berg Chocolate with marzipan and filling with Strawberry in sparkling wine.",
        "primary_image": "https://www.heinemann-shop.com/medias/527Wx527H-null?context=bWFzdGVyfGltYWdlc3w0NDg2N3xpbWFnZS9qcGVnfGFHUTBMMmc1TXk4eE1EVXlPRGN4TXpZd05URTFNQzgxTWpkWGVEVXlOMGhmYm5Wc2JBfGUwMGJhNjQ1ZTk0M2YzN2JjYzE1NjViOGEyZTkwNTZhMmJkNTQ5ZjUyMzhiZWU5YWFiZjhjYzhjYzM2NmY5YzE&v=1712263554709",
        "images": []
    }
]